5008 6329
404 933 531 994 25

374 4902 501 4973 2⁸

653 308 773 374 158

656 479 866 545 Unxit
906 488 967 545 te
997 481 1208 560 Deus,
1249 480 1437 544 Deus
1477 483 1665 549 tuuS,
1717 470 1865 537 oleo
1910 471 2190 549 laeticiae,

653 593 780 652 etc.

749 930 782 965 «
824 905 919 970 Et
972 922 1092 990 eqo
1129 902 1360 988 sactus
1395 922 1575 966 sum.
1624 923 1657 964 a
1718 898 1846 964 Hic
1885 897 1968 963 de
2013 895 2192 983 inju-

657 1013 756 1079 ria
795 1012 862 1076 in
900 1007 1136 1093 verbo,
1169 1019 1534 1101 postquam
1575 1015 1801 1076 actum
1832 1014 1931 1074 est
1960 1005 2042 1072 de
2085 1005 2195 1070 in-

641 1118 822 1206 juria
852 1117 922 1184 in
950 1116 1147 1186 facto.

734 1220 850 1287 Ait
877 1222 1057 1289 enim
1097 1243 1112 1288 ε
1150 1219 1264 1288 Sic
1293 1219 1629 1310 persecuti
1668 1223 1990 1295 suntme,
2025 1221 2092 1283 et
2120 1214 2190 1282 in

647 1337 851 1406 me,et
891 1330 958 1396 in
989 1329 1158 1397 meis
1202 1350 1217 1394 ε
1258 1356 1290 1389 «
1331 1336 1419 1407 et,
1458 1354 1491 1390 »
1545 1327 1752 1392 etiam
1786 1353 1818 1386 «
1874 1347 1996 1414 eqo
2070 1325 2193 1412 la-

643 1449 788 1506 ctus
822 1462 978 1507 sum
1016 1436 1462 1529 opprobrium
1505 1435 1722 1512 illis‚»
1758 1434 1842 1502 ab
1874 1435 1970 1502 eis
2002 1431 2189 1500 mul-

642 1556 709 1616 ta
748 1546 1082 1637 vituperia
1122 1544 1542 1613 sustinendo.
1586 1544 1640 1610 T
1643 1542 1835 1612 hren.
1891 1566 1990 1619 111,
2041 1541 2121 1608 14
2165 1562 2180 1607 :

637 1659 890 1725 Factus
934 1678 1089 1723 snm
1160 1656 1231 1722 in
1286 1654 1589 1721 derisum
1645 1654 1836 1720 omni
1886 1651 2181 1744 populo,

636 1766 975 1833 canticum
1021 1786 1255 1832 eorum
1305 1772 1448 1830 tota
1496 1761 1630 1830 die.
1672 1760 1759 1828 Et
1806 1761 1875 1827 in
1914 1760 2180 1837 eodem,

636 1883 698 1950 ,tu
734 1875 818 1960 3⁰
861 1896 877 1941 :
913 1872 1367 1942 Saturobilur
1420 1869 1833 1963 opprobriis,
1877 1869 2184 1938 Christus

635 1983 817 2051 enim
856 2004 995 2049 non
1023 1979 1424 2062 ambitione,
1458 1987 1525 2047 et
1553 1999 1806 2069 pompa
1837 2000 1958 2068 per
1985 1999 2185 2045 mun-

634 2090 794 2157 dum
855 2088 1229 2167 incedebat,
1288 2087 1405 2156 sed
1461 2088 1528 2154 in
1587 2086 2043 2176 simplicitate,
2114 2092 2183 2154 et

633 2207 907 2288 propter
972 2196 1099 2265 hoc
1164 2194 1591 2263 irridebatur.
1663 2192 1821 2271 Job,
1885 2215 2001 2270 xn,
2056 2193 2096 2258 4
2156 2214 2173 2260 ε

633 2303 998 2372 Deridelur
1025 2302 1215 2393 justi
1248 2301 1690 2393 simplicitas.
1737 2299 1820 2366 Et
1866 2298 1998 2366 illis
2056 2297 2181 2366 de-

631 2411 993 2480 risionibus
1076 2419 1342 2478 nostras
1417 2406 1692 2477 sustulit
1772 2407 2172 2486 derisiones,

632 2519 763 2587 illis
794 2515 1381 2586 maledictionibus
1439 2523 1708 2583 nostras
1749 2513 2178 2583 maledictio-

628 2650 771 2696 nes.
807 2626 911 2694 Ad
940 2625 1159 2694 Galat.
1196 2648 1292 2705 ιιι,
1343 2626 1420 2692 13
1464 2645 1480 2690 ε
1528 2622 1842 2693 Christus
1871 2646 1993 2690 nos
2030 2623 2179 2690 red·

628 2738 790 2803 emi!
834 2735 918 2802 de
946 2732 1309 2801 maledicto
1343 2732 1539 2820 leqiS,
1590 2734 1823 2821 lactus
1887 2755 2018 2822 pro
2058 2754 2175 2799 no·

632 2841 732 2910 bis
760 2840 1228 2910 maledictum.

721 3087 757 3125 α
824 3058 1147 3126 Viderunt
1192 3079 1319 3124 mo.
1373 3080 1408 3120 a
1452 3053 1582 3122 llic
1617 3051 2056 3143 subjungitur
2091 3050 2173 3119 de

635 3173 878 3261 injuria
912 3170 980 3237 in
1009 3168 1233 3257 signo.

721 3278 927 3360 Quasi
959 3276 1209 3344 diceret
1250 3294 1267 3343 ε
1299 3273 1411 3341 Sic
1443 3272 1635 3341 lactis
1657 3270 1953 3359 injuriati
1984 3278 2170 3347 sunt,

635 3397 699 3458 et
726 3386 950 3456 verbis
987 3384 1340 3453 irriserunt
1373 3402 1390 3448 ε
1425 3389 1492 3449 et
1521 3380 1729 3448 etiam
1770 3407 1803 3440 «
1857 3378 2174 3446 viderunt

634 3521 739 3565 me
769 3523 802 3558 ι
846 3498 912 3564 ἰιι
942 3515 1138 3563 cruce
1163 3489 1602 3583 pendentem,
1639 3516 1673 3551 α
1721 3497 1785 3554 et
1821 3495 2176 3555 moverunt

634 3606 861 3696 capito
912 3625 1067 3683 sno,
1105 3625 1137 3665 ι
1200 3596 1545 3668 irridendo
1602 3618 1713 3664 me
1772 3592 1888 3662 tali
1944 3595 2169 3685 signo.

630 3713 761 3783 lsa.
793 3735 928 3788 un,
979 3715 1019 3778 2
1064 3732 1079 3777 ε
1156 3709 1464 3776 Vidimus
1517 3728 1701 3787 enm,
1735 3714 1799 3772 et
1835 3727 1970 3772 non
2028 3711 2176 3771 erat

629 3818 985 3912 adspectus
1023 3838 1048 3883 .·
1086 3814 1278 3906 quasi
1313 3811 1482 3881 nihil
1513 3820 1657 3880 erat
1687 3810 1769 3878 ad
1801 3810 2176 3901 adspicien-

627 3927 815 3995 dum.
866 3926 1232 3994 Deuteron.
1290 3942 1522 3996 xxviii.
1583 3919 1672 3985 66
1732 3940 1747 3984 :
1809 3920 1970 3986 Erit
2030 3917 2174 3984 vito

627 4045 750 4103 tuo
777 4033 982 4125 quasi
1009 4030 1336 4124 pendens,
1373 4027 1441 4098 id
1473 4034 1601 4105 est,
1644 4049 1802 4096 vere
1842 4023 2168 4117 pendens,

623 4149 782 4210 onte
807 4151 894 4210 te.
944 4136 1284 4206 Videbunt
1333 4157 1522 4223 erge,
1566 4141 1635 4201 et
1681 4142 1882 4223 caput
1926 4154 2170 4199 move-

625 4249 809 4318 bant.
844 4244 1082 4316 Matth.
1118 4266 1331 4321 xxvii,
1361 4247 1448 4311 32·
1476 4264 1492 4310 :
1519 4244 2012 4311 Praetereuntes
2039 4260 2170 4307 ou·

623 4365 752 4423 tem
785 4349 1355 4452 blasphemabant
1379 4371 1537 4417 eum
1569 4355 1907 4415 moventes
1938 4345 2171 4436 capito

619 4484 774 4530 suo.
812 4459 1019 4529 Eccli.
1060 4480 1181 4538 xn,
1232 4457 1310 4525 19
1354 4479 1371 4524 ε
1426 4457 1659 4548 Capu!
1692 4476 1900 4523 suum
1951 4474 2170 4520 move·

622 4567 747 4648 bu,
787 4577 853 4637 et
871 4564 1167 4660 plaude!
1195 4561 1540 4632 monibus.

716 4912 751 4952 ι
799 4885 1084 4976 Adfui-o
1121 4907 1252 4968 me,
1294 4886 1610 4954 Domine.
1658 4909 1693 4949 ιι
1749 4882 1876 4952 llic
1921 4904 2169 4951 secun-

624 4995 813 5080 dum,
857 4995 925 5063 in
962 5016 1100 5086 quo
1156 5001 1521 5085 postquam
1569 4994 1763 5084 petiit
1819 4989 2088 5061 liberari
2126 5011 2167 5058 a

623 5099 831 5182 malo,
863 5100 1026 5193 petit
1056 5099 1448 5193 promoveri
1477 5100 1547 5169 iu
1577 5097 1788 5168 bono.
1817 5098 1972 5167 Duo
2001 5120 2191 5189 ergo.

621 5209 940 5280 dicuntur
965 5209 1036 5278 iu
1075 5207 1203 5277 hac
1250 5216 1464 5300 parte.
1515 5206 1775 5285 Primo,
1817 5206 1984 5297 petit
2011 5205 2168 5296 glo-

619 5322 871 5390 riosam
965 5322 1554 5388 resurrectionem.
1647 5314 1992 5395 Secundo.
2087 5322 2166 5384 ut

619 5427 837 5520 magis
887 5435 1188 5512 moveat,
1246 5425 1544 5494 ostendit
1597 5421 1876 5492 ess'ectus
1921 5444 2167 5493 conse-

691 5660 711 5698 ¹
744 5659 899 5719 Psal.
930 5673 1089 5727 ιιιιι,
1122 5658 1176 5713 ³.

1636 302 1719 367 D.
1767 299 1963 366 ΑΕΒ.
2007 296 2227 368 MAG.
2271 297 2479 366 ORD.
2526 299 2825 371 PRAED.

2306 480 2592 561 quentes
2620 473 2708 541 ad
2746 472 2960 553 illam,
2996 472 3114 553 ibi,
3148 482 3210 550 >³2
3255 477 3338 542 27
3377 498 3391 542 :
3444 501 3477 541 α
3518 480 3614 545 Et
3640 480 3859 546 sciant

2302 583 2472 671 quio
2501 605 2776 651 manus.
2817 609 2849 650 a

2393 687 2472 753 In
2531 691 2753 777 prima
2810 693 2960 757 tria.
3000 692 3256 767 Primo,
3303 693 3468 782 petit
3526 692 3856 759 auxilium

2301 794 2515 861 homo
2569 796 2877 865 Christus
2919 822 2958 866 a
3017 800 3160 869 Deo
3222 801 3445 870 Patre.
3513 800 3853 884 Secund0,

2299 902 2655 994 subjungit
2684 906 2753 973 in
2788 929 2922 995 quo
2953 907 3118 975 velit
3139 909 3473 998 adjuvari,
3503 908 3622 991 ibi,
3644 936 3677 971 u
3704 910 3859 978 Sol-

2300 1030 2463 1076 vum
2503 1032 2611 1077 me
2635 1011 2777 1100 sac.
2818 1036 2851 1077 a
2893 1012 3144 1095 Tertio,
3189 1038 3310 1104 per
3353 1015 3542 1105 quid,
3586 1037 3706 1104 per
3734 1017 3868 1096 mi-,

2297 1114 2769 1197 sericordiam,
2857 1141 2996 1187 non
3090 1142 3210 1209 per
3282 1122 3647 1208 justitiam,
3732 1121 3849 1199 ibi,

2308 1248 2339 1286 ιι
2370 1222 2767 1292 Secundum
2805 1227 3374 1296 misericordiam.
3424 1253 3457 1288 ι)

2384 1327 2504 1395 Ait
2532 1332 2715 1398 enim
2752 1354 2767 1398 :
2817 1331 2929 1401 Sic
2959 1334 3173 1401 factus
3203 1357 3356 1402 sum
3412 1334 3547 1401 illis
3595 1357 3853 1426 oppro-

2295 1436 2522 1504 brium
2556 1439 2625 1505 in
2656 1439 2895 1519 verbo.
2938 1440 3179 1509 illusus
3211 1444 3279 1508 in
3333 1444 3510 1511 facto
3556 1464 3572 1510 ε
3638 1443 3754 1511 sed
3808 1466 3849 1511 o

2298 1569 2334 1607 ιι
2367 1546 2666 1622 Domine
2710 1550 2899 1615 Deus
2928 1571 3144 1627 meuS,
3182 1574 3214 1613 a
3271 1573 3465 1641 rogO,
3518 1580 3552 1612 α
3583 1550 3849 1639 adjuvo

2294 1672 2424 1721 me.
2475 1676 2508 1716 ι
2546 1651 2624 1720 In
2684 1656 2875 1745 quo?
2939 1684 2972 1719 «
3035 1657 3333 1725 Salvum
3389 1679 3499 1723 me
3548 1660 3668 1747 sac
3725 1683 3759 1719 ιο
3810 1679 3850 1724 a

2292 1768 2542 1841 morte,
2586 1762 2727 1829 imo
2758 1785 2798 1830 a
2838 1764 3277 1843 mortalitate,
3323 1773 3390 1832 et
3429 1788 3539 1832 me
3600 1765 3667 1832 in
3712 1788 3851 1832 me-

2290 1865 2463 1954 ipso,
2508 1877 2575 1936 et
2605 1892 2715 1937 me
2748 1871 2816 1937 in
2849 1871 3174 1939 membris
3215 1873 3410 1942 meis,
3433 1872 3519 1941 Et
3549 1871 3679 1941 hoc
3707 1895 3846 1941 non

2290 1973 2462 2041 meis
2503 1977 2791 2061 meritis,
2833 1978 2952 2046 sed
2995 2006 3025 2042 α
3050 1979 3427 2047 secundum
3457 1982 3846 2049 misericor-

2287 2078 2482 2148 diam
2526 2092 2746 2150 tuam.
2791 2110 2820 2148 a
2859 2083 2920 2150 11
2966 2084 3190 2156 Paral.
3226 2087 3295 2152 in
3348 2087 3662 2155 oratione
3693 2086 3843 2154 Ma-

2289 2208 2534 2267 nassae,
2566 2190 2693 2257 sub
2740 2190 2947 2260 finem
2999 2215 3015 2260 ε
3067 2194 3394 2262 Solvabis
3449 2218 3557 2262 me
3605 2195 3842 2284 indiq-

2282 2318 2451 2365 num
2474 2300 2851 2368 secundum
2912 2325 3241 2393 moqnam
3299 2303 3841 2372 misericordiam

2284 2412 2503 2472 tuom.
2550 2405 2687 2476 Pro
2726 2430 2851 2476 sua
2879 2408 3098 2478 salute
3144 2410 3388 2489 oravit,
3436 2433 3618 2488 cum,
3675 2410 3834 2478 Luc.

2282 2532 2476 2590 xxm,
2522 2514 2634 2592 46.
2677 2513 2847 2582 dixit
2909 2539 2925 2583 ε
2978 2519 3211 2596 Pater,
3257 2518 3328 2585 in
3384 2540 3636 2585 manus
3680 2529 3838 2586 tems

2280 2620 2678 2689 commendo
2732 2624 3059 2713 spiritum
3135 2647 3389 2694 meum.
3461 2623 3596 2692 Pro
3666 2626 3831 2703 suis,

2279 2724 2481 2797 Joan.
2528 2751 2696 2811 xvn,
2738 2731 2807 2797 ll
2851 2752 2866 2797 :
2917 2734 3153 2810 Pater,
3195 2754 3391 2799 serva
3430 2755 3541 2799 eos
3595 2732 3664 2799 in
3711 2755 3836 2799 no·

2281 2834 2466 2901 mine
2522 2844 2668 2915 tuo,
2731 2845 2808 2903 ut
2856 2836 2999 2903 sint
3045 2859 3287 2916 unum,
3354 2838 3531 2904 sicut
3595 2847 3661 2905 et
3714 2860 3835 2904 nos

2284 2965 2501 3012 unum
2536 2966 2803 3014 sumus.
2862 2945 2971 3013 Ad
3007 2946 3136 3015 Tit.
3204 2970 3304 3025 ιιι,
3367 2949 3408 3015 5
3470 2968 3487 3017 :
3548 2948 3701 3016 Non
3751 2970 3838 3016 ecc

2281 3048 2603 3141 operibus
2627 3050 2956 3140 justitior,
2997 3074 3152 3143 quae
3185 3054 3479 3143 lecimus
3533 3076 3681 3137 no.5‚
3718 3052 3842 3121 sed

2277 3158 2655 3226 secundum
2728 3181 2930 3229 suam
3004 3160 3547 3231 misericordiam
3610 3160 3838 3229 salvos

2279 3287 2404 3332 nos
2429 3266 2623 3356 lecit.

2375 3614 2410 3654 ι
2451 3591 2551 3658 Εἰ
2583 3591 2807 3658 sciant
2850 3590 3017 3681 quio
3056 3612 3329 3658 monus.
3362 3618 3396 3654 ο
3452 3589 3581 3660 llic
3618 3593 3833 3684 tangit

2281 3696 2563 3765 etl'ectus
2591 3706 3087 3789 consequentes
3115 3697 3200 3767 ad
3238 3696 3717 3769 salvationem.
3750 3699 3836 3769 Et

2279 3807 2534 3898 primo,
2567 3817 3066 3900 consequentes
3095 3809 3164 3877 in
3195 3808 3519 3879 omnibus
3548 3819 3687 3879 tam
3718 3810 3838 3880 bo·

2282 3916 2389 3985 nis
2437 3938 2644 4008 quam
2695 3915 2894 3986 malis
2948 3917 3434 3987 indifferenter.
3489 3916 3835 4001 Secundo,

2282 4035 2783 4117 consequentes
2827 4027 2897 4095 iu
2946 4027 3145 4096 malis
3192 4027 3602 4120 specialiter,
3650 4036 3717 4096 et
3766 4031 3834 4097 in

2280 4130 2510 4212 bonis,
2543 4133 2665 4214 ibi,
2692 4142 2756 4210 ὴ.
2792 4134 2920 4201 28:
2958 4164 2990 4197 κ
3025 4133 3444 4204 Maledicent
3474 4134 3613 4203 illi.
3650 4162 3684 4199 a

2371 4238 2452 4307 ln
2516 4240 2742 4331 prima
2803 4240 2941 4309 duo
3030 4240 3409 4310 secundum
3491 4240 3831 4333 duplicem

2277 4343 2747 4414 conditionem
2806 4347 2879 4414 in
2919 4347 3243 4416 omnibus
3297 4357 3829 4439 consequentem

2281 4450 2772 4522 indifferenter.
2810 4452 3071 4532 Primo,
3140 4453 3326 4546 quod
3372 4454 3594 4524 sciant
3638 4453 3836 4524 ctu-i·

2278 4569 2461 4629 stum
2485 4559 2612 4629 Dei
2643 4559 2918 4629 Filium.
2958 4560 3498 4654 Secundo,quod
3529 4563 3838 4632 iucarna-

2275 4677 2454 4753 tum,
2486 4668 2610 4749 ibi,
2643 4698 2677 4733 α
2708 4670 2804 4738 Et
2832 4681 2934 4748 tu,
2966 4670 3285 4749 Domine,
3324 4672 3559 4761 jecisti
3582 4693 3758 4739 eom.
3796 4697 3831 4735 ι

2362 4776 2485 4845 Ait
2531 4776 2716 4845 enirn
2771 4799 2789 4844 :
2837 4776 2951 4847 Sic
2987 4777 3263 4868 adjuva,
3315 4789 3382 4848 et
3420 4778 3661 4848 salva:
3707 4805 3742 4845 ι
3771 4789 3837 4847 et

2275 4884 2503 4953 scion!
2572 4912 2607 4948 ι»
2663 4907 2788 4976 per
2840 4884 2998 4966 hoc,
3070 4912 3105 4952 ι
3172 4887 3342 4978 quio
3406 4910 3657 4956 neonus
3711 4897 3835 4956 tuo

2274 4992 2440 5078 hec,
2486 5017 2523 5060 ι
2560 4990 2827 5085 supple,
2868 5003 2993 5079 est,
3037 5016 3189 5087 quae
3232 4995 3304 5063 in
3341 4993 3558 5063 oculis
3593 5018 3832 5065 eorum

2276 5107 2404 5178 est,
2446 5123 2575 5169 nec
2613 5101 2832 5191 ipsam
2870 5110 3321 5194 cognoscunt,
3361 5101 3430 5169 id
3469 5111 3572 5170 est
3617 5103 3836 5171 sciant

2278 5228 2390 5275 me
2439 5230 2588 5275 esse
2659 5228 2941 5275 nianum
2997 5216 3213 5287 tuam,
3274 5207 3490 5287 illam,
3558 5208 3643 5277 de
3697 5232 3833 5302 qua

2277 5313 2609 5404 scriptum
2642 5322 2747 5383 est
2779 5315 3087 5383 :Manus
3113 5324 3237 5381 mo
3288 5315 3534 5382 Gentes
3577 5315 3836 5408 dispen-

2278 5418 2485 5504 didit,
2520 5429 2587 5489 et
2614 5420 2965 5514 plantasti
2998 5443 3109 5489 eos
3139 5421 3185 5491 '.
3228 5419 3312 5489 Et
3360 5443 3566 5513 quam
3615 5424 3834 5515 petie-

3964 3609 4086 3675 27
