5008 6329
823 4621 978 4670 aflet·

823 4678 1000 4735 W

1926 352 2638 425 COMMENTARIUS
2690 356 2784 424 IN
2834 356 3266 427 PSALMUM
3319 358 3462 427 Cll.
4215 354 4285 423 2'1

1172 518 1346 586 Dicit
1404 541 1567 610 ergo
1613 543 1628 590 ε
1686 546 1717 586 α
1770 525 2092 604 Benedic,
2153 530 2390 596 anima
2452 551 2628 606 mea,

1074 626 1392 693 Domino.
1458 655 1492 688 υ
1561 627 1730 695 Tob.
1794 652 1942 714 xm,
2008 636 2129 702 19:
2164 637 2419 705 Anima
2449 658 2626 713 mea,

1074 730 1348 799 benedic
1382 737 1793 817 Dominum,
1837 743 2194 831 quoniam,
2230 752 2355 810 etc.

1161 865 1196 899 α
1228 842 1326 906 Et
1376 844 1635 912 omnia.
1687 871 1718 907 n
1762 845 1934 915 Ecce
1981 849 2381 916 secundum.
2419 846 2628 926 Quasi

1068 943 1320 1012 diceret
1366 970 1381 1015 ε
1440 947 1577 1036 Sic,
1632 953 1889 1029 anima.
1932 954 2215 1022 benedic
2260 976 2344 1021 ex
2380 955 2623 1045 teipsa,

1069 1075 1102 1115 α
1145 1062 1209 1118 et
1237 1056 1476 1121 omnia
1503 1081 1655 1149 quae
1686 1062 1872 1129 intra
1901 1085 2009 1128 me
2042 1072 2228 1140 sunt,
2262 1087 2296 1128 s
2350 1064 2625 1131 motivae

1062 1160 1240 1227 vires
1272 1169 1340 1230 et
1369 1165 1911 1255 apprehensivae,
1948 1169 2212 1259 supple,
2244 1169 2622 1240 benedicite

1063 1293 1097 1334 e
1130 1274 1400 1341 nomini
1442 1288 1679 1343 sancto
1728 1277 1907 1367 ejus,
1949 1304 1979 1340 n
2040 1278 2409 1360 laudandO,
2460 1305 2626 1373 gra·

1056 1376 1185 1444 tias
1239 1381 1622 1466 referendO,
1684 1385 1909 1474 ipsum
1959 1386 2352 1456 medullitus
2409 1411 2623 1480 appe-

1058 1487 1287 1557 tendo.
1325 1488 1576 1558 Omnia
1608 1493 1792 1559 enirn
1851 1515 2002 1585 quae
2059 1496 2235 1563 intra
2278 1505 2461 1581 sunt,
2496 1496 2622 1565 be-

1053 1597 1690 1689 nedicunt,quando
1721 1624 1862 1671 non
1894 1615 2351 1695 repugnantes
2391 1607 2458 1673 in
2487 1628 2620 1675 vo-

1052 1699 1314 1769 luntate
1364 1704 1588 1793 ipsum
1671 1705 2057 1775 desiderant
2123 1718 2189 1776 et
2257 1719 2614 1800 appetunt.

1050 1811 1183 1879 Isa.
1227 1836 1416 1893 xxvi,
1461 1816 1547 1885 9:
1587 1817 1847 1886 Anima
1894 1842 2048 1887 mea
2096 1820 2509 1891 desideravit
2555 1832 2619 1891 te

1052 1921 1124 1988 in
1160 1932 1377 2002 nocte,
1412 1923 1537 1991 sed
1562 1936 1627 1993 et
1652 1927 1908 2017 spiritu
1939 1950 2085 1996 meo
2114 1930 2186 1996 in
2214 1932 2616 2020 praecordiis

1051 2029 1218 2096 meis
1247 2030 1333 2097 de
1368 2054 1574 2100 mane
1609 2033 1922 2123 viyilabo
1977 2036 2075 2104 ad
2117 2046 2202 2106 te.
2256 2039 2287 2107 1
2343 2040 2429 2108 ad
2490 2039 2619 2109 Co-

1052 2135 1260 2204 rinth.
1285 2160 1429 2222 xiv,
1471 2141 1551 2208 15
1588 2166 1604 2206 t
1640 2142 1965 2211 Psallam
1995 2146 2272 2237 spiritu,
2298 2148 2613 2240 psallam

1049 2255 1111 2311 et
1198 2255 1442 2312 mente.
1515 2246 1601 2315 Et
1665 2258 1769 2317 est
1831 2251 2239 2321 sacrificium
2317 2257 2611 2324 multum

1048 2353 1322 2446 placens
1361 2356 1539 2441 Deo,
1574 2356 1818 2427 intima
1858 2360 2082 2431 cordis
2119 2364 2363 2434 oratio.
2390 2363 2614 2457 Chry-

1046 2472 1395 2534 sostomus
1439 2489 1456 2535 :
1513 2491 1547 2532 α
1594 2468 1830 2537 Oratio
1870 2478 1973 2539 est
2010 2473 2359 2564 spirituale
2390 2474 2614 2544 tribu-

1055 2600 1087 2634 «
1122 2581 1266 2640 tum
1290 2575 1568 2644 animae.
1595 2605 1626 2637 ι

1145 2814 1176 2844 «
1222 2786 1538 2865 Benedie,
1573 2790 1813 2856 anima
1833 2814 2009 2874 mea,
2050 2795 2373 2862 Domino.
2413 2821 2447 2862 s
2483 2794 2609 2865 Hic

1049 2892 1457 2971 secundum,
1536 2894 1791 2971 scilicet
1846 2898 2267 2970 invitationis
2314 2901 2399 2970 ad
2455 2926 2608 2973 ma-

1036 2999 1263 3088 jorem
1295 3002 1811 3091 expressionem
1852 3004 2240 3075 inculcatio.

1138 3133 1172 3175 «
1205 3110 1301 3178 Et
1339 3109 1495 3178 noli
1531 3110 1868 3181 oblivisci.
1913 3142 1945 3175 a·
2012 3113 2372 3185 Praemissa
2420 3116 2607 3188 invi-

1042 3216 1301 3284 tatione
1329 3216 1418 3285 ad
1475 3217 2044 3303 benedicendum,
2089 3220 2201 3290 hic
2239 3224 2482 3292 invitat
2517 3223 2603 3292 sd

1040 3327 1478 3397 recolendum
1519 3330 1874 3414 beneficia,
1906 3333 2087 3401 unde
2107 3335 2322 3428 surgit
2343 3335 2516 3419 laus,
2536 3344 2605 3407 et

1041 3432 1457 3504 benedictio.
1491 3434 1769 3505 Deuter.
1800 3461 1896 3519 vt,
1935 3440 2015 3508 13
2043 3461 2060 3510 ε
2107 3441 2284 3510 Cave
2310 3442 2605 3535 diliqen·

1039 3550 1141 3609 ter
1158 3566 1244 3608 m·
1263 3541 1695 3612 obliviscaris
1722 3547 2009 3614 Domini
2014 3549 2162 3639 ‚qui
2177 3549 2421 3617 eduxit
2439 3559 2503 3618 le
2520 3549 2606 3618 de

1043 3659 1225 3717 terra
1260 3652 1588 3743 :qupti
1635 3652 1788 3721 Duo
1812 3665 2043 3724 autem
2072 3664 2256 3732 sunt.
2307 3679 2460 3749 quae
2511 3657 2606 3726 l'a·

1042 3757 1223 3824 ciunt
1286 3755 1599 3827 oblivisci
1653 3757 2143 3831 beneficiorum
2182 3763 2333 3834 Dei.
2395 3763 2604 3833 Mun-

1041 3864 1216 3933 dana
1301 3868 1740 3958 prosperitas.
1840 3868 2376 3941 Succedentibus
2440 3896 2600 3964 pro·

1040 3974 1255 4066 speris
1267 3976 1596 4066 pincerna
1609 3975 1865 4045 oblitus
1884 3987 1983 4046 est
2006 3980 2393 4074 interpretis
2419 3983 2525 4050 sui
2547 3994 2595 4044 ¹.

1038 4081 1319 4151 Deuter.
1373 4105 1519 4161 vm,
1560 4084 1631 4151 Η
1679 4091 1744 4152 et
1783 4107 1927 4177 seq.
1960 4108 1976 4153 :
2022 4087 2285 4157 Cave...
2310 4112 2396 4157 ne
2416 4099 2602 4180 pos!-

1037 4212 1250 4282 quam
1279 4190 1651 4259 comederis
1674 4201 1741 4258 et
1762 4194 2064 4261 satiatus
2085 4196 2419 4286 fueris....
2462 4219 2599 4265 non

1039 4300 1503 4369 reminiscaris
1528 4302 1820 4370 Domini
1848 4304 1984 4373 Dei
2022 4306 2151 4373 tui.
2214 4302 2549 4399 Superbia
2572 4357 2595 4389 ,

1038 4405 1240 4486 Osee,
1279 4430 1428 4486 xm,
1463 4410 1507 4476 6
1533 4430 1552 4479 t
1577 4411 1677 4478 Et
1706 4410 2102 4481 levaverunt
2129 4437 2245 4482 cor
2267 4437 2499 4496 ntum,
2532 4426 2599 4485 e!

1039 4514 1245 4584 obliti
1266 4528 1435 4586 stmt
1464 4519 1621 4586 mei.

1131 4622 1375 4691 Nullus
1426 4623 1703 4695 deberet
1749 4625 2084 4709 oblivisci,
2136 4632 2299 4721 quia
2345 4654 2596 4723 magna

823 4731 997 4779 ’¹⁸⁰⁴‘-
1037 4729 1369 4800 beneficia
1407 4754 1548 4801 non
1605 4735 1740 4803 cito
1807 4734 2142 4806 oblivioni
2187 4738 2589 4810 traduntur:

1038 4847 1105 4909 et
1132 4838 1466 4909 beneficia
1496 4842 1937 4913 recreationis
1973 4866 2225 4938 magua
2267 4856 2451 4919 sunt.
2513 4847 2593 4920 ln

1039 4945 1223 5015 l‘sal.
1255 4970 1364 5024 cx,
1408 4949 1493 5017 2:
1525 4950 1795 5040 Maqna
1851 4972 2061 5043 opera
2104 4955 2414 5037 Domini,
2468 4979 2595 5026 es:b

1034 5055 1322 5146 quisita,
1383 5063 1512 5124 etc.
1571 5055 1771 5136 Item,
1827 5058 1989 5149 quia
2034 5080 2216 5128 nova
2252 5069 2320 5130 et
2350 5062 2595 5133 incon-

1034 5173 1272 5234 sueta:
1305 5172 1371 5232 et
1413 5162 1575 5233 talia
1629 5174 1791 5235 sunt
1849 5167 1971 5236 Dei
2029 5189 2261 5261 opera.
2328 5169 2587 5242 Jerem.

1032 5293 1226 5348 xxxi,
1259 5271 1386 5339 22:
1411 5273 1759 5341 Dominus
1803 5275 2061 5345 creavit
2094 5298 2348 5345 novum
2380 5301 2592 5372 super

1034 5388 1278 5447 teram.
1322 5376 1524 5457 ltem,
1554 5379 1715 5470 quia
1742 5380 1972 5474 aliqua
2001 5386 2198 5477 signa
2230 5387 2300 5455 in
2332 5409 2592 5456 memo·

1031 5487 1201 5555 riam
1272 5486 1506 5556 relicta
1532 5495 1736 5557 sunt:
1776 5497 1847 5559 et
1882 5490 2221 5564 Dominus
2258 5518 2588 5589 magnum

1102 5716 1121 5753 ¹
1153 5714 1241 5773 Gt.
1268 5715 1484 5774 Genes.
1515 5732 1612 5790 xx..
1638 5718 1730 5776 22.

2737 531 3009 619 signum
3050 530 3318 620 reliquit
3343 538 3591 598 nostrae
3624 529 4083 604 recreationiS‚
4113 527 4299 595 Alta-

2736 622 2829 702 ri's
2858 647 3383 706 sacramentum.
3420 637 3600 704 Psal.
3628 660 3735 720 cx,
3771 638 3852 704 4:
3886 636 4290 703 Memoriam

2732 744 2899 833 jecit
2934 743 3371 811 mirabilium
3430 767 3718 812 suorum
3793 744 4175 810 misericors
4230 752 4294 808 et

2734 852 3094 919 miserator
3119 856 3492 931 Dominus,
3538 876 3756 920 escam
3808 852 3999 918 dedit
4054 852 4289 916 timen-

2735 959 2916 1028 tibus
2939 984 3032 1028 se.
3077 959 3273 1027 Multi
3326 969 3555 1028 tamen
3609 960 4108 1027 obliviscuntur
4167 956 4291 1024 be-

2733 1069 2954 1137 neficii
3041 1069 3380 1159 passionis
3449 1066 3726 1146 Christi,
3796 1074 4037 1135 contra
4122 1063 4289 1132 illud

2730 1176 2935 1245 Eccli.
2989 1200 3177 1258 xxxx,
3238 1180 3322 1245 20
3381 1198 3396 1245 :
3468 1177 3786 1245 Gratiam
3855 1172 4290 1263 fidejussoris

2727 1307 2812 1351 ne
2868 1284 3296 1351 obliviscaris
3334 1307 3356 1351 .·
3405 1284 3595 1350 dedit
3645 1284 3826 1350 enim
3856 1305 3991 1373 pro
4040 1290 4102 1347 te
4130 1282 4289 1349 ani-

2726 1415 2911 1460 mam
2941 1415 3166 1461 suam.
3213 1393 3533 1460 Beneficii
3567 1391 3987 1460 liberationis
4034 1412 4072 1457 a
4102 1390 4309 1480 pote?

2725 1507 2898 1567 state
2947 1498 3307 1568 diabolica.
3362 1499 3582 1569 Eccle.
3641 1522 3734 1577 lx,
3800 1498 4287 1565 15:11wentus

2726 1616 2824 1674 est
2852 1608 2924 1673 in
2953 1630 3060 1685 ea,
3094 1607 3346 1674 scilicet
3390 1606 3687 1683 civitate,
3749 1606 3858 1672 vir
3896 1599 4168 1695 pauper
4221 1614 4286 1671 et

2720 1715 3019 1806 sapiens,
3060 1722 3125 1781 et
3182 1712 3502 1781 liberavit
3549 1711 3786 1780 urbem
3836 1734 3964 1803 per
4004 1711 4284 1802 sapien-

2722 1825 2894 1890 tiam
2920 1844 3147 1899 suam,
3182 1832 3244 1889 et
3271 1821 3521 1889 nullus
3549 1820 3861 1910 deinceps
3890 1818 4283 1887 recordatus

2720 1940 2819 1998 est
2853 1929 3152 1997 hominis
3191 1929 3392 1996 illius
3427 1928 3790 2019 pauperie.
3847 1923 4278 2005 Quotidianae

2721 2045 2789 2107 et
2834 2037 3121 2106 assiduae
3174 2035 3671 2104 subventionis.
3726 2032 3859 2103 Isa.
3910 2055 4077 2113 xvu,
4143 2033 4269 2101 10:

2724 2147 2961 2218 Oblita
3037 2170 3104 2214 es
3149 2148 3281 2216 Dei
3334 2143 3707 2212 salvatoris
3762 2143 3890 2220 tui,
3955 2149 4019 2207 et
4066 2143 4275 2231 sortis

2719 2256 3074 2347 adjutoris
3101 2256 3209 2322 tui
3235 2276 3371 2321 non
3410 2276 3478 2320 es
3505 2250 3889 2319 recordata.

2810 2610 2844 2651 e
2892 2583 3030 2668 Qui
3046 2583 3499 2675 propitiatur.
3547 2605 3581 2646 s
3635 2577 3764 2647 llic
3809 2585 3911 2647 est
3974 2574 4271 2645 secunda

2715 2716 2875 2788 pars
2928 2691 3164 2782 primae
3217 2690 3429 2780 partis
3477 2687 3683 2755 totius
3739 2684 4021 2752 Psalmi.
4083 2682 4272 2751 Prae-

2714 2803 2925 2872 missa
2953 2799 3135 2867 enim
3166 2794 3641 2863 exhortatione
3683 2791 3765 2861 de
3807 2791 4269 2860 benedicendo

2712 2907 2890 2994 Deo,
2920 2913 2986 2974 et
3016 2905 3100 2974 de
3147 2902 3510 2973 recolendo
3550 2902 3699 2992 ejus
3743 2898 4104 2984 beneficia,
4156 2897 4269 2968 hic

2713 3014 3008 3085 ostendit
3045 3035 3199 3106 quoe
3243 3019 3402 3080 sunt
3450 3009 3563 3078 illa
3619 3007 3976 3087 beneficia,
4037 3014 4114 3075 ut
4173 3007 4269 3076 sic

2710 3124 2953 3219 probet
2998 3123 3183 3215 juste
3241 3118 3806 3196 benedicendum,
3840 3124 3908 3187 et
3935 3122 4269 3186 monstret

2712 3232 2875 3327 quid
2904 3233 3161 3324 jugiter
3188 3227 3653 3298 recolendum.

2795 3339 3044 3432 Tangit
3079 3360 3245 3429 ergo
3276 3337 3498 3428 primo
3536 3332 3868 3403 beneficia
3896 3331 4027 3401 sibi
4070 3330 4271 3401 exhi·

2709 3447 2855 3517 bita
2882 3445 3287 3538 specialiter,
3320 3444 3451 3513 hoc
3479 3450 3606 3516 est.
3640 3442 3767 3533 ipsi
3801 3439 4047 3508 animae
4100 3461 4265 3509 suoe.

2713 3555 3057 3632 Secundo,
3091 3552 3420 3623 beneficia
3452 3552 3518 3620 in
3548 3550 3728 3631 aliis,
3769 3556 3836 3618 et
3882 3571 4040 3617 cum
4088 3546 4265 3630 aliis,

2709 3663 2828 3740 ibi.
2862 3672 2929 3742 5.
2967 3666 3050 3730 6:
3089 3691 3122 3722 κ
3157 3661 3444 3731 Faciem
3472 3655 4001 3725 misericordias.
4044 3684 4081 3718 ιο

2801 3769 2880 3840 ln
2909 3772 3128 3863 prima
3168 3769 3470 3860 quinque
3527 3763 3904 3833 secundum
3961 3763 4265 3856 quinque

2709 3880 3067 3961 beneficia,
3100 3904 3251 3973 quae
3292 3879 3532 3970 tangit.
3566 3877 3880 3945 Primum
3911 3883 4012 3945 est
4049 3875 4267 3967 culpae

2710 3991 3050 4062 remissio.
3084 3988 3479 4059 Secundum
3519 3994 3619 4054 est
3650 3983 4069 4054 infirmitatis
4095 4005 4267 4053 con-

2708 4107 2942 4169 tractae
2981 4121 3067 4167 ex
3094 4097 3294 4188 eulpa
3349 4093 3642 4173 sanatio,
3693 4090 3814 4173 ibi,
3860 4116 3896 4159 ι
3959 4092 4100 4178 Qui
4141 4114 4267 4161 sa-

2707 4214 2857 4275 nat.
2893 4229 2928 4271 s
2990 4202 3323 4281 Tertium,
3383 4201 3763 4293 redemptio
3808 4222 3849 4269 a
3897 4220 4100 4293 poena
4157 4199 4268 4267 in-

2708 4314 2887 4385 ssieta
2917 4335 3044 4406 pro
3072 4310 3392 4405 originali
3429 4309 3655 4402 eulpa,
3688 4308 3811 4390 ibi,
3843 4316 3909 4387 5.
3944 4311 4029 4378 4:
4064 4336 4098 4369 α
4128 4307 4268 4395 Qui

2709 4421 3011 4491 redimit.
3050 4446 3085 4488 s
3113 4417 3478 4500 Quartum,
3514 4416 3789 4509 largitio
3824 4438 4099 4485 coronae
4139 4437 4263 4507 pro

2709 4529 3195 4622 redemptionis
3275 4525 3582 4604 victoria,
3664 4522 3787 4609 ibi,
3875 4524 3946 4593 in
4033 4521 4262 4591 medio

2705 4647 2771 4719 ἁ.
2797 4641 2838 4707 4
2864 4661 2881 4708 :
2908 4664 2943 4705 ι
2979 4638 3119 4725 Qui
3145 4643 3448 4705 coronat.
3486 4658 3521 4700 s
3553 4631 3889 4713 Quintum
3915 4638 4020 4700 est
4037 4631 4265 4700 omnis

2706 4745 3065 4818 desiderati
3096 4743 3393 4835 adeptio,
3425 4749 3492 4809 et
3520 4739 3748 4809 omnis
3785 4739 4112 4807 contrarii
4150 4760 4264 4807 re-

2705 4857 2947 4935 motio,
2982 4862 3054 4921 ut
3121 4851 3320 4943 plena
3360 4850 3448 4918 sit
3493 4847 3948 4917 beneficentia
3992 4854 4059 4916 et
4104 4869 4267 4940 per-

2705 4965 2906 5044 fecta,
2948 4959 3068 5038 ibi,
3108 4966 3174 5038 5.
3209 4962 3291 5028 5:
3339 4984 3373 5025 α
3420 4959 3557 5044 Qui
3585 4954 3826 5050 replet.
3866 4984 3900 5019 n

2796 5068 2977 5138 Dicit
3003 5088 3169 5158 ergo
3212 5088 3228 5134 z
3275 5064 3390 5134 Sic
3445 5063 3758 5147 benedic,
3809 5070 3876 5132 et
3931 5060 4263 5132 beneficia

2704 5172 2955 5259 recole,
3013 5181 3081 5241 et
3136 5170 3369 5251 debes,
3421 5195 3455 5236 α
3507 5170 3656 5263 qui,
3718 5196 3752 5232 »ι
3806 5166 3876 5236 id
3931 5176 4060 5250 est,
4101 5166 4263 5258 quia

2705 5279 2847 5365 ille,
2883 5305 2918 5346 ι
2954 5278 3410 5372 propitiatur,
3449 5304 3481 5338 ιο
3513 5297 3656 5344 non
3687 5281 3957 5342 tantum
4003 5272 4264 5365 aliqui-

2700 5388 2856 5469 bus,
2900 5386 3019 5458 scd
3062 5412 3096 5453 «
3130 5384 3448 5456 onmibus
3485 5382 3977 5476 iniquitatibus
4021 5382 4186 5464 tais,
4222 5409 4254 5445 »ι

2706 5496 2943 5591 culpas
2970 5495 3406 5566 remittendo.
3465 5491 3735 5563 Daniel.
3786 5514 3881 5572 rx,
3924 5493 3966 5562 9
4009 5513 4026 5560 ε
4081 5490 4258 5579 Tibi,
