5008 6329
592 315 667 379 16
1574 314 1652 380 D.
1708 312 1902 378 ALB.
1957 311 2174 378 MAG.

577 513 648 557 se
676 510 825 557 cum
868 488 1154 557 Christo.
1194 488 1386 554 Hanc
1452 483 1753 561 nolebat,
1817 482 1929 571 qui
1982 478 2128 570 plo-

580 619 735 665 rans
767 619 981 664 annos
1020 604 1121 663 ter
1151 595 1397 685 quinos
1429 588 1813 679 impetravit
1844 586 1887 654 ¹.

666 705 819 785 Vel,
851 714 1073 797 potest
1110 726 1255 770 esse
1284 723 1417 768 vox
1453 697 1766 766 Ecclesiae
1787 695 2125 787 loquentis

578 812 844 882 Christo
887 813 1112 903 capiti,
1148 808 1333 899 quod
1370 805 1670 874 Ecclesia
1722 804 2017 873 existens
2054 805 2125 871 in

578 922 709 990 fide
751 919 1092 1010 respondit
1128 938 1143 984 ε
1190 943 1222 977 «
1266 915 1530 982 Nuntia
1561 913 1734 979 milei
1799 913 2125 1003 paucita-

581 1040 710 1097 tem
777 1027 1041 1095 dc'erum
1123 1044 1453 1089 meorum.
1520 1046 1552 1085 n
1623 1020 1874 1088 Dicunt
1940 1020 2123 1087 enim

580 1136 900 1215 haeretici‚
923 1134 963 1201 J
968 1132 1169 1208 udaei,
1202 1139 1266 1197 et
1287 1129 1560 1220 pagani,
1585 1127 1696 1196 hio
1718 1136 1869 1196 actu
1902 1127 2125 1193 linitu-

578 1242 874 1320 ram,sed
904 1250 1002 1321 tu,
1040 1239 1273 1305 nuntia
1304 1238 1465 1328 quid
1493 1259 1735 1305 verum
1775 1237 1859 1302 sit
1886 1256 1900 1300 :
1937 1232 2121 1323 quod

575 1351 753 1428 facit,
809 1346 1049 1416 Matth.
1111 1370 1297 1425 xxiv,
1334 1347 1459 1414 20:
1521 1347 1694 1412 Ecce
1721 1366 1842 1433 eqo
1909 1338 2122 1407 vobis-

575 1480 730 1527 cum
756 1479 910 1525 sum
939 1453 1252 1522 omnibus
1309 1452 1547 1521 diebus
1606 1472 1819 1539 usque
1845 1447 1942 1513 ad
1970 1470 2121 1513 con-

574 1564 1097 1632 summationem
1123 1559 1384 1627 saeculi.

666 1915 700 1950 α
759 1889 861 1956 Ne
926 1907 1184 1951 revoces
1247 1904 1375 1948 me.
1416 1907 1447 1941 »
1496 1878 1667 1946 Ecce
1714 1876 2112 1944 secundum.

576 1995 784 2076 Quasi
811 1993 1101 2060 diceret:
1141 1988 1562 2055 Paucitatem
1627 1983 1891 2051 dierum
1924 2005 2120 2049 meo-

570 2126 720 2172 rum
761 2100 1021 2174 nuntia‚
1058 2108 1120 2164 et
1180 2124 1213 2158 α
1246 2119 1330 2162 ne
1358 2115 1617 2162 revoces
1673 2116 1804 2172 me,
1837 2120 1869 2152 ι»
1922 2099 2117 2182 post-

566 2232 768 2303 quam
867 2207 1149 2273 linivero
1220 2203 1460 2279 vitam,
1563 2226 1598 2267 ι
1671 2201 1739 2266 in
1825 2198 2116 2265 dimidio

563 2319 831 2386 dierum
896 2335 1227 2392 meorum,
1300 2336 1333 2376 ι
1413 2308 1499 2377 ad
1562 2307 1885 2393 litteram,
1945 2309 2117 2375 sicut

563 2424 917 2496 Ezechiam
951 2444 1208 2513 regem,
1251 2420 1366 2512 qui
1415 2417 1588 2485 bene
1652 2416 1873 2484 voluit
1928 2437 2120 2483 revo-

562 2535 696 2604 cari
728 2532 813 2601 ad
849 2531 1086 2608 vitam,
1121 2537 1188 2597 et
1215 2525 1605 2620 quindecim
1658 2524 1822 2593 anni
1868 2530 2026 2591 sunt
2055 2521 2116 2590 ei

563 2642 837 2712 addim.
925 2638 1054 2707 Vel
1128 2637 1225 2704 sic
1299 2633 1677 2704 secundum
1761 2631 2111 2700 Glossam:

566 2780 600 2815 α
639 2750 811 2819 l‘etii
865 2749 1021 2816 vitae
1059 2746 1431 2815 terminum
1473 2741 1774 2810 nuntiari
1820 2737 2016 2818 mihi,
2051 2747 2118 2807 et

566 2888 599 2926 ι
636 2868 891 2937 tamen,
941 2882 975 2917 α
1017 2877 1101 2922 ne
1139 2875 1400 2921 revoces
1454 2874 1564 2920 me
1604 2852 1675 2917 in
1713 2848 1940 2917 medio
1966 2848 2118 2914 die-

578 2995 611 3035 «
643 2991 797 3037 rum
819 2985 1149 3041 meorum,
1183 2991 1216 3024 »
1248 2960 1317 3029 id
1343 2967 1470 3041 est,
1497 2965 1714 3027 totam
1736 2958 1948 3026 vitam
1971 2979 2117 3046 per-

563 3103 595 3141 «
632 3076 822 3172 mitte
861 3094 1152 3148 currere,
1222 3093 1307 3137 ne
1366 3068 1481 3135 liat
1512 3063 1679 3134 mihi
1738 3064 1913 3133 sicut
1957 3085 2117 3155 pes-

562 3214 594 3247 «
637 3183 849 3260 simis,
880 3181 961 3249 de
1000 3178 1249 3272 quibus
1280 3177 1349 3245 in
1381 3174 1564 3244 l'sal.
1607 3195 1743 3254 mv,
1785 3173 1912 3241 24:
1965 3169 2119 3238 vin·

560 3321 592 3355 α
634 3289 1051 3380 sanquinnm
1083 3295 1146 3352 ct
1174 3283 1401 3352 dolosi
1451 3305 1588 3349 non
1645 3277 2116 3349 dimidiabunt

560 3426 589 3457 «ι
628 3397 770 3465 dies
795 3416 979 3463 suos,
1023 3418 1058 3457 ι
1102 3389 1263 3469 Job,
1334 3411 1451 3467 xv,
1487 3390 1570 3456 32
1633 3407 1651 3456 ε
1729 3388 2111 3476 Antequam

556 3505 699 3572 dics
726 3503 880 3594 ejus
908 3499 1356 3592 impleantur,
1372 3493 1793 3589 peribifflsa.
1823 3513 2108 3574 xxxviii,

564 3614 643 3680 lss
677 3633 694 3680 ε
729 3612 881 3702 qu
919 3607 1074 3675 dixe·
1102 3629 1126 3673 .-
1165 3606 1246 3674 In
1276 3601 1571 3671 dimidio
1623 3600 1891 3669 dierum
1921 3619 2110 3666 meo-

555 3740 742 3803 rum,
774 3725 905 3787 etc.

647 3959 683 4000 ι
750 3934 833 4002 In
881 3928 1411 4023 qenerationem.
1493 3949 1527 3990 ι
1587 3922 1759 3993 Ecce
1802 3923 2105 3992 tertium.

556 4041 768 4123 Quasi
804 4038 1093 4107 diceret:
1157 4032 1275 4102 Sic
1303 4055 1444 4103 nou
1503 4053 1613 4103 me
1643 4052 1945 4111 revoces,
1988 4027 2107 4098 sed

558 4153 719 4223 anni
749 4152 874 4230 tui,
908 4147 1079 4217 mihi
1108 4170 1149 4217 a
1180 4155 1243 4216 te
1283 4144 1451 4222 dati.
1502 4145 1640 4213 sint
1704 4167 1739 4211 ε
1780 4144 1852 4211 in
1912 4165 2110 4234 qene-

558 4261 891 4330 rationem
947 4266 1012 4324 et
1036 4254 1567 4347 φατεναίίοηεηι,
1595 4278 1629 4314 ιο
1650 4249 1825 4318 sicut
1843 4250 2102 4319 aeterni.

563 4367 683 4437 vel
723 4368 820 4435 sic
848 4363 1156 4433 dicatur:
1220 4388 1253 4428 ι
1281 4361 1470 4432 Armi
1523 4359 1657 4440 tui,
1695 4386 1728 4420 n
1779 4355 1868 4425 ad
1923 4355 2110 4426 litte-

558 4499 729 4552 ram,
772 4480 931 4543 sunt
964 4499 996 4533 α
1044 4471 1114 4539 in
1174 4467 1683 4562 ymen-ationem
1727 4472 1794 4533 et
1829 4485 2110 4556 qenero-

559 4590 809 4659 tionem
872 4614 906 4652 ι
965 4584 1035 4655 id
1089 4590 1218 4663 est,
1285 4578 1543 4650 aeterni.
1604 4575 1684 4645 ln
1747 4574 1882 4646 hoc
1923 4574 2106 4669 quod

559 4699 706 4788 ejus
733 4715 952 4763 annos
1016 4685 1476 4764 commendat,
1535 4682 1707 4753 tales
1760 4703 1924 4751 suos
1960 4678 2104 4750 tieri

558 4800 880 4896 postulat.
915 4796 1096 4867 Psal.
1150 4819 1239 4878 ci,
1269 4796 1401 4868 28:
1432 4792 1619 4864 Anni
1654 4791 1761 4859 tm'
1813 4813 1949 4860 non
1985 4788 2110 4859 de-

554 4912 808 5001 sicient.
838 4905 1001 4993 Job,
1058 4927 1295 4986 xxxvi,
1347 4904 1475 4972 26:
1510 4902 1854 4971 Numerus
1890 4922 2106 4968 anno·

558 5041 714 5089 rum
750 5016 906 5109 ejus
945 5011 1471 5086 inestimabilis.

653 5367 685 5402 α
714 5337 927 5408 Ιηίιὶο
955 5343 1057 5418 tu,
1088 5332 1406 5404 Domine.
1441 5354 1476 5396 ι
1522 5330 1652 5400 llic
1704 5327 2103 5413 secundum,

558 5447 792 5538 inquo
822 5443 1258 5535 subjungitur
1319 5438 1697 5532 persuasio,
1762 5435 1948 5530 quod
1996 5436 2106 5505 de·

628 5676 649 5717 ⁸
680 5671 769 5733 Cf.
796 5674 912 5731 isa.
941 5686 1178 5740 xxxviii,
1207 5672 1240 5729 2
1270 5674 1330 5728 et
1355 5686 1483 5744 seq.

2232 311 2436 378 ORD.
2488 310 2786 375 PRAED.

2234 479 2389 545 beat
2418 476 2760 544 transferri
2791 477 2878 543 ad
2917 476 3560 557 immutabilitatem,
3605 488 3670 548 et
3710 481 3779 547 in

2235 586 2756 682 ipsammutari,
2809 608 2931 676 per
2985 585 3115 651 hoc
3163 585 3346 674 quod
3403 585 3587 651 Deus
3646 587 3781 654 alia

2234 698 2458 765 minus
2516 697 2774 766 nobilia
2830 695 3280 763 immutabilia
3345 694 3567 776 saciet,
3637 695 3782 786 ipse

2232 831 2517 877 manens
2609 805 3049 875 immutabilis
3097 829 3111 872 ε
3209 805 3386 872 unde
3463 805 3781 871 dicuntur

2231 915 2809 1005 du0.Primo,agit
2838 915 2918 982 de
2942 913 3174 981 mundi
3199 914 3675 980 immutatione
3708 913 3778 979 in

2230 1021 2515 1088 formam
2548 1020 3065 1087 immutabilem.
3097 1020 3438 1097 Secundo,
3472 1042 3559 1088 ne
3586 1019 3773 1087 Deus

2229 1131 2690 1190 transmutans
2744 1122 3127 1190 crederetur
3184 1123 3552 1201 mutabiliS,
3609 1124 3777 1191 sub-

2226 1231 2448 1321 jungit
2476 1230 2602 1297 Dei
2662 1229 3301 1307 immutabilitatem,
3350 1227 3465 1306 ibi,
3527 1237 3591 1308 ᾗ,
3636 1231 3719 1297 28
3758 1253 3771 1298 :

2241 1340 2390 1405 «Tu
2422 1347 2653 1405 autem
2683 1337 2860 1405 idem
2902 1339 3042 1428 ipse
3068 1361 3156 1405 es,
3198 1362 3228 1401 n

2317 1445 2393 1510 ln
2422 1446 2643 1535 prima
2696 1446 2849 1512 tria.
2901 1444 3158 1526 Primo,
3220 1446 3412 1536 quasi
3480 1445 3776 1536 incipere

2223 1551 2461 1619 volens
2500 1551 2727 1631 altiuS,
2761 1552 2978 1643 tangit
2999 1552 3078 1619 de
3099 1553 3463 1620 creatione.
3513 1551 3768 1620 Secun-

2225 1661 2336 1740 do,
2377 1660 2460 1728 de
2491 1668 2870 1728 creatorum
2945 1662 3379 1751 corruptione
3439 1671 3773 1751 quantum

2223 1769 2308 1836 ad
2345 1768 2622 1850 sormaS,
2658 1791 2827 1858 quas
2857 1760 3036 1836 nunc
3063 1766 3336 1843 liabent,
3374 1767 3492 1846 ibi,
3524 1777 3588 1844 5.
3634 1770 3718 1835 27
3755 1791 3773 1837 ε

2227 1907 2260 1942 «
2293 1881 2430 1971 Ipsi
2441 1879 2785 1970 peribunt.
2822 1906 2855 1946 ι
2889 1880 3138 1963 Terti0,
3182 1878 3264 1947 (le
3303 1888 3777 1970 corruptorum

2224 1989 2697 2055 immutatione
2727 1996 3055 2078 quantum
3088 1986 3167 2054 ad
3204 1987 3491 2054 sormam
3525 1987 3776 2054 melio-

2225 2121 2391 2176 rem,
2436 2098 2554 2177 ibi,
2592 2123 2626 2162 ι
2650 2101 2746 2166 Et
2780 2101 2957 2166 sicu!
2984 2100 3424 2190 opertorium.
3472 2124 3505 2162 ι

2311 2209 2388 2275 In
2415 2208 2637 2300 prima
2667 2209 2824 2277 duo.
2864 2208 3119 2287 Primo,
3182 2210 3394 2301 tangit
3431 2210 3512 2276 de
3574 2218 3771 2278 terrae

2221 2316 2584 2384 creatione.
2675 2313 3013 2393 Secunde,
3130 2316 3304 2391 cmii,
3372 2316 3489 2393 ibi,
3580 2341 3613 2381 ι
3679 2318 3773 2383 Et

2222 2447 2450 2516 opera.
2491 2451 2525 2489 ι

2312 2532 2487 2600 Dicit
2527 2555 2689 2623 ergo
2724 2553 2740 2598 ε
2786 2531 2925 2615 Sic,
2963 2530 3275 2607 Domine,
3320 2539 3503 2622 peto,
3538 2539 3603 2599 et
3635 2530 3766 2600 hoc

2221 2648 2440 2731 poteo,
2483 2650 2551 2709 et
2579 2639 2807 2722 debes,
2866 2641 3027 2732 quia
3065 2663 3105 2705 o
3139 2666 3171 2703 α
3236 2651 3335 2717 m.
3378 2642 3692 2717 Domine,
3736 2665 3769 2705 ι

2223 2771 2359 2816 non
2390 2748 2606 2816 alius:
2644 2774 2677 2812 α
2704 2746 3047 2837 fundasti.
3085 2772 3118 2812 ι
3154 2745 3502 2814 fundatam
3545 2755 3608 2814 et
3641 2755 3776 2814 sta-

2221 2855 2425 2923 bilem
2464 2855 2731 2934 creasti,
2796 2882 2831 2919 «
2864 2865 3144 2935 terram,
3200 2885 3228 2910 ο
3299 2854 3384 2921 ad
3442 2854 3763 2934 litteram,

2223 2993 2256 3031 ι
2292 2977 2355 3033 e!
2391 2990 2601 3059 opera
2629 2988 2960 3034 morsuum
3001 2975 3307 3041 tum-um,
3356 2994 3389 3027 a·
3451 2975 3586 3034 tuae
3635 2968 3775 3034 sci-

2222 3076 2374 3144 licet
2402 3075 2751 3167 potentiae,
2794 3098 2825 3138 ι
2856 3085 3016 3142 sum
3043 3074 3219 3141 coele‘.
3259 3099 3290 3135 ι
3342 3072 3591 3142 Verum
3641 3083 3767 3153 est,

2220 3185 2464 3252 (ieneS.
2499 3208 2546 3266 i,
2600 3184 2668 3251 l:
2712 3183 2794 3251 In
2845 3182 3186 3274 principio
3251 3183 3504 3248 creavit
3579 3184 3768 3250 Deus

2218 3291 2459 3357 cmlum
2491 3301 2556 3357 c!
2585 3299 2861 3358 terram.
2910 3288 3035 3356 isa.
3074 3311 3301 3360 xcviii.
3353 3290 3430 3356 13
3466 3311 3482 3355 ε
3519 3291 3774 3357 Manus

2219 3423 2368 3467 inea
2412 3396 2742 3489 suntdavit
2806 3405 3084 3475 terram,
3152 3407 3218 3462 e!
3282 3397 3564 3464 defle-ra
3622 3418 3774 3465 mea

2218 3530 2448 3576 merua
2513 3514 2612 3575 est
2665 3505 2888 3574 coelos.
2960 3505 3066 3590 Et,
3139 3528 3223 3576 ιι.
3286 3508 3362 3572 13
3398 3529 3414 3573 :
3464 3507 3772 3575 Telendi!

2215 3616 2440 3695 coelos,
2483 3626 2548 3683 et
2575 3613 2906 3705 fundavi!
2960 3624 3237 3682 terram.
3277 3613 3428 3698 vel,
3468 3615 3522 3683 si
3568 3615 3770 3683 estin

2215 3732 2427 3805 textu,
2473 3749 2509 3790 ι
2551 3723 2777 3802 initio,
2813 3750 2848 3784 υ
2890 3730 3047 3790 tunc
3079 3720 3469 3813 legendum:
3507 3750 3544 3787 ι
3572 3725 3772 3791 Fun-

2215 3833 2401 3902 dasta'
2426 3842 2678 3902 terram
2736 3830 2960 3910 initio,
2993 3856 3028 3893 ιι
3053 3828 3270 3909 idest,
3296 3852 3417 3921 per
3463 3829 3762 3910 initium,

2212 3941 2466 4011 scilicet
2504 3937 2779 4008 Filium.
2852 3936 3158 4031 Sapient.
3226 3960 3374 4020 vni,
3406 3940 3491 4007 27
3532 3948 3598 4007 et
3631 3939 3761 4008 30:

2217 4044 2510 4132 Quando
2548 4042 2994 4138 preparabat
3074 4045 3301 4120 eoelos,
3390 4044 3761 4114 aderam...

2214 4151 2387 4222 Cum
2443 4173 2520 4218 eo
2573 4172 2761 4218 eram
2844 4158 3087 4217 cuncta
3176 4172 3600 4241 componens.
3679 4147 3765 4216 Et

2212 4257 2453 4326 Glossa
2510 4255 2642 4327 hoc
2703 4255 2909 4327 modo
2992 4256 3267 4348 exponit
3354 4255 3561 4324 verba
3620 4256 3765 4325 Ge-

2211 4388 2356 4434 nea.
2400 4387 2446 4443 ι.
2487 4366 2515 4432 ¹
2548 4385 2566 4434 ι
2614 4365 2695 4432 In
2737 4363 3080 4456 principio
3106 4364 3360 4432 creavit
3414 4365 3602 4432 Deus
3630 4387 3766 4432 coe-

2214 4473 2362 4542 lum
2391 4483 2457 4542 et
2494 4483 2773 4543 terram.

2303 4820 2336 4860 ι
2376 4793 2525 4886 Ipsi
2553 4790 2902 4886 pet-Ibunt.
2959 4818 2990 4851 u
3033 4789 3159 4858 Hic
3212 4788 3611 4870 secundum,
3690 4792 3759 4858 iu

2211 4924 2351 4995 quo
2379 4899 2675 4969 ostendit
2733 4898 3240 4989 corruptionem
3308 4904 3693 4967 creatorum
3733 4920 3759 4966 .·

2210 5016 2278 5076 et
2317 5007 2636 5076 dicuntur
2677 5005 2838 5073 duo.
2887 5002 3145 5083 Primo,
3197 5003 3568 5095 corruptio.
3628 5003 3764 5072 Se-

2209 5115 2461 5195 cundo,
2493 5114 2739 5185 modus
2778 5115 2847 5184 in
2877 5111 3405 5206 corrumpendo,
3442 5109 3563 5190 ibi,
3598 5137 3634 5178 ι
3667 5115 3762 5182 Et

2212 5249 2442 5298 omnes
2464 5227 2671 5296 sicut.
2718 5251 2753 5289 υ

2300 5333 2378 5403 ln
2408 5333 2630 5426 prima
2656 5331 2821 5402 duo.
2853 5331 3115 5411 Primo,
3150 5331 3454 5422 ipsorum
3482 5353 3765 5425 corrup·

2210 5444 2330 5511 tio.
2394 5440 2737 5520 Secundo,
2795 5460 2883 5508 ne
2981 5437 3150 5508 torte
3224 5436 3523 5510 crederet
3605 5439 3759 5532 quis

2277 5675 2302 5713 ¹
2330 5673 2579 5735 Ibidem.

3889 4801 4016 4868 21
