5008 6329
836 2425 963 2496 84

1878 307 2584 378 COMMENTARIUS
2633 306 2726 373 IN
2772 306 3207 376 PSALMUM
3259 308 3568 379 CXVIII.

1090 498 1206 576 ‚¹¹¹⁹
1252 477 1381 542 28:
1426 476 1877 547 Arbitrantur
1900 479 2290 569 justificari
2318 480 2657 546 hominem

1101 604 1229 673 per
1253 582 1466 671 fidem
1494 586 1641 652 sine
1675 586 1995 676 operibus
2064 586 2256 675 leqis.
2300 584 2518 660 Et,·v,
2559 584 2588 648 1
2640 605 2654 649 :

1102 695 1489 783 Justificati
1535 720 1620 764 ea·
1645 697 1812 786 fide,
1857 719 2098 788 pacem
2145 693 2517 761 babeamus
2567 692 2663 759 ad

1107 803 1332 868 Deum
1392 825 1519 893 per
1583 805 1964 871 Dominum
2042 810 2351 867 nostrum
2422 800 2656 867 Jesum

1107 908 1483 995 Christum,
1525 911 1668 978 sive
1698 932 1821 999 per
1877 908 2306 975 dilectionem
2359 928 2653 998 operan-

1101 1026 1242 1089 tem
1282 1043 1573 1111 semper.

1193 1153 1228 1190 α
1281 1130 1376 1194 Et
1431 1126 1818 1217 exquiram.
1854 1152 1882 1188 n
1934 1124 2105 1194 Eece
2134 1123 2223 1192 ad
2280 1123 2440 1214 quid
2491 1121 2651 1189 volo

1095 1233 1261 1323 poni
1303 1254 1482 1312 eam,
1526 1239 1603 1298 ut
1648 1232 1720 1298 in
1768 1231 1883 1299 illa
1924 1232 2233 1311 mediter,
2268 1230 2452 1298 illam
2473 1250 2656 1297 soru-

1093 1348 1219 1409 ter.
1265 1339 1345 1408 In
1374 1338 1558 1411 Psal.
1618 1362 1753 1421 civ,
1803 1341 1914 1420 45,
1957 1361 2163 1430 supra
2195 1361 2211 1406 ε
2249 1336 2655 1407 Custodiam

1078 1450 1627 1541 justificationes
1655 1449 1835 1540 ejus,
1870 1459 1933 1518 et
1966 1448 2179 1539 leqem
2217 1446 2372 1536 ejus
2417 1446 2652 1536 requi-

1094 1566 1280 1625 rant.
1342 1555 1672 1625 Proverh.
1717 1581 1792 1642 ιι,
1835 1559 1875 1625 5
1920 1578 1935 1622 :
1978 1556 2062 1625 Si
2098 1554 2443 1645 quaesieris
2468 1573 2646 1631 eam,

1092 1665 1291 1756 quasi
1375 1666 1764 1755 pecuniam,
1897 1662 2242 1755 intelliqes
2340 1664 2650 1729 timorem

1090 1773 1404 1840 Domini.
1443 1772 1713 1840 Bonum
1746 1779 1848 1840 est
1886 1770 2073 1838 illam
2102 1771 2467 1862 inquirere,
2511 1792 2649 1837 non

1092 1878 1515 1947 mundanam
1584 1879 2017 1970 sapientiam,
2050 1879 2226 1946 sicut
2263 1877 2383 1945 filii
2434 1876 2644 1967 Agar,

1091 1988 1219 2078 qui
1289 1987 1770 2079 exquisierunt
1840 1986 2288 2078 prudentiam
2342 2007 2494 2077 quae
2566 1983 2651 2050 de

1092 2102 1279 2162 terra
1316 2102 1416 2161 est
1442 2094 1487 2161 ¹.

1183 2441 1218 2478 «
1257 2418 1374 2483 Da
1421 2415 1596 2484 mihi
1640 2415 2089 2484 intellectum.
2126 2443 2160 2480 »
2221 2416 2350 2485 Hie
2402 2439 2648 2486 seeun-

1094 2521 1287 2591 dum.
1360 2521 1569 2604 Quasi
1646 2524 1899 2594 diceret
1941 2547 1956 2591 :
2014 2523 2126 2592 Sic
2183 2548 2360 2616 pone
2425 2523 2646 2616 legem

1091 2626 1469 2708 charitatiS,
1520 2628 1743 2721 legem
1797 2629 2332 2721 Evangelicam:
2377 2639 2441 2699 et
2496 2632 2646 2698 «da

1090 2738 1268 2805 milli
1306 2739 1755 2821 intellectum,
1795 2766 1828 2800 ι»
1870 2739 2136 2831 supple,
2185 2739 2389 2820 illius,
2422 2740 2489 2807 id
2518 2749 2643 2819 est,

1088 2849 1412 2938 gratiam,
1468 2870 1602 2939 qua
1675 2851 1936 2939 possim
1993 2849 2370 2941 intelligere
2426 2848 2641 2922 illam.

1091 2952 1152 3020 11
1187 2952 1484 3044 Paralip.
1516 2976 1567 3045 ι,
1616 2956 1696 3021 10
1723 2971 1741 3023 2
1773 2958 1889 3023 Da
1935 2956 2108 3024 milti
2123 2957 2563 3049 sapientiam.
2583 2966 2648 3025 et

1091 3059 1656 3151 intelliqentiam.
1694 3060 1755 3128 11
1795 3062 1880 3130 ad
1918 3062 2218 3132 Timoth.
2263 3087 2334 3146 ιι,
2375 3065 2415 3134 7
2446 3086 2462 3132 :
2496 3066 2648 3134 Da·

1092 3168 1193 3238 bit
1219 3168 1352 3239 tibi
1377 3171 1724 3239 Dominus
1752 3173 1825 3240 in
1845 3171 2163 3241 omnibus
2191 3173 2612 3242 intellectum

1088 3277 1310 3347 Datur
1345 3278 1529 3347 enim
1568 3281 1788 3370 gratia
1828 3278 2247 3371 intelligendi
2274 3278 2577 3371 parvulis
2607 3302 2646 3348 a

1086 3384 1262 3454 Deo.
1307 3382 1550 3452 Matth.
1596 3407 1692 3463 ιιι,
1745 3386 1831 3454 25
1868 3408 1884 3453 z
1929 3385 2364 3455 Abscondisti
2422 3388 2565 3456 laaec
2599 3410 2643 3456 a

1087 3496 1522 3590 sapientibus
1586 3507 1651 3564 et
1699 3496 2189 3590 prudentibus,
2220 3506 2287 3567 et
2330 3499 2647 3567 revelasti

1082 3626 1166 3672 ea
1215 3603 1563 3696 parvulis.
1625 3602 1786 3685 Job,
1845 3627 2057 3686 xxxii,
2119 3607 2212 3673 8:
2270 3607 2642 3697 Inspiratio

1088 3711 1594 3804 Omnipotentis
1667 3711 1794 3779 dat
1860 3711 2412 3803 intelliqentiam.
2476 3713 2637 3798 Job,

1085 3840 1376 3897 xxxviii,
1437 3819 1524 3888 36
1571 3838 1589 3888 z
1664 3820 1838 3905 Quis
1913 3819 2104 3888 dedit
2171 3822 2370 3912 qallo
2443 3821 2642 3890 intel·

1086 3927 1450 4018 liqentiam
1488 3922 1531 3992 ?
1577 3925 1763 3995 psal.
1823 3948 2011 4008 xxxi,
2044 3928 2087 3995 8
2127 3948 2145 3997 t
2210 3928 2640 3997 Intellectum

1085 4035 1220 4105 tibi
1246 4033 1454 4114 dabo,
1486 4041 1553 4100 et
1588 4034 1932 4102 instruam
1988 4043 2075 4102 te.
2118 4035 2221 4103 Da
2265 4059 2429 4130 ergo
2468 4034 2637 4104 mihi

1082 4142 1561 4212 intellectum:
1639 4149 1707 4210 et
1772 4142 1869 4211 sic
1946 4168 1979 4208 ι
2018 4143 2375 4213 scrutabor
2418 4145 2636 4238 leqem

1082 4262 1281 4321 tuam
1313 4273 1339 4319 .·
1374 4278 1410 4313 ιο
1441 4248 1637 4319 aliter
1671 4249 1920 4319 frustra
1960 4274 2114 4323 eam
2160 4261 2514 4323 scrutarer.
2558 4253 2637 4323 ln

1079 4357 1329 4428 eodem
1388 4356 1573 4428 I‘sal.
1606 4379 1839 4438 cxvui,
1881 4361 1952 4440 2,
1981 4381 2189 4450 supra
2228 4379 2247 4430 ε
2278 4362 2481 4430 Beati
2515 4362 2640 4454 qui

1074 4472 1484 4535 scrutantur
1510 4465 1904 4533 testimonia
1941 4464 2120 4555 ejus.
2158 4465 2359 4534 Joen.
2392 4489 2462 4547 v,
2493 4468 2579 4537 39
2614 4490 2632 4536 ε

1077 4570 1512 4643 Scrutamini
1537 4570 1962 4661 Scripturas,
1993 4572 2187 4662 quia,
2210 4580 2337 4641 etc.
2362 4571 2518 4641 Non
2537 4595 2640 4641 se·

1077 4687 1262 4750 oreta
1282 4677 1438 4763 Dei,
1470 4681 1660 4772 quia,
1702 4677 1830 4748 isa.
1866 4702 1979 4762 ιι,
2023 4682 2137 4765 23,
2168 4679 2461 4750 dicitur:
2500 4682 2640 4769 Qui

1078 4788 1205 4860 dat
1219 4797 1633 4858 secretorum
1664 4800 2079 4861 scrutatores
2103 4793 2308 4885 quasi
2318 4815 2452 4861 non
2470 4793 2634 4862 sint.

1077 4896 1235 4966 Non
1266 4895 1641 4986 mejestatis
1668 4898 2045 4988 potentiam
2067 4899 2427 4984 infinitam,
2449 4900 2636 4993 quie,

1077 5001 1414 5072 proverb.
1447 5025 1615 5084 xxv,
1649 5006 1780 5073 27:
1814 5006 1955 5092 Qui
1985 5015 2333 5077 scrutator
2366 5016 2461 5076 est
2488 5030 2639 5076 ma·

1065 5108 1383 5201 jestatis,
1417 5109 1852 5201 opprimetur
1887 5134 1932 5179 a
1965 5112 2224 5203 qloria.

1172 5347 1208 5385 α
1241 5323 1341 5389 Et
1367 5323 1756 5392 custodiam
1798 5322 2030 5393 illam.
2064 5350 2101 5387 n
2134 5324 2306 5395 Eoee
2333 5326 2634 5396 tertium.

1089 5424 1301 5507 Quasi
1341 5428 1599 5500 diceret
1640 5453 1659 5500 ε
1705 5430 1822 5503 Sic
1872 5432 1958 5501 da
2008 5431 2094 5500 ad
2124 5432 2640 5526 intelligendum

1087 5674 1099 5682 ·
1156 5658 1174 5696 ¹
1210 5656 1469 5726 Baruch,
1499 5671 1583 5725 ιιι,
1615 5660 1686 5714 23

4205 313 4333 380 259

2761 478 3082 566 gratiam,
3129 487 3195 545 et
3215 480 3663 548 scrutandum
3702 506 3717 549 :
3755 508 3787 548 α
3822 492 3887 550 et
3917 509 3950 545 n
3986 485 4191 550 etiam
4215 484 4326 570 da,

2765 611 2799 647 α
2844 594 2921 651 ut
2947 586 3334 655 custodiam
3366 586 3575 656 illam
3604 592 3677 656 in
3707 601 3845 659 toto
3875 592 4076 660 corde
4096 613 4321 660 meo.»

2762 692 3014 785 Legem
3056 696 3125 762 in
3164 703 3310 763 toto
3342 695 3546 764 corde
3576 698 3894 777 custodit,
3940 701 4057 790 qui
4096 700 4319 768 Deum

2760 809 2901 870 toto
2933 803 3135 871 eorde
3165 803 3410 894 diligit.
3446 803 3555 871 Ad
3593 804 3771 873 hane
3808 807 4187 876 custodiam
4221 812 4322 876 in-

2761 912 2931 980 vitat
2964 910 3321 993 Salomon,
3357 913 3686 981 Proverb.
3724 937 3817 998 iv,
3847 918 3925 982 21
3966 938 3980 981 ε
4030 917 4320 985 Custodi

2760 1043 2862 1098 ea,
2896 1018 3151 1087 scilicet
3195 1019 3468 1110 eloquia
3501 1043 3677 1099 mea,
3722 1023 3793 1088 in
3829 1024 4053 1090 medio
4091 1025 4317 1091 cordis

2759 1125 2886 1193 tui.
2948 1124 3033 1191 Et
3081 1124 3234 1193 talis
3292 1126 3600 1195 custodie
3670 1127 3853 1196 utilis
3908 1129 4106 1198 valde
4181 1140 4303 1198 est.

2757 1230 3086 1300 Proverh.
3118 1255 3259 1310 xxx,
3309 1234 3389 1302 16
3424 1258 3440 1302 ε
3491 1235 3629 1318 Qui
3674 1235 3970 1304 custodit
4006 1238 4311 1307 manda-

2757 1346 2930 1416 tum,
2974 1338 3269 1406 custodit
3316 1340 3628 1407 animam
3675 1362 3901 1420 suam,
3963 1352 4028 1409 et
4078 1345 4310 1412 salvat

2755 1469 2930 1514 eam.
2966 1446 3127 1515 Luo.
3161 1469 3257 1529 ιιι,
3301 1449 3386 1515 28
3421 1470 3435 1514 :
3468 1450 3673 1516 Beati
3698 1450 3822 1539 qui
3849 1450 4151 1518 audiunt
4172 1474 4310 1518 ver-

2757 1552 2917 1621 bum
2948 1556 3103 1640 Dei,
3154 1566 3219 1623 et
3270 1556 3670 1624 custodiunt
3722 1556 3931 1635 illud,
3967 1558 4037 1624 in
4077 1558 4305 1638 corde,

2755 1685 2892 1730 non
2932 1670 3198 1730 tantum
3229 1661 3559 1732 habentes
3589 1664 3659 1732 in
3700 1687 3842 1746 ore,
3866 1667 4043 1732 sicut
4065 1663 4310 1733 dicitur

2754 1772 2836 1840 de
2900 1771 3389 1850 sacerdotibuS,
3449 1771 3741 1840 Malaoh.
3805 1796 3878 1856 ιι,
3932 1773 3969 1839 7
4008 1795 4023 1841 :
4086 1773 4307 1841 Labia

2749 1879 3120 1948 sacerdotis
3156 1877 3556 1948 custodiunt
3596 1879 3978 1948 scientiam.

2842 2221 2875 2258 «
2910 2192 3147 2262 Deduc
3174 2216 3304 2272 me,
3363 2195 3682 2265 Domine.
3727 2219 3760 2261 n
3793 2194 3922 2263 Hic
3952 2203 4303 2286 quartum,

2748 2303 2821 2368 in
2859 2322 2996 2391 quo
3036 2301 3205 2390 petit
3241 2302 3535 2391 gratiam
3593 2301 3677 2369 ad
3707 2302 4202 2392 proficiendum
4237 2305 4307 2371 in

2746 2406 2897 2500 lege
2932 2409 3182 2500 posita,
3216 2407 3444 2476 eundo
3466 2407 3549 2476 de
3572 2409 3821 2477 virtute
3852 2410 3922 2477 in
3951 2412 4302 2491 virtutem,

2745 2537 2963 2606 usque
2993 2514 3078 2582 ad
3108 2513 3621 2605 perfectionem.
3648 2513 3731 2581 Et
3754 2515 4002 2604 primo,
4037 2515 4299 2607 petitio.

2749 2621 3093 2703 Secunde,
3128 2621 3509 2713 persuasiO,
3553 2622 3674 2702 ibi,
3703 2648 3736 2688 ι
3774 2624 3957 2709 Quia
3990 2626 4241 2716 ipsam.
4266 2652 4298 2691 ι

2835 2729 2952 2797 Ait
2990 2731 3175 2799 enim
3217 2752 3234 2796 ε
3275 2728 3391 2798 Sic
3428 2728 3653 2820 legem
3687 2754 3889 2822 pone,
3926 2732 4301 2824 intelligere

2746 2838 2852 2907 iae
2878 2846 2945 2906 et
2973 2835 3313 2905 custodire
3351 2859 3367 2904 ε
3401 2844 3471 2904 et
3504 2837 3713 2905 etiam
3749 2863 3782 2903 ι
3826 2838 4046 2906 deduc
4085 2864 4191 2907 me
4229 2842 4300 2909 in

2744 2946 3062 3014 semitam
3137 2942 3633 3012 mandatorum
3713 2955 4019 3016 tuorum.
4056 2973 4091 3009 a
4178 2946 4305 3016 Via

2747 3052 3228 3123 mandatorum
3283 3062 3623 3144 precepta
3687 3062 3873 3135 sunt,
3930 3056 4091 3148 quia
4147 3065 4308 3126 sunt

2747 3161 2993 3232 latiora
3031 3184 3049 3229 ε
3085 3159 3204 3231 sed
3252 3160 3499 3231 semita
3547 3173 3707 3233 sunt
3742 3162 4030 3233 consilia
4065 3188 4080 3234 ε
4126 3164 4304 3236 unde

2747 3271 3152 3362 petitusque
3174 3268 3260 3336 ad
3289 3268 3580 3338 consilia
3609 3269 3925 3362 provehi.
3962 3270 4092 3340 Isa.
4130 3296 4201 3351 ιι,
4220 3275 4302 3342 3;

2745 3375 3029 3447 Docebit
3057 3399 3181 3445 nos
3226 3379 3379 3445 vias
3411 3400 3602 3457 suas,
3645 3387 4143 3471 praeceptorunn
4188 3402 4206 3450 :
4241 3392 4305 3450 et

2746 3482 3267 3554 ambulabimus
3317 3484 3392 3553 in
3443 3486 3707 3554 semitis
3760 3485 3941 3577 ejus,
4000 3486 4306 3557 consiliis

2744 3593 3027 3675 scilieet,
3067 3593 3218 3685 ipso
3247 3600 3482 3663 tamen
3512 3593 3819 3664 ductore.
3852 3593 4132 3663 Denter.
4153 3619 4300 3679 vm,

2749 3702 2829 3770 15
2871 3721 2889 3771 z
2930 3702 3198 3771 Ductor
3223 3708 3388 3769 tuus
3421 3701 3570 3790 luit
3621 3702 3692 3769 in
3730 3701 4111 3771 solitudine
4147 3725 4305 3772 ma-

2738 3831 2908 3901 qna,
2927 3818 3137 3901 atque
3169 3806 3520 3876 horribili.
3566 3806 3700 3877 Isa.
3732 3831 3919 3892 ιιιιιι,
3959 3810 4039 3877 14
4083 3832 4099 3877 ε
4133 3812 4304 3904 Spi-

2742 3919 2919 3986 ritus
2938 3915 3230 3984 Domini
3256 3914 3505 3984 ductor
3521 3915 3680 4006 ejus
3697 3919 3868 4007 luit.
3902 3916 3988 3985 Et
4017 3916 4148 3986 hoc
4178 3943 4302 4010 per

2738 4024 3017 4094 semitae
3070 4021 3546 4093 consiliorum.
3615 4022 3943 4093 Proverb.
4006 4047 4100 4105 iv,
4150 4029 4220 4095 11
4274 4049 4291 4095 :

2736 4136 3008 4202 Ducam
3047 4141 3114 4199 te
3131 4153 3262 4224 per
3283 4131 3567 4200 semitas
3602 4133 3976 4224 aequitatis.
4011 4132 4175 4203 naeo
4196 4160 4300 4204 se·

2738 4241 2908 4309 mita
2944 4238 3153 4319 bona,
3194 4239 3357 4331 quia
3412 4237 3753 4308 declinare
3800 4238 3959 4308 facit
4005 4264 4046 4309 ιι
4082 4241 4293 4311 mele.

2739 4350 2871 4420 lsa.
2912 4371 3104 4430 xxvi,
3135 4348 3177 4418 '1
3211 4368 3230 4419 ε
3279 4349 3549 4422 Semita
3581 4349 3774 4440 justi
3804 4361 3987 4420 recta
4024 4363 4148 4438 est,
4190 4376 4303 4422 re-

2736 4466 2885 4526 ctus
2901 4454 3109 4527 callis
3120 4454 3315 4547 justi
3347 4455 3996 4527 adambulandum.
4020 4458 4298 4538 Lucida.

2741 4564 3074 4634 Proverb.
3117 4587 3212 4642 w.
3261 4565 3344 4634 18
3374 4585 3395 4636 x
3424 4567 3788 4635 Iustorum
3825 4570 4073 4638 semita
4097 4572 4304 4662 quasi

2741 4673 2872 4742 lua:
2912 4671 3279 4765 splendens
3310 4671 3650 4765 procedit,
3715 4682 3781 4741 et
3816 4677 4054 4745 crescit
4090 4699 4306 4768 usque

2739 4781 2838 4850 ad
2845 4781 3226 4874 perlectam
3252 4778 3463 4848 diem.
3487 4779 3807 4857 Pacifico.
3842 4781 4174 4851 I‘roverb.
4204 4807 4301 4866 ιιι,

2744 4888 2859 4957 1”1;
2904 4888 3155 4957 Omnes
3208 4886 3339 4955 viae
3381 4886 3549 4984 ejus„
3566 4889 3908 4981 pulcleroe,
3950 4900 4013 4957 et
4047 4893 4307 4959 semitm

2739 4992 2940 5063 illius
2959 4993 3294 5086 pacifice.

2831 5128 2869 5169 ι
2905 5101 3089 5187 Quia
3118 5101 3371 5193 ipsam.
3418 5126 3454 5169 ι
3489 5101 3663 5172 Ecce
3691 5102 4096 5172 secundum.
4124 5103 4304 5186 Qun·

2740 5213 2795 5282 si
2827 5212 3122 5283 diceret:
3148 5211 3265 5282 sic
3288 5211 3514 5282 deduc.
3550 5236 3676 5305 per
3700 5215 4045 5293 semitam,
4081 5221 4306 5310 «quia

2741 5322 2965 5413 ipsam
2993 5318 3211 5399 volui,
3261 5345 3295 5386 ι
3337 5328 3406 5389 et
3443 5321 3504 5388 si
3545 5323 3614 5389 in
3647 5342 3755 5388 me
3784 5343 3927 5390 non
3958 5321 4191 5392 inveni
4234 5333 4308 5394 ut

2739 5450 3014 5520 possem
3078 5427 3438 5520 proficere.
3496 5426 3608 5497 Ad
3661 5427 3955 5498 Romen.
3998 5452 4122 5516 vn,
4161 5433 4241 5500 18
4285 5457 4303 5503 :

4436 2220 4569 2282 85
