5008 6329
479 4586 611 4654 ΒΩ

753 210 876 283 160

750 398 866 454 tar
889 410 1097 479 super
1132 413 1259 457 me.
1303 390 1388 456 Et
1417 390 1690 468 iterum,
1735 385 1914 453 Psal.
1961 410 2111 463 Lxx,
2155 386 2231 454 ¹3
2269 408 2281 451 :

756 497 1172 588 Operiantur
1263 499 1665 585 confusione
1719 506 1782 562 et
1829 497 2093 587 pudore
2169 498 2290 588 qui

750 617 1066 696 quaeremt
1095 606 1288 673 mala
1320 605 1514 672 milii.
1552 604 2035 692 Indumentum
2074 606 2291 675 homi-

750 717 855 782 nis
885 717 1182 783 exterius
1219 714 1510 783 videtur.
1569 712 1779 794 Quasi
1833 717 2128 785 diceret:
2177 714 2288 782 Sic

749 820 1273 905 confundantur,
1315 828 1390 887 ut
1430 823 1723 890 exterius
1772 832 2089 913 appareat
2136 844 2288 889 om-

749 927 973 994 nihus,
1024 925 1275 994 Jerem.
1310 951 1424 1007 xx,
1476 930 1555 995 12
1611 953 1627 997 ε
1685 930 1985 1010 Videam,
2036 949 2283 1018 quaeso,

750 1032 1081 1101 ultionem
1112 1044 1304 1102 tuam
1333 1060 1419 1104 eo:
1454 1038 1572 1104 eis.

848 1271 878 1308 α
924 1248 1018 1314 Et
1082 1248 1502 1336 operiantur.
1567 1269 1599 1309 »
1653 1244 1822 1311 Ecce
1886 1244 2278 1312 secundum.

746 1348 952 1430 Quasi
988 1351 1236 1419 diceret
1278 1371 1294 1418 τ
1334 1349 1449 1417 Sic
1478 1349 1979 1417 confundantur
2007 1351 2286 1419 eviden-

745 1466 874 1537 ter,
911 1483 945 1523 α
988 1468 1115 1525 et»
1184 1458 1390 1525 etiam
1463 1481 1496 1521 ι(
1568 1458 1969 1546 operiantur
2036 1461 2285 1548 conlu-

741 1567 929 1633 sione
962 1567 1140 1633 sicut
1221 1565 1554 1656 diploide.
1651 1591 1683 1630 w
1763 1566 2049 1658 Diplois,
2110 1570 2283 1637 sicut

740 1672 885 1739 vult
935 1672 1201 1758 Glossa,
1280 1673 1527 1764 duplex
1577 1673 1859 1763 pallium
1908 1685 2028 1743 est.
2074 1675 2280 1755 Quasi

739 1780 1038 1850 diceret:
1108 1781 1516 1872 Operiantur
1601 1782 1999 1851 confusione
2056 1784 2283 1875 dupli-

736 1892 822 1969 ci,
908 1899 975 1958 et
1045 1892 1375 1969 interiori,
1448 1898 1514 1959 et
1606 1893 1948 1961 exteriori.
2025 1893 2273 1962 Jerem.

735 2018 900 2073 xvn,
978 1998 1059 2063 18
1115 2017 1131 2064 ε
1194 1996 1485 2087 Duplici
1556 1999 1960 2066 contritione
2019 2011 2280 2068 contere

733 2126 868 2171 θος.
941 2103 1023 2170 Et
1084 2103 1181 2172 sic
1245 2102 1497 2171 factum
1556 2113 1658 2172 est
1709 2105 2065 2175 :interiori
2098 2109 2277 2175 enim

733 2211 1157 2292 confusione,
1236 2219 1303 2278 et
1376 2212 1694 2279 exteriori
1799 2211 2058 2280 confusi
2124 2221 2280 2282 sunt

733 2317 981 2387 Christi
1044 2327 1509 2410 persecutores
1572 2319 1815 2404 Judoei,
1877 2322 2273 2402 secundum,

732 2424 898 2493 illud
976 2424 1102 2492 lsa.
1157 2449 1265 2507 xz,
1347 2429 1387 2493 2
1468 2449 1484 2493 :
1564 2426 1878 2519 Suscepit
1943 2429 2027 2495 de
2066 2453 2276 2497 manu

730 2535 1017 2601 Domini
1093 2533 1406 2626 duplicia
1476 2557 1607 2626 pro
1709 2535 2023 2603 omnibns
2116 2562 2277 2628 pec-

728 2641 900 2707 catis
933 2642 1100 2707 suiS.
1185 2640 1374 2707 Sicut
1454 2650 1522 2709 et
1596 2640 1759 2709 boni
1827 2641 2117 2731 duplicia
2168 2667 2274 2710 re-

727 2747 988 2838 cipiunt
1025 2770 1148 2839 pro
1192 2747 1415 2825 bonis,
1447 2756 1512 2815 et
1543 2771 1749 2827 nunc,
1792 2759 1858 2817 et
1907 2750 1974 2817 in
2020 2750 2269 2832 futuro,

726 2855 1102 2924 secuudum
1135 2855 1303 2923 illud
1332 2854 1460 2924 lsa.
1500 2878 1635 2937 uxi,
1668 2859 1707 2925 Ἰ
1753 2880 1769 2925 :
1815 2860 1898 2925 In
1936 2869 2118 2927 terra
2144 2884 2272 2926 sna

727 2961 1040 3055 duplicia
1109 2962 1583 3054 possidebunt.
1665 2962 1962 3044 Baruch,
2023 2989 2088 3045 v,
2141 2971 2180 3033 2'.
2250 2991 2265 3035 ι

729 3070 1205 3139 Circumdabit
1256 3081 1322 3138 te
1374 3072 1722 3139 Dominus
1789 3071 2096 3163 diploide
2149 3075 2275 3164 jn·

725 3181 962 3249 stitiae.
1004 3180 1289 3271 Apocal.
1337 3203 1532 3263 xvm,
1576 3184 1617 3247 a
1676 3203 1693 3249 :
1727 3181 2099 3273 anlicate
2137 3184 2271 3250 dn-

720 3285 945 3378 plicia
982 3288 1357 3355 secundum
1389 3310 1596 3380 opera
1652 3287 1807 3377 ejas
1849 3310 1865 3355 ε
1911 3290 1980 3356 in
2018 3291 2270 3382 poc-nlo

726 3416 862 3486 quo
890 3395 1187 3473 miscuit,
1222 3395 1492 3461 miscete
1518 3393 1638 3462 illi
1672 3394 1990 3486 duplum.
2029 3395 2270 3486 Magna

726 3499 909 3569 enim
940 3509 1009 3568 et
1049 3499 1406 3591 multiplex
1452 3509 1555 3568 est
1601 3501 1911 3570 conlusio
1954 3503 2270 3571 inimico-

727 3631 878 3676 rum
909 3606 1188 3690 Christi,
1220 3631 1375 3676 cum
1407 3607 1639 3677 vident
1666 3631 1824 3678 eum
1846 3610 1937 3678 ita
1968 3634 2090 3701 per
2114 3613 2272 3679 uni-

723 3737 997 3783 versum
1052 3714 1387 3783 mundum
1433 3714 1826 3806 glorificari.
1890 3716 2015 3785 lsa.
2077 3741 2263 3800 xxix,

723 3824 808 3890 22
856 3843 874 3890 :
915 3822 1069 3891 Non
1110 3820 1312 3889 modo
1349 3821 1819 3913 confundetur
1855 3823 2092 3902 Jacob,
2150 3849 2268 3892 nee

724 3927 928 3995 modo
967 3926 1200 3995 vultus
1227 3926 1384 4017 ejus
1410 3927 1749 3996 erubescet
1796 3952 1820 3996 .·
1884 3929 1999 3996 sed
2044 3953 2266 4021 quan-

724 4033 860 4101 do?
885 4032 1166 4112 ibidem,
1184 4041 1248 4110 5.
1267 4034 1388 4102 23:
1416 4034 1588 4103 Cum
1613 4034 1857 4102 viderit
1872 4034 2062 4123 filios
2078 4059 2260 4120 snos,

723 4163 930 4233 opera
959 4162 1293 4208 mannum
1350 4163 1686 4222 mearam,
1759 4143 1830 4209 in
1898 4142 2120 4209 medio
2153 4146 2266 4212 sni

721 4247 1226 4336 sanctificantes
1260 4268 1505 4316 nomen
1536 4269 1789 4317 meum.

819 4608 854 4648 ι
888 4579 1278 4671 confitebor
1318 4583 1642 4653 Domino.
1682 4611 1713 4648 ι
1792 4584 1918 4655 1110
1957 4590 2265 4678 sequitur

727 4692 811 4762 de
835 4688 1184 4761 effectibus
1218 4691 1289 4759 in
1326 4690 1527 4759 bonis
1562 4693 1966 4785 specialiter.
2012 4694 2097 4762 111
2135 4718 2263 4764 au-

726 4808 863 4869 tem
903 4799 1181 4869 ess'ectus
1225 4806 1383 4868 suut
1431 4799 1794 4880 confessio,
1836 4810 1903 4870 et
1958 4802 2258 4893 ejusdem

719 4905 1089 5000 publicatio
1117 4905 1294 4997 apud
1324 4903 1604 4975 multos.
1648 4905 1804 4976 Duo
1833 4930 1995 5000 ergo
2034 4908 2263 4978 dicun-

716 5012 1127 5092 tur.Primo,
1150 5010 1516 5091 confessiO,
1543 5020 1609 5080 et
1630 5014 1932 5103 ejusdem
1955 5015 2259 5108 publica-

718 5122 814 5190 tio
841 5119 1023 5213 apud
1052 5118 1329 5188 multos.
1355 5117 1703 5203 Secundo,
1736 5121 2047 5212 probatio
2076 5122 2256 5215 quod

715 5228 1002 5320 dignum
1023 5235 1126 5297 est
1140 5224 1890 5314 utlaudetur,ibi,«Qui
1916 5231 2252 5299 adstitit.»

803 5334 883 5405 In
909 5333 1134 5427 prima
1161 5333 1324 5404 duo.
1368 5333 1633 5414 Primo,
1703 5336 2066 5407 confessio.
2139 5339 2258 5407 Se·

711 5441 964 5528 eundo,
1004 5440 1378 5534 publicatio
1408 5441 1884 5530 confessionis,
1939 5444 2060 5526 ibi,
2096 5478 2124 5503 -
2159 5446 2255 5514 Et

711 5554 784 5621 in
814 5550 1037 5621 medio
1062 5546 1466 5617 multorum.
1504 5575 1539 5615 ιι

1747 212 1830 279 D.
1884 211 2079 278 ALB.
2133 210 2347 281 MAG.

2400 211 2604 279 ORD.
2662 212 2953 279 PRAED.

2495 384 2671 451 Dicit
2710 407 2872 475 ergo
2929 410 2943 454 ε
3002 387 3116 453 Sic
3190 388 3350 454 mali
3421 385 3825 478 peccabunt,
3886 391 3953 450 et

2404 494 2930 575 confundentur,
3003 516 3155 564 cum
3197 497 3539 583 adjuveris
3577 521 3590 562 :
3628 519 3756 586 ego
3829 517 3957 562 au-

2406 610 2542 668 tem
2580 603 2646 668 in
2711 603 3036 670 membris
3100 605 3295 679 meiS,
3340 602 3539 669 honis
3580 604 3836 670 scilicet
3889 607 3956 668 et

2398 711 2629 799 justis,
2719 737 2750 775 α
2821 709 3193 799 confitebor
3272 711 3597 781 Domino,
3662 733 3693 772 »
3788 730 3956 775 con-

2405 817 2693 884 sessione
2742 817 2986 898 laudis,
3042 841 3184 886 non
3234 825 3500 885 tantum
3554 815 3781 891 corde,
3835 813 3953 880 sed

2404 924 2606 990 etiam
2645 928 2773 990 «in
2803 948 2917 991 ore
2944 948 3114 992 meo.
3156 951 3189 991 1>
3223 926 3332 993 Ad
3363 924 3654 992 Roman.
3699 946 3772 1001 X,
3822 922 3945 987 10:

2410 1029 2626 1095 Corde
2667 1031 2967 1097 creditur
3015 1032 3113 1097 ad
3140 1031 3527 1120 justitiam,
3564 1054 3678 1097 ore
3719 1038 3953 1096 autem

2401 1138 2732 1223 consessio
2800 1137 2885 1224 fit
2929 1137 3027 1204 ad
3084 1138 3408 1205 salutem.
3471 1135 3676 1204 Eccli.
3722 1159 3794 1214 11,
3852 1136 3879 1201 1
3930 1156 3947 1201 :

2403 1242 2789 1332 Confitebor
2852 1244 3003 1324 tibi,
3070 1245 3368 1311 Domine
3432 1267 3576 1321 rex,
3665 1243 3951 1310 interius

2399 1349 2622 1428 corde,
2646 1360 2711 1416 et
2729 1349 3147 1419 collaudabo
3187 1362 3252 1419 te
3280 1350 3948 1431 Deum,salvatorem

2395 1479 2644 1536 meum,
2689 1479 2828 1525 ore.
2881 1458 2961 1525 Et
2986 1456 3143 1542 hoc,
3174 1459 3510 1534 «nimis-,n
3557 1457 3620 1523 id
3664 1455 3951 1536 est,val-

2397 1564 2502 1642 de,
2563 1565 2723 1631 dicit
2774 1564 3015 1633 Glossa
3087 1587 3102 1633 ε
3186 1587 3325 1632 non
3367 1566 3547 1632 enim
3601 1573 3793 1631 notat
3835 1563 3949 1631 hic

2395 1672 2611 1740 laudis
2658 1674 3225 1764 superfluitatem,
3271 1674 3391 1742 sed
3430 1673 3652 1741 laudis
3719 1673 3945 1740 abun-

2395 1779 2721 1860 dantiam,
2791 1782 2964 1850 sicut
3018 1780 3209 1860 alibi,
3262 1782 3331 1848 in
3400 1779 3581 1847 l‘sal.
3615 1803 3940 1858 cxxxviii,

2402 1887 2476 1951 17
2514 1908 2529 1952 :
2572 1888 2799 1954 Nimis
2840 1887 3164 1955 honorati
3216 1895 3377 1955 sunt
3433 1887 3663 1962 amici,
3687 1894 3815 1954 etc.
3860 1886 3946 1954 Et

2392 1995 2577 2076 alibi,
2636 1997 3017 2066 dilectionis
3071 1995 3606 2066 vehementiam.
3651 1996 3845 2064 Cant.
3894 2019 3940 2076 1,

2393 2104 2431 2167 2
2482 2125 2504 2168 .·
2556 2102 3093 2172 Adolescentulae
3138 2104 3531 2171 dilexerunt
3596 2114 3659 2172 te
3702 2105 3934 2170 nimis.

2481 2344 2515 2380 ι
2551 2320 2643 2385 Et
2664 2318 2733 2384 in
2751 2317 2973 2386 medio
2993 2319 3400 2387 maltorum.
3433 2326 3474 2383 ἰ
3502 2318 3671 2387 Ecce
3694 2341 3936 2387 secun-

2389 2425 2575 2492 dum.
2633 2411 2842 2504 Quasi
2892 2424 3145 2494 diceret
3191 2447 3207 2494 :
3256 2426 3580 2495 Laudabo
3628 2438 3693 2495 et
3751 2426 3940 2494 mul-

2386 2540 2631 2610 tum,et
2653 2534 2722 2600 in
2752 2533 3329 2615 abscondit0,imo
3348 2562 3377 2598 α
3408 2536 3475 2602 in
3507 2535 3731 2602 medio
3751 2533 3939 2600 mul·

2385 2651 2610 2707 torum
2662 2640 2966 2709 landabo
3022 2664 3202 2710 eum.
3240 2668 3275 2708 t
3349 2643 3571 2732 Supra
3620 2643 3687 2709 in
3746 2640 3930 2708 Psal.

2387 2770 2526 2824 xxi,
2562 2750 2645 2815 223
2680 2771 2696 2816 ε
2740 2750 2820 2817 In
2853 2750 3076 2816 medio
3116 2750 3441 2818 Ecclesia!
3475 2748 3783 2816 landabo
3840 2758 3932 2826 te,

2385 2854 2746 2933 cantando,
2811 2865 2877 2922 et
2927 2855 3332 2924 exsultando
3407 2857 3477 2924 in
3557 2865 3642 2924 te.
3722 2854 3931 2924 Eccli.

2384 2987 2573 3042 xxiv,
2606 2965 2648 3030 4
2695 2986 2711 3031 :
2756 2966 2839 3032 ln
2886 2965 3340 3035 multitudine
3381 2964 3748 3034 electorum
3813 2966 3938 3032 Ιια-

2386 3071 2562 3138 bebi!
2596 3071 2898 3139 landem.
2947 3071 3031 3140 Et
3067 3071 3522 3163 praedicando.
3576 3080 3640 3140 et
3678 3071 3938 3140 docen-

2382 3179 2495 3256 do,
2555 3178 2756 3246 ticeli.
2840 3202 2957 3259 xv,
3010 3182 3103 3250 5:
3165 3180 3247 3248 In
3314 3180 3537 3248 medio
3617 3180 3935 3248 Ecclesiae

2382 3287 2639 3375 operiet
2702 3309 2776 3351 os
2821 3285 3003 3376 ejus,
3092 3297 3158 3354 et
3240 3285 3658 3379 adimplebit
3721 3286 3930 3354 illum

2382 3394 2718 3463 l)ominus
2740 3395 2996 3485 spiritu
3024 3397 3383 3486 sapientiae
3409 3406 3476 3464 et
3514 3395 3922 3465 intellectus,

2381 3500 2575 3568 hedit
2668 3499 3062 3593 exemplum
3161 3500 3367 3591 hujus
3425 3503 3545 3586 rei,
3632 3504 3747 3593 qui
3821 3502 3931 3569 di-

2379 3611 2502 3683 xit.
2611 3608 2849 3678 11181111.
2899 3631 3090 3689 xxvi,
3138 3613 3225 3679 :⁸55
3285 3631 3302 3681 ε
3368 3612 3692 3696 Quotidie
3736 3611 3934 3703 apud

2379 3740 2490 3781 ros
2533 3714 2873 3783 sedebam.
2939 3716 3025 3783 131
3079 3726 3424 3809 qua-ratur
3469 3740 3608 3785 non
3656 3727 3924 3785 tantum

2377 3821 2647 3912 propria
2692 3821 2951 3890 utilitas
2983 3825 3049 3890 in
3092 3822 3434 3891 cantando
3478 3824 3546 3891 in
3595 3823 3922 3905 Ecclesia,

2375 3929 2491 3997 sed
2548 3931 2934 3997 communis
2965 3932 3031 3997 in
3061 3929 3398 4008 docendo,
3445 3930 3578 3999 lad
3604 3930 3917 4000 Corinth.

2373 4059 2442 4112 x,
2492 4039 2577 4103 33
2639 4057 2655 4104 ε
2712 4037 2867 4105 Non
2912 4059 3223 4128 quan-ens
3277 4038 3467 4128 quod
3519 4039 3694 4107 milei
3752 4038 3925 4108 utile

2370 4153 2491 4219 est,
2514 4142 2639 4209 sed
2662 4143 2851 4233 quod
2867 4144 3135 4215 multis.

2462 4479 2692 4564 «Qnia
2729 4478 3063 4548 adstitita
3097 4479 3384 4550 dextris.
3419 4509 3450 4542 ι
3498 4480 3624 4550 1110
3672 4504 3924 4551 secun-

2368 4587 2557 4668 dum,
2591 4585 2843 4655 scilicet
2899 4586 3215 4678 probatio
3262 4587 3445 4680 quod
3502 4588 3788 4681 dignum
3832 4592 3922 4660 sit

2367 4690 2672 4760 confiteri
2729 4691 2800 4759 in
2840 4691 3145 4784 publico.
3188 4701 3257 4763 et
3308 4693 3439 4763 hoc
3517 4717 3604 4764 ex
3662 4694 3918 4789 duplici

2368 4799 2725 4878 bem-ficio,
2746 4800 2929 4891 quod
2960 4799 3242 4871 exhibet
3270 4802 3438 4875 suis,
3464 4801 3723 4872 scilicet
3755 4805 3913 4896 quia

2370 4909 2590 4974 munit
2638 4928 2757 4974 eos
2814 4908 2883 4975 in
2941 4907 3460 4988 tentationibus,
3522 4916 3590 4976 et
3642 4932 3919 4978 conser-

2367 5024 2480 5081 vat
2524 5034 2541 5085 ε
2577 5013 2848 5084 tandem
2881 5018 3041 5106 quia
3071 5038 3111 5084 a
3156 5016 3476 5096 miseriis,
3518 5025 3585 5085 et
3618 5014 3916 5085 tribula·

2367 5124 2668 5191 tionibus
2745 5125 3047 5193 animam
3119 5123 3366 5195 salvat.

2460 5230 2633 5299 Dicit
2695 5255 2859 5324 ergo
2923 5231 3103 5302 :Sic
3189 5229 3575 5301 confitebor
3659 5231 3912 5302 Domi-

2365 5361 2480 5419 no,
2558 5347 2625 5407 et
2707 5338 3001 5409 laudabo
3069 5337 3341 5431 publice
3423 5360 3441 5409 τ
3493 5347 3562 5409 et
3641 5341 3907 5431 justum

2359 5456 2502 5517 est:
2542 5473 2576 5513 α
2623 5448 2832 5532 Quia,
2889 5476 2923 5512 n
2961 5445 3029 5515 id
3071 5455 3200 5528 est,
3245 5446 3406 5539 quia
3443 5445 3584 5530 ille,
3635 5478 3667 5513 α
3697 5448 3913 5517 adsti-

2358 5555 2468 5640 tit,
2506 5581 2539 5618 ο
2573 5562 2926 5647 tamquam
2961 5555 3288 5624 muniens
3350 5565 3423 5627 et
3456 5578 3901 5641 conservans,
