5008 6329
657 327 804 392 ‘154

764 521 796 562 α
829 499 927 565 Et
958 495 1184 562 induit
1222 494 1796 564 maledictionem.
1837 522 1869 562 n
1931 498 2061 565 Hic
2097 505 2225 563 ter-

668 607 868 683 tium,
913 606 981 671 in
1014 628 1147 694 quo
1190 605 1415 691 agitur
1454 603 1535 669 de
1568 605 1771 672 modo
1813 626 2223 694 persequen-

668 714 761 783 di.
806 714 892 780 Et
921 714 1165 802 primo,
1211 711 1370 800 quia
1434 722 1830 801 persecutus
1880 721 1980 778 est
2047 719 2226 776 exte-

669 825 830 891 riori
922 842 1147 909 opere.
1232 818 1574 900 Secunde,
1660 823 1822 910 quia
1919 819 2224 886 interiori

667 931 1045 1006 voluntate,
1118 928 1236 1008 ibi,
1310 954 1344 994 α
1377 932 1473 997 Et
1531 928 1838 996 intravit.
1880 951 1913 991 ι»
1966 927 2219 1004 Terti0,

669 1035 856 1128 quod
886 1033 1347 1103 fraudulenter
1373 1036 1444 1102 in
1476 1042 1795 1123 utroque,
1829 1032 1941 1100 vel
1996 1044 2223 1123 aperte

670 1141 1047 1212 secundum
1111 1143 1416 1209 diversos
1483 1140 1690 1207 modo
1738 1139 2036 1231 legendi,
2103 1142 2219 1220 ibi,

666 1260 731 1328 ᾗ.
763 1254 843 1321 19
882 1269 898 1319 ;
947 1277 980 1313 α
1013 1252 1175 1316 Fiat
1205 1251 1335 1315 ei.»
1381 1247 1665 1327 Quarto,
1696 1248 1880 1339 quod
1901 1256 2225 1317 constan-

670 1368 795 1441 ter,
833 1359 953 1436 ibi,
994 1380 1026 1421 α
1056 1358 1151 1423 Εἰ
1169 1357 1348 1422 sicut
1379 1361 1572 1423 zona.
1612 1385 1643 1418 »

755 1465 939 1534 Dicit
985 1484 1194 1550 ergo:
1242 1459 1355 1529 Sic
1397 1471 1626 1530 motus
1682 1471 1809 1542 est,
1849 1464 2009 1553 quia
2048 1462 2223 1529 dile-

663 1577 763 1642 xit
791 1570 1076 1648 malum,
1129 1578 1195 1638 et
1223 1570 1439 1637 odivit
1492 1570 1753 1637 bonum
1784 1592 1798 1636 ε
1839 1595 1871 1634 α
1897 1581 1963 1637 et
1992 1599 2024 1631 υ
2061 1578 2222 1638 tunc

664 1681 897 1749 induit
988 1677 1535 1744 maledictionem
1605 1678 1783 1742 sicut
1858 1679 2221 1744 vestimen-

664 1799 838 1868 tum,
878 1813 911 1851 ιι
974 1785 1105 1853 hoc
1170 1792 1295 1869 est,
1340 1786 1513 1851 sicut
1577 1785 2063 1851 vestimentum
2119 1792 2219 1852 est

663 1897 1147 1968 extrinsecum,
1191 1891 1289 1958 sic
1328 1888 1742 1967 maledictio,
1778 1889 1848 1956 id
1895 1898 2027 1972 est,
2079 1890 2219 1959 cul-

660 2025 772 2094 pa,
809 2025 893 2069 ex
923 2020 1058 2089 qua
1081 1996 1468 2064 maledictio
1499 1997 1833 2086 sequitur,
1893 1996 2068 2065 facta
2119 2005 2221 2065 est

662 2112 758 2180 illi
790 2108 1192 2179 extrinseca.
1229 2104 1430 2183 Osee,
1465 2129 1557 2186 tv,
1609 2109 1691 2173 2:
1726 2105 2212 2185 Maledictum,

665 2230 729 2289 et
757 2216 1220 2292 mendacium,
1255 2223 1318 2281 et
1332 2212 1892 2291 leomicidium,et
1911 2217 2212 2304 lurtum,

663 2337 727 2396 et
764 2323 1194 2395 adulterium
1245 2322 1755 2388 inundaverunt
1792 2321 1864 2388 in
1902 2321 2105 2401 Juda,
2149 2331 2217 2391 et

664 2437 732 2505 in
764 2431 1025 2528 populo
1053 2428 1481 2497 Judaeorum.

753 2673 788 2714 ι
821 2649 917 2716 Et
949 2643 1233 2712 intravit
1267 2641 1448 2709 sicut
1476 2664 1684 2732 aqua.
1725 2668 1758 2703 »
1812 2641 1942 2710 Hic
1993 2649 2215 2710 osten·

660 2760 783 2838 dit,
818 2752 1005 2847 quod
1037 2760 1428 2842 persecutus
1474 2759 1575 2818 est
1622 2750 1930 2818 interiori
1966 2747 2215 2819 volun·

660 2872 822 2933 tate.
857 2860 942 2929 131
973 2859 1216 2948 primo,
1253 2864 1673 2924 monstratur
1700 2857 2048 2947 corruptio
2086 2880 2216 2925 vo-

660 2971 968 3039 luntatis.
1024 2963 1369 3045 Secundo,
1405 2963 1805 3032 deliberatio
1849 2962 2031 3033 illius
2059 2986 2215 3033 cor-

658 3076 1021 3172 ruptionis,
1055 3070 1186 3140 hoc
1213 3080 1339 3154 est,
1391 3071 1576 3162 quod
1606 3094 1745 3140 non
1776 3094 1863 3140 ex
1893 3070 2211 3163 abrupt0,

657 3187 772 3257 sed
803 3207 887 3254 ex
919 3178 1408 3252 deliberatione
1441 3179 1589 3256 luit,
1636 3177 1754 3255 ibi,
1838 3204 1874 3241 α
1908 3179 2004 3246 Et
2038 3180 2215 3247 sicut

659 3297 916 3367 oleum.
964 3315 999 3357 n

744 3407 861 3472 Ait
903 3399 1131 3467 enim:
1185 3395 1301 3465 Sic
1341 3395 1561 3464 induit
1632 3394 2211 3475 maledictionem,

654 3522 733 3583 ut
758 3516 936 3582 esset
975 3517 1205 3575 extra:
1244 3535 1275 3570 σ
1302 3516 1368 3573 et
1399 3533 1433 3569 n
1472 3505 1707 3584 etiam,
1752 3531 1787 3568 ι
1825 3506 2111 3574 intravit
2144 3506 2212 3573 in

657 3622 987 3691 interiora
1024 3615 1204 3707 ejus,
1252 3642 1286 3682 ιι
1358 3616 1425 3683 id
1490 3624 1613 3690 est,
1673 3614 1742 3681 in
1785 3612 2214 3683 voluntatem

655 3733 827 3822 ejus,
873 3755 907 3792 a
948 3728 1126 3794 sicut
1162 3749 1376 3817 aqua,
1414 3752 1450 3788 a
1492 3746 1646 3815 quae
1688 3724 1896 3791 intrat
1925 3722 2008 3791 de
2038 3723 2213 3792 sacili

656 3842 725 3910 in
754 3847 1095 3910 ventrem.
1137 3842 1199 3901 et
1241 3834 1358 3901 vix
1387 3834 1526 3900 exit
1572 3830 1657 3900 de
1712 3839 1977 3906 ventre.
2022 3830 2216 3900 intri-

668 3949 957 4042 gidat,et
986 3944 1385 4032 corrumpit,
1421 3950 1487 4010 et
1517 3940 1974 4031 digestionem
2009 3940 2220 4031 impe·

661 4057 782 4126 dit.
830 4054 931 4122 lle
963 4053 1214 4141 primo,
1276 4051 1522 4116 Ganos.
1577 4070 1720 4128 vm,
1763 4049 1894 4116 21:
1962 4048 2219 4116 Sensus

655 4176 720 4234 et
765 4162 1097 4254 eoqitatio
1161 4161 1458 4229 humani
1525 4159 1751 4226 cordis
1810 4160 1878 4226 in
1949 4154 2217 4224 malum

650 4295 880 4366 prona
904 4277 1071 4337 sunt
1106 4268 1196 4336 ab
1224 4270 1686 4353 adolescentia
1739 4290 1898 4335 sua.
1963 4261 2062 4333 Dc
2119 4285 2221 4329 so-

659 4378 916 4456 cundo,
956 4373 1208 4441 Jerem.
1250 4393 1396 4447 xm.
1435 4375 1564 4440 23:
1597 4372 1979 4442 Simulare
2007 4378 2228 4462 potest

662 4485 1006 4577 AEtltiops
1022 4480 1283 4574 pellem
1310 4502 1543 4560 suam,
1585 4489 1710 4548 aut
1772 4476 2047 4571 pardus
2103 4499 2220 4544 va·

669 4598 946 4666 rietates
980 4613 1169 4670 suas,
1219 4601 1285 4658 et
1313 4613 1428 4658 vos
1457 4589 1776 4682 poteritis
1825 4582 1989 4655 bene
2042 4588 2226 4677 lace-

676 4727 772 4782 re,
838 4722 999 4769 cum
1037 4696 1417 4764 didiceritis
1471 4696 1765 4764 malum.
1831 4693 1931 4762 De
1998 4694 2223 4771 tertio,

674 4810 930 4881 Jerem.
968 4828 1061 4882 vt,
1117 4805 1169 4871 ’Ἰ
1214 4826 1230 4871 :
1286 4805 1487 4874 Sicut
1521 4801 1867 4894 lriyidam
1905 4801 2084 4893 lacit
2127 4801 2229 4868 ci-

667 4925 900 4985 sterna
958 4931 1215 5002 aquam
1268 4931 1497 4988 suam,
1540 4910 1642 4976 sic
1691 4906 2038 5000 lriqidam
2065 4905 2230 4997 lecit

682 5021 1038 5091 malitiam
1065 5038 1291 5085 suam.
1316 5015 1418 5084 De
1449 5023 1719 5106 quarto,
1752 5012 1939 5083 l’sal.
1981 5035 2125 5095 xm,
2157 5014 2180 5080 l
2208 5034 2225 5080 :

1675 323 1754 388 1).
1809 324 2010 392 ALB.
2067 325 2281 392 MAG.
2337 324 2541 393 om).
2601 327 2895 393 PRAED.

2340 497 2624 577 ratione,
2661 496 2730 561 in
2760 498 3005 586 quibus
3044 505 3187 564 tota
3227 496 3425 563 debet
3458 520 3602 564 esse
3637 498 3880 564 animoe

2338 602 2687 670 fortitudo.
2727 604 2884 685 Job,
2919 629 3037 683 xx,
3075 608 3148 672 11
3187 628 3201 671 :
3243 606 3409 674 Ossa
3451 604 3604 693 ejus
3636 606 3884 694 imple-

2338 709 2592 777 buntur
2641 712 2823 777 vitiis
2879 712 3346 780 adolescentia:
3401 736 3564 780 suae.
3630 710 3878 778 Oleum

2337 819 2833 907 penetrativum
2901 826 3026 899 est,
3098 841 3223 886 nec
3288 819 3443 887 facit
3513 816 3877 885 tumultum

2335 947 2489 993 cum
2521 934 2850 1016 penetrat,
2893 925 3010 992 sed
3058 925 3254 993 valde
3317 926 3563 994 blande
3613 927 3814 993 intrat
3857 946 3874 991 ε

2336 1035 2432 1101 sic
2470 1034 2691 1123 culpa.
2737 1033 3065 1100 Proverb.
3126 1056 3319 1110 xxm,
3354 1036 3438 1101 32
3475 1057 3489 1100 :
3527 1033 3880 1125 lnqredie-

2334 1151 2449 1208 tur
2481 1141 2755 1221 blande,
2787 1142 2911 1208 sed
2937 1143 3008 1208 in
3037 1143 3403 1210 novissimo
3436 1141 3770 1209 mordebit
3802 1151 3877 1209 ut

2332 1246 2629 1314 coluber.
2665 1246 2906 1316 Oleum
2940 1248 3144 1316 etiam
3182 1270 3325 1315 rem
3358 1248 3704 1315 inunctam
3736 1248 3879 1315 red·

2332 1352 2429 1421 dit
2457 1352 2756 1422 habilem
2795 1364 2860 1423 et
2896 1346 3291 1434 sse'xibilem,
3326 1356 3395 1423 in
3428 1379 3564 1446 quo
3604 1363 3878 1422 notatur

2331 1461 2688 1529 delectatio
2730 1462 2814 1530 ad
2854 1471 3232 1553 peccatum,
3321 1472 3387 1531 et
3424 1464 3636 1531 facilis
3679 1463 3876 1531 incli-

2330 1570 2517 1636 natio
2543 1570 2850 1637 rationis.
2886 1570 3216 1639 Proverb.
3251 1594 3321 1650 11,
3364 1573 3486 1638 14:
3521 1576 3878 1640 Loetantur

2328 1701 2482 1745 cum
2542 1679 2726 1745 male
2770 1681 3078 1768 fecerint.
3120 1680 3367 1748 Thren.
3426 1704 3518 1761 ιν,
3566 1682 3689 1749 18:
3733 1684 3877 1748 Lu-

2330 1784 2759 1852 bricavcrunt
2797 1788 3087 1877 vestiqia
3141 1797 3374 1854 nostra
3397 1811 3420 1854 .·
3452 1789 3701 1878 quippe
3731 1786 3873 1856 haec

2327 1892 2478 1960 oleo
2510 1902 2700 1961 erant
2730 1902 2956 1962 uncta.
3019 1895 3122 1962 De
3190 1894 3320 1963 hoc
3367 1896 3547 1974 ole0,
3585 1897 3654 1963 in
3685 1895 3864 1963 l’sal.

2323 2023 2470 2079 cxc,
2507 2004 2590 2070 5:
2629 2002 2874 2070 Oleum
2888 2001 3263 2093 peccatoris
3299 2027 3435 2071 non
3485 2005 3869 2094 impinquet

2323 2117 2533 2197 caput
2570 2130 2819 2176 meum.

2413 2459 2448 2500 ι
2486 2437 2645 2502 Fiat
2669 2436 2945 2502 eisicut.
2985 2459 3017 2501 ι
3064 2434 3236 2504 Εο00
3295 2437 3595 2504 tertium.
3658 2435 3865 2516 Quasi

2323 2540 2569 2608 diceret
2604 2563 2620 2607 ε
2657 2540 2772 2608 Sic
2798 2541 3114 2608 exteriori
3144 2563 3373 2631 opere,
3408 2542 3709 2609 interiori
3740 2565 3869 2608 vo-

2323 2650 2579 2718 luntate
2653 2658 3045 2741 persecutus
3120 2658 3222 2717 est
3266 2674 3281 2718 :
3316 2659 3383 2717 et
3445 2652 3649 2719 etiam
3675 2680 3707 2712 «
3741 2651 3873 2740 fiat

2323 2762 2401 2838 ei,
2444 2785 2476 2825 ιι
2524 2759 2588 2826 id
2620 2769 2746 2840 est,
2791 2760 2907 2827 liet
2933 2760 2993 2828 ei
3036 2757 3152 2826 illa
3181 2760 3408 2851 culpa,
3453 2760 3867 2841 maledictiO,

2326 2892 2358 2933 α
2399 2869 2581 2935 sicut
2638 2867 3136 2946 vestimentum,
3171 2892 3203 2931 ι
3274 2890 3413 2936 non
3486 2867 3872 2961 quodcum-

2323 2995 2479 3064 que,
2515 2973 2632 3042 sed
2664 3000 2700 3037 α
2731 2995 2868 3064 quo
2897 2974 3227 3064 operitur,
3250 2999 3279 3036 ο
3333 2973 3401 3041 id
3432 2984 3556 3054 est,
3589 2975 3674 3043 ad
3704 2998 3868 3066 ope-

2325 3078 2662 3149 riendum.
2707 3077 2916 3159 Quasi
2956 3078 3206 3149 diceret
3241 3103 3257 3147 :
3302 3079 3448 3149 Erit
3487 3082 3556 3148 in
3602 3105 3684 3150 eo
3718 3082 3871 3151 cul-

2319 3213 2406 3282 pa
2446 3189 2937 3268 fraudulentiae,
2999 3211 3134 3281 qua
3170 3191 3475 3281 cooperit
3540 3189 3868 3260 malitiam

2321 3320 2540 3366 suam.
2572 3298 2825 3366 Jerem.
2863 3320 3048 3378 xmu,
3096 3299 3175 3364 ¹2
3212 3320 3229 3365 ε
3292 3299 3618 3391 Captivos
3672 3300 3867 3367 ducet

2323 3406 2508 3487 illos,
2550 3406 2811 3497 supple,
2847 3405 3202 3474 diabolus:
3244 3417 3308 3473 et
3347 3408 3711 3474 amicietur
3740 3419 3869 3473 ter·

2321 3537 2401 3581 ra
2433 3515 2734 3603 Aiqfspti
2768 3514 2946 3580 sicut
2975 3512 3301 3581 amicitur
3322 3523 3572 3604 pastor
3634 3513 3866 3606 pallio

2316 3643 2466 3690 suo.
2533 3621 2739 3689 Terra
2778 3619 3087 3712 AEgypti,
3148 3641 3300 3712 quae
3345 3622 3661 3689 amicitur
3696 3623 3868 3691 sicut

2320 3738 2554 3821 pastor
2582 3726 2812 3819 pallio,
2841 3738 2943 3797 est
2969 3735 3149 3796 terra
3176 3726 3676 3806 fraudulentiis.
3711 3753 3872 3821 pec·

2320 3838 2474 3915 cati,
2526 3846 2594 3906 et
2653 3835 3132 3904 simulationis.
3176 3835 3330 3916 Vel,
3381 3859 3466 3906 ex
3523 3840 3867 3930 opposito,

2320 3946 2800 4013 vestimentum
2850 3964 2987 4034 quo
3039 3944 3345 4033 operitur
3390 3942 3626 4025 homo,
3696 3945 3870 4013 sicut

2322 4049 2604 4143 pallium
2646 4051 2914 4141 proprie
2971 4051 3269 4118 exterius
3307 4050 3629 4118 omnibus
3668 4074 3871 4143 appa-

2324 4168 2448 4237 ret,
2479 4157 2603 4226 etsi
2636 4158 2783 4248 ipso
2814 4156 3161 4247 operiatur
3200 4154 3435 4225 homo.
3473 4156 3730 4227 Sensus
3770 4181 3872 4227 er·

2323 4287 2413 4357 go
2441 4272 2542 4334 est
2586 4287 2602 4332 ε
2638 4288 2673 4329 ι
2718 4264 2879 4332 Fiat
2904 4263 2993 4343 ei,
3037 4289 3070 4324 ιο
3128 4262 3388 4332 malitia
3424 4286 3575 4347 sua,
3618 4292 3654 4329 α
3693 4266 3870 4334 sicut

2325 4373 2791 4441 vestimentum
2823 4393 2960 4462 quo
2998 4370 3330 4464 operitur,
3364 4396 3399 4438 ιι
3433 4380 3593 4441 nota
3620 4372 3877 4443 scilicet

2327 4478 2672 4558 omnibus,
2705 4487 2770 4547 et
2800 4486 3058 4570 aperta,
3083 4477 3458 4546 secundum
3488 4478 3658 4548 illud
3690 4478 3864 4550 l’sal.

2326 4610 2535 4666 nxxn,
2569 4588 2651 4653 6:
2691 4586 2930 4678 Operti
2962 4593 3127 4653 sunt
3164 4585 3514 4676 impietate
3530 4596 3597 4656 et
3624 4588 3878 4680 iniqui-

2329 4702 2469 4762 tate
2492 4714 2649 4761 sua.
2693 4691 2779 4759 Et
2833 4691 3158 4782 iniquitas
3213 4699 3280 4760 et
3319 4692 3631 4784 impietas
3687 4702 3876 4763 extra

2330 4809 2552 4877 erunt.
2596 4822 2734 4869 non
2760 4806 3021 4891 operta,
3060 4799 3179 4868 sed
3208 4803 3471 4870 cunctis
3494 4804 3873 4871 manifesta.

2329 4910 2493 4986 Job.
2526 4932 2716 4988 xxx-1,
2750 4910 2792 4978 ὃ
2833 4931 2850 4978 :
2885 4909 3183 4978 Nullum
3222 4918 3320 4978 est
3380 4913 3874 5003 operimentum

2317 5021 2725 5118 perditioni.
2789 5019 2917 5088 lsa.
2959 5042 3059 5102 ιιι,
3099 5025 3142 5090 9
3182 5041 3199 5087 :
3243 5022 3608 5090 Peccatum
3670 5043 3877 5090 suum

681 5125 1016 5220 Corrupti
1038 5133 1226 5203 sunt,
1248 5134 1314 5193 et
1331 5121 1834 5192 abominabiles
1848 5122 2029 5211 sacti
2043 5128 2226 5189 sunt.
2333 5128 2537 5220 quasi
2562 5126 2869 5196 Sodoma
2907 5123 3484 5217 praedicaverunt,
3531 5148 3654 5196 ηερ
3714 5125 3878 5196 «ω.

676 5241 973 5331 Propter
1005 5233 1136 5303 1ιο0
1164 5231 1560 5303 insultando
1600 5230 1867 5301 dicebat
1898 5230 2054 5299 Eliu
2080 5227 2237 5298 bea·
2333 5234 2732 5303 conderunt.

677 5357 747 5419 to
800 5344 965 5422 Job,
1008 5363 1246 5420 xxxiv,
1287 5342 1326 5409 Ἰ
1365 5362 1382 5409 :
1455 5336 1608 5426 Qui
1651 5338 1821 5407 bibit
1856 5336 2237 5407 subsanna·

680 5459 934 5526 tionem
965 5449 1168 5542 quasi
1204 5472 1487 5540 aquam.
2432 5474 2466 5511 α
2496 5448 2590 5516 Et
2614 5447 2795 5515 sicut
2821 5467 3019 5513 zona.
3045 5468 3082 5505 ιι
3116 5441 3291 5511 Ecce
3319 5450 3663 5532 quartum.
3690 5443 3881 5525 Qua-

771 5592 808 5635 «
839 5564 941 5634 Et
991 5558 1169 5625 sicut
1221 5554 1477 5635 oleum,
1510 5583 1542 5620 n
1610 5553 1877 5646 supple,
1930 5553 2229 5630 intravit,
2340 5556 2392 5623 si
2433 5553 2683 5622 diceret
2715 5574 2732 5620 :
2770 5550 2885 5620 Sic
2921 5550 3032 5630 sit,
3064 5546 3175 5618 vel
3214 5550 3313 5619 sic
3369 5552 3497 5620 erit
3543 5553 3691 5642 ejus
3727 5574 3878 5621 ma·

324 5585 442 5630 Com
512 5581 633 5627 r-tio

444 5594 506 5681 ετ
696 5708 729 5741 α
758 5677 831 5745 in
870 5665 1143 5742 ossibus
1202 5661 1386 5754 ejus,
1422 5689 1457 5731 ιι
1519 5664 1589 5732 in
1634 5661 2110 5753 intelligentia,
2169 5669 2238 5731 et
2341 5661 2484 5733 litia
2515 5662 2583 5730 in
2622 5667 2905 5753 aperto:
2977 5684 3008 5722 α
3043 5668 3107 5727 et
3146 5684 3181 5722 n
3241 5657 3445 5728 etiam
3486 5658 3606 5729 fiat
3666 5661 3755 5742 ei,
3812 5662 3880 5733 id

473 5643 493 5679 t
534 5649 644 5682 ‘um

429 5693 555 5738 ulcu.
