5008 6329
223 5039 378 5090 Jadoei
427 5046 543 5089 mul·

278 5100 499 5144 nvtritor

225 5151 544 5257 22:223?
575 5158 817 5246 linquo
864 5150 1136 5225 dolosa,
1208 5173 1242 5213 n
1285 5144 1732 5229 detrahendo,
1791 5171 1914 5239 pro
1980 5171 2116 5239 qua

624 229 746 294 146
1592 223 1678 293 D.

708 425 740 458 «
777 398 957 481 Quia
985 422 1058 468 os
1089 398 1485 491 peecatoriS.
1525 421 1556 454 ιι
1596 393 1722 459 llic
1753 392 2156 472 secundum,

610 502 680 569 in
711 528 844 595 quo
919 506 1269 594 subjungit
1335 502 1667 568 rationem
1718 510 1783 567 et
1848 521 2150 575 causam,

611 637 817 703 quare
845 614 1085 683 debeat
1115 615 1260 700 ejus
1314 610 1459 676 laus
1504 609 1855 698 public-ari,
1903 608 2160 675 scilicet

611 721 822 788 illatio
855 720 1012 787 mali
1044 719 1189 785 sine
1228 739 1455 794 causa,
1501 723 1566 782 et
1607 716 1675 782 in
1718 715 1988 804 publico
2035 733 2048 777 ε
2090 718 2155 776 et

610 829 923 897 dicuntur
951 827 1100 893 tria.
1155 824 1415 902 Primo,
1468 825 1741 914 injuria.
1807 817 2153 896 Secundo,

610 937 791 1028 quod
829 938 974 1003 sine
1004 957 1208 1002 causa
1238 935 1364 1002 fuit
1412 934 1619 1009 illata,
1659 933 1778 1007 ibi,
1817 933 1885 996 in
1928 927 2156 994 medio

605 1054 668 1122 y.
697 1047 775 1114 3:
816 1070 848 1110 «t
872 1047 968 1111 Ec
995 1051 1591 1136 expuqnaverunt.
1629 1069 1659 1100 »ι
1690 1039 1945 1114 Terti0,
1972 1036 2160 1127 quod

607 1153 932 1231 benefico,
992 1163 1060 1221 et
1107 1152 1474 1220 conferenti
1536 1147 1741 1223 bona,
1779 1146 1897 1222 ibi,
1942 1151 2005 1220 ὲ.
2054 1145 2093 1208 4
2139 1165 2154 1208 ;

607 1283 642 1319 «
684 1259 823 1324 Pro
861 1280 934 1324 eo
967 1267 1042 1323 ut
1075 1279 1182 1323 me
1211 1254 1601 1343 diliqerent.
1650 1279 1681 1311 »

691 1362 767 1430 In
807 1365 1024 1454 prima
1055 1364 1183 1430 tria
1249 1359 1621 1426 secuudum
1664 1357 1997 1447 triplicem
2045 1356 2158 1420 in-

592 1476 846 1563 juriam
891 1495 1095 1563 quam
1162 1472 1462 1539 fecerunt
1515 1468 1752 1546 Judas,
1806 1478 1868 1534 et
1905 1465 2148 1532 Judaei.

602 1580 858 1656 Primo,
912 1580 1214 1668 injuriati
1261 1586 1419 1645 sunt
1494 1574 1899 1666 proferendo
1947 1573 2157 1640 verba

598 1689 939 1778 vituperii.
979 1685 1321 1776 Secundo,
1355 1684 1520 1764 doli,
1566 1682 1682 1764 ibi,
1718 1689 1782 1757 ᾗ.
1819 1683 1856 1750 3
1901 1702 1916 1748 2
1959 1707 1992 1743 α
2027 1683 2157 1747 Lo-

598 1798 740 1864 culi
763 1805 946 1866 sunl.
975 1820 1009 1860 ιι
1042 1795 1268 1863 Tertio
1302 1843 1320 1874 ,
1355 1792 1614 1873 damni,
1645 1791 1765 1870 ibi,
1817 1815 1849 1854 α
1882 1791 1977 1856 Ee
2004 1812 2154 1856 ser-

599 1904 914 1973 monibus
941 1904 1111 1972 odii.
1140 1932 1171 1965 ιι

689 2012 867 2081 Dicit
920 2033 1135 2102 ergo:
1208 2008 1348 2089 Sic,
1407 2008 1727 2086 Domine,
1798 2006 1946 2073 laus
1995 2026 2149 2072 mea

597 2145 735 2190 non
774 2129 1096 2200 taceatur,
1131 2128 1200 2188 et
1262 2119 1546 2209 dignum
1597 2125 1700 2184 est
1743 2140 1757 2184 :
1789 2141 1821 2182 α
1865 2116 2033 2206 quia
2071 2138 2147 2179 os

589 2231 984 2323 peccatoris,
1022 2256 1054 2292 ιι
1087 2228 1280 2297 Judae
1330 2227 1612 2304 scilicet,
1665 2226 1780 2316 qui
1830 2233 2149 2314 peccator

591 2340 715 2407 suit
745 2339 1308 2413 antonomastice,
1352 2344 1419 2402 et
1454 2355 1594 2402 non
1639 2332 1955 2401 credebat
1986 2353 2146 2397 ma-

589 2448 870 2517 nifestus
925 2467 1098 2523 esse,
1161 2474 1188 2510 ιι
1217 2454 1281 2511 et
1345 2441 1592 2520 dolosi,
1662 2451 1977 2532 opertum
2045 2447 2145 2505 es!

587 2581 794 2650 super
820 2579 947 2636 me,
996 2580 1028 2622 ι
1087 2578 1211 2647 per
1251 2553 1585 2630 convicia,
1647 2559 1712 2618 et
1771 2551 2133 2640 vituperia.

586 2665 743 2743 Job,
777 2686 918 2742 xvi,
967 2664 1038 2730 11
1080 2664 1558 2752 :Ape-ruerunt
1592 2680 1800 2747 super
1836 2679 1966 2734 me,
2008 2654 2138 2723 hoc

589 2780 716 2854 est,
748 2779 983 2838 contra
1027 2789 1165 2847 me,
1217 2788 1340 2833 oro
1375 2787 1530 2831 suo.
1593 2762 1846 2830 Thren.
1884 2784 1955 2840 ιι,
2002 2763 2078 2827 lt}
2116 2781 2132 2828 z

585 2881 1014 2971 Aperuerunt
1049 2896 1257 2966 super
1292 2882 1357 2940 te
1382 2895 1457 2938 os
1499 2892 1707 2937 suum
1745 2892 1975 2937 ornnes
1998 2869 2140 2934 ini-

585 2985 747 3053 mici
781 2983 909 3051 lui.
969 2980 1255 3075 Aperuit
1329 3001 1535 3069 super
1571 2999 1730 3043 eum
1788 2999 1864 3043 os
1929 2998 2134 3043 suum

583 3097 893 3184 peccator
920 3096 989 3157 et
1024 3087 1302 3156 dolosus
1347 3082 1585 3168 Judas,
1628 3081 1902 3175 quando
1933 3082 2129 3161 dixit,

581 3197 821 3268 Matth.
855 3220 1043 3277 xxvi,
1081 3196 1161 3264 15
1207 3218 1223 3263 :
1264 3192 1452 3279 Quid
1480 3191 1693 3259 vullis
1732 3190 1905 3257 milti
1933 3190 2127 3267 dore,

579 3320 643 3378 el
671 3332 793 3400 eqo
838 3307 1027 3375 vobis
1071 3327 1227 3375 eum
1292 3301 1566 3370 tradam
1603 3301 1646 3369 ‘s
1697 3302 2132 3390 Aperuerunt

578 3425 961 3510 peccatores
990 3423 1055 3482 et
1085 3411 1301 3482 dolosi
1331 3409 1580 3486 Judaei,
1614 3432 1773 3477 eum
1812 3408 2130 3476 dixerunt

577 3528 661 3597 ad
703 3527 992 3594 invicem
1026 3522 1192 3590 illud
1225 3520 1534 3611 Sapient.
1568 3541 1639 3601 ιι,
1683 3521 1761 3585 12
1808 3540 1823 3584 ε
1875 3518 2125 3596 l'enite,

575 3638 824 3707 circum
834 3633 1182 3703 veniamus
1198 3628 1504 3720 justum.

678 3990 710 4025 ιι
751 3958 993 4029 Loculi
1013 3964 1176 4025 sunt
1204 3953 1563 4024 adeersum
1611 3976 1741 4022 me.
1787 3981 1824 4018 ιι
1857 3953 1984 4024 llic
2013 3978 2129 4025 se-

580 4066 903 4136 cundum.
936 4061 1145 4143 Quasi
1214 4060 1512 4129 diceret:
1575 4060 1827 4150 Aperte
1893 4064 2126 4130 convi-

574 4175 928 4244 ciabantur
978 4178 1367 4262 peccatores
1396 4175 1464 4236 et
1511 4165 1731 4236 dolosi
1767 4190 1784 4235 ε
1819 4176 1885 4237 et
1914 4170 2121 4238 etiam

583 4311 616 4349 ιι
653 4282 866 4352 locuti
895 4289 1059 4350 sun!
1094 4278 1458 4346 adversum
1506 4299 1615 4343 me
1654 4275 1901 4368 linquo
1929 4275 2124 4346 dolo·

563 4415 669 4470 so,
711 4415 745 4455 ιι
786 4387 1022 4479 lingua
1058 4384 1314 4455 scilicet
1361 4383 1661 4451 exterius
1715 4381 2116 4453 blandienti.

566 4499 804 4571 Matth.
837 4520 1004 4578 xxn,
1047 4499 1129 4564 16
1173 4517 1190 4564 :
1249 4494 1608 4585 illoqisler,
1655 4495 1910 4563 scimus
1950 4498 2121 4587 quia

565 4632 775 4679 verax
801 4631 894 4689 es,
935 4614 1064 4675 ete.
1103 4602 1356 4671 Jerem.
1394 4623 1490 4682 ix,
1533 4603 1575 4668 8
1610 4622 1626 4668 ε
1669 4603 1949 4694 Soqitlo
1970 4603 2124 4671 vul-

564 4743 812 4790 nerans
851 4718 1097 4807 linquo
1118 4734 1379 4789 eorum,
1428 4710 1672 4780 dolum
1730 4713 1963 4783 locuto
1990 4724 2114 4783 est.

569 4828 775 4897 Eccli.
831 4848 953 4904 xn,
1019 4825 1098 4892 15
1134 4843 1151 4891 :
1193 4821 1275 4889 ln
1352 4818 1559 4887 lobiis
1611 4822 1758 4889 suis
1801 4822 2121 4890 indulca!

572 4937 992 5015 inimicus,et
1018 4933 1089 5000 in
1110 4928 1313 4999 corde
1325 4952 1452 4996 suo
1466 4929 1852 4997 insidiatur
1872 4941 1948 4999 ut
1958 4929 2121 4998 sub-

572 5056 786 5117 verto!
814 5056 878 5114 te
904 5045 974 5111 in
1010 5043 1310 5133 lot-eom.
1370 5068 1401 5098 α
1431 5040 1678 5106 Loculi
1717 5049 1880 5107 sunt
1907 5042 2118 5109 eliam

569 5263 979 5332 detractione
1011 5264 1205 5349 rogat
1254 5252 1614 5321 Psalmista
1667 5253 1866 5337 inira,
1926 5254 2112 5325 Psal.

638 5518 655 5555 ¹
680 5515 847 5572 Joan.
876 5524 954 5579 vi,
981 5509 1073 5564 31.

634 5608 658 5645 ι
687 5601 852 5675 vulg.
895 5596 1095 5664 babet,
1150 5594 1305 5653 Psal.
1353 5609 1465 5666 ινι,
1522 5597 1556 5650 3
1592 5610 1607 5650 ε
1657 5596 1870 5668 Linque
1916 5617 2107 5659 eorum

1758 221 1955 287 ΑΕΒ.
2015 218 2232 286 MAG.
2288 217 2495 287 ORD.
2552 223 2851 292 PRAED.

2274 414 2455 475 cxix,
2489 397 2530 460 2
2577 418 2591 462 :
2629 397 2946 474 Domine,
2984 394 3200 462 libero
3229 416 3337 462 me
3364 418 3408 462 α
3451 394 3657 464 labiis
3695 394 3835 460 ini-

2274 504 2454 591 quis,
2509 515 2572 571 et
2629 530 2670 572 α
2726 506 2975 594 linqua
3040 505 3302 572 doloso.
3364 503 3828 571 Detrahebant

2275 617 2502 676 autem
2523 610 2740 679 Judaei
2768 609 3036 678 Christo
3058 607 3824 698 multipliciter.1’rim0,

2275 718 2707 786 attribuendo
2749 719 2807 784 ei
2832 714 3018 807 quod
3047 737 3246 782 suum
3280 737 3418 782 non
3444 722 3612 795 erat,
3655 712 3814 779 Luc.

2272 846 2370 904 xi,
2420 825 2498 891 15
2546 847 2560 890 :
2622 827 2703 892 In
2747 822 3150 900 Beelzebub,
3204 824 3518 913 principe
3572 821 3827 887 daemo-

2269 931 2575 1012 niorum,
2600 933 2797 1022 ejicit
2834 932 3198 999 daemonia.
3244 929 3418 997 Male
3450 927 3824 995 attribuen-

2271 1037 2357 1105 do
2398 1040 2582 1129 quod
2623 1062 2824 1107 suum
2856 1046 3023 1116 erat,
3074 1035 3377 1126 Sapient.
3423 1059 3492 1112 11,
3533 1037 3610 1103 13
3656 1057 3670 1100 :
3720 1035 3837 1101 Fi-

2273 1145 2449 1212 lium
2487 1148 2622 1214 Dei
2655 1171 2726 1211 se
2758 1146 3096 1212 nominat.
3142 1143 3247 1221 Et,
3272 1142 3472 1209 Joan.
3524 1164 3663 1220 xix,
3728 1141 3767 1207 7
3803 1160 3818 1205 :

2272 1255 2539 1322 Filium
2576 1255 2703 1325 Dei
2740 1278 2811 1322 se
2839 1254 3026 1344 lecit.
3074 1248 3514 1317 Attenuando
3567 1248 3824 1314 bonum

2270 1362 2457 1451 quod
2497 1363 2768 1447 fecerat,
2807 1360 3083 1451 quando
3114 1358 3476 1425 satiaverat
3506 1357 3572 1422 in
3613 1355 3832 1423 deser-

2272 1478 2338 1538 to
2397 1474 2699 1564 quinque
2815 1470 3031 1538 millia
3095 1468 3455 1534 hominum
3527 1467 3827 1556 quinque

2263 1582 2583 1670 panibus,
2655 1582 2976 1649 dixerunt
3020 1580 3315 1645 :Patres
3370 1576 3588 1641 nostri
3635 1597 3825 1641 mon-

2263 1689 2688 1758 ducat-erunt
2797 1709 3058 1755 monna
3132 1685 3205 1751 in
3292 1682 3576 1759 deserte,
3646 1683 3825 1750 sicut

2257 1800 2593 1891 scriptum
2634 1810 2755 1881 est,
2800 1807 2929 1866 etc.
2977 1807 3020 1865 ¹.

2350 2039 2385 2075 α
2423 2013 2515 2079 Et
2550 2008 2982 2080 sermonibus
3029 2010 3197 2077 odii.
3245 2036 3279 2076 ιι
3333 2010 3461 2079 Hic
3507 2012 3804 2079 tertium.

2254 2118 2466 2199 Quasi
2498 2121 2753 2190 diceret
2785 2141 2802 2188 ε
2844 2118 2958 2185 Sic
3018 2119 3324 2187 convicia
3355 2120 3692 2202 dixerunt,
3738 2129 3806 2188 et

2252 2229 2719 2310 detraxerunt,
2785 2253 2817 2294 α
2862 2240 2927 2297 et
2959 2252 2991 2294 ι
3028 2228 3233 2295 etiam
3277 2252 3309 2293 α
3345 2228 3808 2296 circumdede-

2251 2349 2416 2406 runt
2470 2363 2579 2409 me
2630 2337 3056 2408 sermonibus
3122 2337 3291 2405 odii.
3333 2364 3365 2399 ιι
3438 2335 3803 2404 Sermones

2250 2447 2387 2514 odii
2419 2449 2693 2540 proprie
2723 2453 2911 2526 sunt,
2954 2443 3203 2536 quibus
3252 2444 3581 2512 damnum
3612 2443 3801 2512 alteri

2249 2565 2656 2648 procuratur
2691 2581 2707 2626 ε
2742 2564 2808 2625 et
2849 2556 2975 2646 ipsi
3033 2555 3464 2623 sermonibus
3512 2563 3801 2622 mortem

2246 2667 2462 2757 ipsius
2539 2672 3102 2758 procuraverunt.
3185 2663 3386 2732 Joan.
3442 2687 3579 2740 xix,
3661 2666 3737 2730 15
3782 2686 3798 2731 :

2251 2774 2464 2853 Tolle,
2499 2776 2693 2854 tolle,
2727 2772 3055 2861 crucifiqe
3103 2792 3282 2837 eum.
3339 2769 3522 2840 l’sal.
3563 2794 3693 2848 ινι,
3736 2773 3802 2850 5,

2244 2882 2620 2950 secundum
2663 2881 2870 2949 aliam
2928 2877 3220 2946 litteram
3257 2899 3272 2944 :
3312 2907 3344 2941 «
3380 2877 3646 2968 Lingua
3685 2900 3807 2946 eo-

2244 3011 2395 3058 rum
2439 2987 2778 3058 machoera
2809 2994 3011 3056 acuta
3039 2985 3089 3053 ⁸.
3129 3010 3161 3052 ι

2333 3229 2368 3270 ι
2401 3206 2498 3273 ΕΙ
2536 3208 3130 3296 expuqnaverunl.
3175 3227 3206 3261 ιι
3237 3197 3368 3267 llic
3395 3198 3795 3278 secundum,

2239 3311 2307 3378 in
2340 3333 2479 3402 quo
2512 3318 2787 3378 ostensa
2811 3306 3085 3374 illorum
3116 3304 3341 3396 culpa,
3377 3313 3443 3373 et
3466 3304 3794 3397 nequitia,

2239 3419 2704 3488 innocentiam
2728 3436 2927 3482 suam
2968 3412 3262 3481 ostendit
3300 3413 3384 3481 ad
3424 3412 3642 3505 culpae
3672 3436 3801 3504 ag-

2234 3527 2740 3615 gravationem.

2326 3634 2506 3703 Dicit
2579 3633 2764 3703 enim
2809 3651 2827 3701 ε
2866 3627 2981 3698 Sic
3030 3629 3389 3697 conviciati
3455 3637 3639 3711 sunt,
3670 3628 3800 3697 de-

2233 3752 2614 3826 traxerunt,
2673 3742 3006 3810 damnum
3073 3760 3292 3829 usque
3356 3737 3441 3806 ad
3500 3747 3788 3807 mortem

2232 3857 2823 3945 procuraverunt:
2893 3872 2928 3913 ι
2973 3855 3040 3916 et
3079 3874 3115 3909 ιι
3179 3847 3248 3913 in
3299 3844 3405 3915 his
3469 3845 3790 3914 omnibus

2236 3987 2271 4028 ι
2305 3964 2880 4055 expuqnoverun!
2915 3975 3047 4033 me,
3084 3980 3117 4015 ιο
3144 3961 3209 4021 et
3238 3952 3371 4022 hoc
3401 3978 3436 4019 ι
3465 3955 3723 4045 oratis:
3748 3981 3780 4015 ιι

2231 4069 2302 4139 id
2322 4079 2449 4150 est,
2468 4091 2594 4161 pro
2623 4063 2843 4135 nihilo
2874 4070 2937 4130 et
2960 4061 3107 4130 sine
3127 4083 3357 4130 causa.
3393 4060 3573 4131 l‘sal.
3606 4085 3783 4142 cxix,

2229 4180 2270 4247 Ἰ
2308 4201 2326 4247 :
2373 4177 2549 4248 Cum
2627 4170 2960 4265 loquebar
3034 4169 3211 4250 illis,
3281 4168 3787 4261 impugnabant

2228 4306 2338 4352 me
2382 4283 2632 4374 qratis.
2695 4278 2780 4347 131
2808 4275 2998 4356 alibi,
3071 4272 3254 4343 Psal.
3331 4297 3559 4354 cxvm,
3601 4277 3718 4344 161
3760 4296 3780 4344 :

2227 4392 2585 4483 Principes
2602 4384 2946 4482 persecuti
2978 4391 3143 4450 sun!
3168 4405 3278 4450 me
3298 4382 3547 4473 qrolis.

2317 4495 2498 4564 Nota
2520 4493 2836 4562 Glossam
2865 4510 2881 4557 ε
2910 4517 2943 4549 «
2969 4486 3160 4556 Sicut
3177 4487 3307 4578 piis
3326 4510 3447 4578 per
3474 4509 3546 4555 se
3565 4486 3779 4577 placet

2223 4605 2537 4695 aequitas,
2568 4611 2729 4680 etc„
2778 4623 2813 4665 ιι
2835 4602 3075 4665 contra
3103 4594 3289 4687 quod
3322 4593 3593 4664 videtur
3637 4618 3783 4665 esse

2227 4711 2394 4781 illud
2421 4708 2793 4803 Augustini
2829 4727 2845 4773 :
2886 4730 2921 4771 ι
2956 4701 3206 4771 Nullus
3244 4702 3393 4772 vult
3425 4703 3709 4774 malum.
3751 4730 3785 4772 ι

2226 4820 2313 4890 Et
2340 4829 2443 4890 est
2472 4816 2859 4909 responsio,
2893 4812 3081 4904 quod
3109 4811 3339 4881 nullus
3358 4812 3506 4882 vult
3527 4815 3785 4883 malum

2227 4937 2506 5019 propter
2559 4948 2658 5003 se,
2719 4920 2840 4991 sed
2888 4927 3167 5011 propter
3220 4942 3592 4989 annexum.
3655 4919 3781 4990 vel

2226 5041 2473 5110 melius
2516 5063 2532 5110 :
2588 5038 2838 5108 Nullus
2895 5034 3071 5103 bene
3137 5034 3558 5125 dispositus:
3606 5034 3781 5103 male

2224 5162 2454 5221 autem
2487 5148 2862 5240 dispositus
2900 5153 3126 5235 potest
3171 5143 3370 5213 velle.
3403 5143 3505 5212 De
3535 5141 3783 5214 talibus

2223 5268 2455 5329 autem
2493 5256 2607 5327 hic
2635 5256 2973 5347 loquitur.

2215 5505 2439 5579 alodius
2461 5509 2676 5562 oculus.
