5008 6329
322 536 506 606 loe

603 348 731 415 332

698 546 730 584 α
765 523 1084 590 Loetabor
1113 547 1258 612 eqo,
1301 549 1332 586 »
1389 523 1517 590 Hic
1574 525 1980 602 secundum,
2021 528 2157 592 sci-

603 626 761 696 licet
812 640 1026 698 status
1084 634 1180 699 sic
1240 634 1539 723 purgati,
1604 636 1719 724 qui
1780 635 2158 703 ostenditur

605 734 674 799 in
740 737 979 804 tribus.
1024 737 1102 804 In
1162 738 1397 807 laetitia
1453 740 1849 810 vehementi
1898 743 1965 808 in
2007 741 2155 831 lege

602 841 835 908 divina
873 842 1102 914 habita
1134 850 1382 937 prim0.
1430 849 1510 916 In
1550 851 1815 938 ingenti
1862 849 2019 915 odio
2071 849 2154 915 ad

599 949 780 1018 mala
817 950 953 1042 legi
993 953 1114 1023 Dei
1148 960 1492 1024 contraria
1521 954 1845 1023 secundo.
1891 953 2156 1021 Secun-

597 1057 759 1126 dum
835 1065 1143 1153 sequitur
1200 1087 1281 1132 ex
1350 1065 1602 1154 primo,
1662 1062 1783 1141 ibi,
1834 1068 1898 1138 y.
1970 1062 2145 1130 163:

597 1191 632 1228 α
658 1167 1109 1258 Iniquitatem
1148 1170 1306 1237 odio
1346 1167 1588 1236 habui.
1628 1196 1660 1230 »
1697 1168 1776 1235 In
1814 1168 2151 1259 frequenti

591 1269 793 1341 laude
821 1276 973 1353 Dei,
1035 1284 1102 1342 et
1158 1277 1354 1364 quasi
1415 1277 1767 1355 continua,
1812 1277 1996 1366 quod
2049 1299 2152 1344 se-

592 1380 823 1467 quitur
852 1402 936 1446 ex
966 1380 1256 1458 duobuS‚
1313 1381 1433 1465 ibi,
1467 1389 1531 1458 ᾗ.
1590 1383 1758 1449 164:
1826 1384 2152 1475 «Septies

593 1486 663 1550 in
695 1485 827 1552 die.
869 1511 902 1552 ¹»

680 1589 759 1658 In
817 1593 1037 1681 prima
1100 1593 1261 1661 duo.
1317 1594 1582 1674 Primo,
1617 1593 1854 1662 laetitia
1901 1596 1970 1660 in
2001 1594 2149 1662 elo-

591 1698 771 1788 quiis
794 1699 1067 1767 divinis.
1107 1699 1456 1782 Secunde,
1494 1700 1744 1768 laetitiae
1784 1699 2149 1768 vehemen-

594 1806 708 1885 tia,
754 1806 874 1885 ihi,
922 1833 954 1871 α
994 1809 1193 1877 Sicut
1223 1809 1345 1898 qui
1385 1809 1664 1875 invenit.
1704 1835 1738 1870 x·

674 1911 855 1980 Dicit
902 1935 1110 2003 ergo:
1170 1913 1285 1982 Sic
1338 1912 1705 1981 tribulatus
1753 1922 2026 1992 sum,et
2052 1914 2145 1980 ti-

585 2020 754 2095 mui.
798 2027 864 2088 et
890 2043 1009 2111 per
1036 2019 1167 2089 hoc
1207 2022 1564 2112 purgatior
1592 2021 1922 2101 redditus,
1961 2046 1994 2087 c
2030 2021 2144 2088 lae-

585 2124 784 2194 tabor
810 2151 932 2218 eqo
960 2152 1167 2220 super
1193 2128 1474 2220 eloquia
1504 2139 1652 2214 tua,
1688 2157 1720 2190 ι
1752 2131 1818 2196 ἰιι
1852 2119 2140 2219 eloquiis

584 2232 838 2302 scilicet
884 2236 1044 2305 tuis.
1086 2235 1295 2304 Eccli.
1341 2258 1429 2313 u,
1481 2236 1616 2302 20:
1661 2238 2003 2302 Loe'tatum
2044 2243 2140 2301 est

581 2363 948 2411 cormeum
977 2345 1050 2411 in
1098 2367 1206 2428 ea,
1258 2342 1519 2412 scilicet
1556 2343 1789 2411 divina
1828 2342 2133 2422 scientia,

580 2470 701 2515 seu
740 2452 1095 2540 sapientia.
1132 2451 1216 2518 Et
1253 2449 1387 2519 hoc
1415 2473 1555 2518 non
1587 2450 1960 2532 modicum,
1994 2449 2135 2517 imo

579 2554 1045 2636 vehementer,
1072 2559 1233 2649 quia
1255 2587 1288 2620 «
1323 2560 1504 2626 sicut
1541 2558 1666 2649 qui
1702 2558 1959 2626 invenit
1984 2580 2137 2649 spo·

583 2661 682 2729 lia
712 2665 966 2733 multa.
1007 2694 1039 2727 a
1089 2665 1219 2735 lsa.
1264 2689 1359 2746 ix,
1394 2668 1478 2734 3:
1528 2664 1983 2734 Laetabuntur
2016 2688 2135 2733 co-

578 2792 733 2838 ram
766 2781 852 2849 te.
916 2776 986 2841 in
1043 2772 1335 2863 eloquiis
1384 2775 1622 2852 sacris,
1682 2772 1931 2863 quibus
1977 2796 2132 2841 cum

576 2876 672 2944 eis
700 2886 1050 2970 tanlquam
1082 2901 1239 2947 cum
1280 2878 1757 2948 assistentibus
1804 2878 2129 2969 loqueris,

570 2984 750 3051 sicut
786 2986 912 3076 qui
952 2985 1283 3054 loetantur
1315 2987 1387 3054 in
1416 3009 1653 3065 messe,
1684 2987 1863 3054 sicut
1899 2987 2132 3055 exsul·

574 3099 726 3158 tant
765 3093 1048 3161 victores
1077 3105 1282 3185 capta
1305 3094 1576 3185 praeda,
1620 3094 1898 3186 quando
1945 3094 2132 3162 divi-

578 3200 755 3267 dunt
778 3202 1054 3292 spolia:
1094 3202 1347 3292 quippe
1391 3223 1687 3270 messem
1731 3202 2018 3292 colligit,
2061 3204 2130 3269 in

570 3294 712 3398 'qua
772 3330 911 3376 non
955 3307 1316 3377 laboravit.
1375 3308 1584 3377 Josn.
1636 3332 1734 3393 ιν,
1796 3310 1926 3378 38:
1978 3312 2129 3400 qu

574 3416 734 3482 misi
809 3439 924 3483 vos
980 3425 1223 3483 metere
1278 3417 1471 3507 quod
1530 3440 1668 3485 non
1738 3416 2126 3487 laborastis.

578 3523 815 3616 Spolia
873 3527 1367 3617 pretiosissima
1414 3528 1699 3606 invenit,
1752 3536 1820 3596 et
1864 3527 2126 3597 dividit.

580 3631 888 3724 Sapient.
922 3655 1043 3714 vn,
1077 3636 1117 3701 9
1146 3657 1162 3702 ε
1202 3635 1421 3705 Omne
1448 3658 1705 3705 aurum
1735 3637 1809 3704 in
1851 3659 2135 3728 compa-

577 3741 852 3810 ratione
914 3741 1141 3821 illius,
1201 3740 1462 3811 scilieet
1510 3743 1888 3834 sapientiae,
1922 3765 2134 3812 arena

579 3856 676 3915 est
702 3849 984 3939 exiyua.
1020 3847 1182 3918 llaec
1217 3850 1519 3940 pretiosa
1554 3850 1775 3940 spolia
1803 3872 1845 3919 a
1877 3849 2135 3918 Judaeis

580 3954 1003 4038 auferuntur.
1039 3955 1282 4026 Matth.
1317 3980 1460 4037 xxi,
1495 3958 1582 4026 43
1614 3979 1633 4025 ε
1684 3960 2065 4049 Auferetur
2090 3982 2136 4027 a

582 4063 770 4133 vobis
805 4087 1092 4157 reqnum
1110 4067 1268 4149 Dei,
1303 4068 1718 4159 sempiterna
1748 4066 2135 4136 scilicetsa-

583 4181 953 4242 crementa.
1015 4171 1147 4252 Qui
1194 4196 1362 4265 ergo
1393 4195 1435 4242 a
1483 4175 1714 4244 verbis
1750 4173 2034 4244 timebat
2062 4183 2138 4242 ut

586 4287 1015 4371 purgaretur,
1064 4278 1178 4348 hic
1216 4281 1365 4369 jam
1421 4280 1636 4352 verba
1675 4283 1874 4375 quasi
1919 4281 2137 4373 spolia

586 4383 848 4476 colligit
883 4394 962 4456 ut
988 4386 1261 4455 ditetur.

681 4735 712 4768 α
733 4704 1182 4797 Iniquitatem
1201 4705 1364 4776 odio
1391 4705 1636 4778 habui.
1661 4731 1696 4773 ι
1730 4705 1861 4778 nic
1892 4728 2131 4775 secun·

584 4813 853 4893 dum‚in
874 4836 1011 4906 quo
1030 4814 1349 4883 dicuntur
1367 4816 1498 4883 tria
1518 4814 2129 4906 similiter.Primo,

582 4922 959 5012 iniquitatis
989 4921 1251 5002 odium.
1284 4931 1350 4991 et
1371 4920 1759 4993 detestatio.
1783 4921 2130 5008 Secundo,

578 5026 1006 5098 vehementia
1057 5028 1553 5111 detestationis,
1589 5029 1711 5113 ibi,
1768 5059 1802 5096 ιι
1834 5032 1932 5099 Et
1959 5029 2132 5099 abo-

575 5135 880 5205 minatus
924 5160 1105 5208 sum.
1151 5164 1185 5199 ιο
1251 5135 1512 5218 Tertio,
1581 5138 1755 5207 ratio
1795 5146 1862 5208 et
1924 5159 2130 5209 causa

570 5243 737 5310 tenti
778 5242 943 5323 odii,
987 5244 1103 5322 ibi,
1163 5272 1197 5309 α
1231 5246 1480 5335 Leqem
1528 5254 1762 5314 autem
1801 5255 2026 5318 tuam.
2060 5271 2096 5309 κ

661 5347 841 5419 Dicit
865 5372 1072 5442 ergo:
1126 5349 1243 5419 Sic
1279 5360 1612 5444 purgatus
1642 5351 1951 5423 laetitiam
2000 5375 2125 5422 ve-

572 5455 965 5526 hementem
1001 5457 1073 5525 in
1099 5456 1252 5549 lege
1281 5455 1526 5541 habui,
1568 5467 1637 5527 et
1662 5460 1872 5529 etiam
1914 5488 1952 5527 α
1991 5460 2118 5529 ini·

568 5564 902 5656 quitatem
950 5565 1169 5634 habui
1222 5566 1409 5646 odio,
1448 5595 1483 5632 ιο
1543 5592 1681 5638 non
1735 5593 1889 5639 sum
1947 5571 2121 5639 sicut

566 5669 707 5751 ille,
740 5671 821 5742 ‹le
852 5696 987 5766 quo
1016 5664 1246 5764 supra,
1272 5674 1344 5741 in
1368 5673 1553 5745 Psal.
1588 5680 1897 5758 xxxv,5:
1963 5677 2118 5748 Ad·

1606 353 1690 419 D.
1745 351 1945 422 ALB.
1996 352 2213 424 MAG.
2266 353 2472 421 om).
2531 354 2822 421 PRAED.

2257 529 2434 594 stitit
2472 528 2661 594 omni
2692 528 2816 593 υἱέε
2855 547 2991 591 ηοη
3039 524 3248 599 bonae,
3276 519 3630 586 malitiam
3670 536 3802 580 au-

2259 643 2392 700 tem
2413 657 2548 700 non
2588 633 2828 700 odivit.
2868 631 3004 699 Sed
3025 633 3198 697 sicut
3230 637 3327 707 tu,
3365 626 3446 692 de
3476 645 3643 713 quo,
3671 620 3804 686 Ec-

2260 743 2366 810 cli.
2403 766 2521 818 xu,
2566 743 2646 810 3:
2681 743 3075 809 Altis-simus
3118 739 3275 806 odio
3314 733 3515 802 habet
3557 752 3803 820 pecca-

2261 859 2454 917 tores.
2489 850 2630 918 Nec
2686 860 2950 916 tantum
3003 849 3212 926 odivi,
3262 847 3401 912 imo
3433 839 3617 932 quod
3648 836 3799 927 plus

2258 964 2381 1036 est,
2445 982 2479 1017 «
2513 964 2576 1021 et
2628 953 3064 1022 abominatus
3099 976 3278 1031 sum,
3320 977 3352 1014 ι
3406 953 3623 1040 ipsam
3667 944 3802 1010 ini-

2258 1065 2606 1153 quitatem.
2677 1063 2880 1130 Eccli.
2935 1086 3100 1141 xvn,
3161 1063 3289 1130 23:
3344 1060 3571 1129 Nimis
3610 1053 3796 1121 odito

2255 1173 2801 1250 exsecrationem,
2855 1181 3206 1261 peccatum
3267 1167 3524 1236 scilicet
3565 1172 3634 1231 et
3671 1163 3800 1228 ini-

2255 1278 2608 1368 quitatem.
2684 1277 3008 1346 Proverb.
3061 1299 3250 1353 xxix,
3323 1276 3450 1341 27:
3514 1270 3803 1339 Abomi-

2252 1395 2511 1452 nantur
2535 1386 2724 1475 justi
2763 1388 2990 1453 virum
3056 1385 3375 1475 impium,
3411 1403 3547 1448 non
3602 1398 3803 1468 prop-

2254 1500 2357 1559 ter
2409 1501 2752 1570 naturam,
2814 1493 2932 1560 sed
2988 1500 3267 1582 propter
3340 1489 3799 1577 iniquitatem,

2249 1623 2399 1690 quae
2442 1611 2544 1669 est
2591 1623 2961 1669 venenosa.
3026 1599 3230 1667 Eccli.
3276 1621 3418 1681 xxi,
3464 1598 3546 1662 2:
3586 1592 3805 1677 Quasi

2251 1733 2295 1777 a
2327 1711 2512 1798 facie
2540 1709 2809 1777 colubri
2844 1714 3015 1799 [αρε
3044 1718 3424 1800 peccatum.

2340 1844 2373 1880 α
2407 1820 2652 1907 Leqem
2683 1827 2913 1885 autem
2951 1827 3170 1884 tuam.
3211 1845 3242 1877 »
3279 1815 3448 1881 Ecce
3487 1814 3792 1880 tertium.

2248 1925 2455 2005 Quasi
2488 1926 2780 1994 diceret:
2819 1924 2935 1994 Sic
2966 1926 3390 2017 iniquitatem
3432 1920 3797 1990 vehemen-

2244 2041 2349 2100 ter
2376 2033 2560 2101 odivi
2589 2055 2604 2100 :
2637 2059 2670 2098 α
2705 2043 2962 2112 autem,
2991 2060 3023 2093 ι
3064 2032 3252 2123 quia,
3295 2059 3326 2095 α
3358 2030 3573 2119 leqem
3596 2038 3793 2094 tuam

2244 2140 2483 2208 dilexi.
2525 2168 2558 2204 ιο
2620 2139 2924 2230 Sapient.
2986 2162 3082 2220 vi,
3136 2140 3253 2206 12:
3320 2135 3794 2227 Concupiscite

2240 2271 2577 2316 sermones
2613 2270 2818 2327 meos,
2854 2247 3016 2315 dicit
3068 2245 3444 2336 Sapientia,
3516 2243 3792 2331 ditique

2245 2354 2430 2422 illos.
2461 2354 2644 2422 Talis
2674 2363 2902 2422 autem
2932 2351 3479 2443 concupiscentia
3509 2372 3646 2417 non
3689 2356 3791 2414 est

2241 2463 2587 2531 modicum
2653 2462 3020 2530 fructuosa.
3104 2459 3409 2550 Sapient.
3495 2481 3592 2536 w,
3662 2458 3783 2522 2¹:

2245 2571 2798 2662 Concupiscentia
2887 2569 3245 2660 sapientie
3335 2565 3609 2632 deducit
3692 2561 3791 2629 acl

2240 2698 2525 2767 reqnum
2544 2686 2975 2768 perpetuum.

2328 3026 2361 3067 c
2399 3001 2661 3091 Septies
2687 3000 2759 3066 in
2787 2998 2921 3066 die.
2961 3020 2993 3061 »
3035 2995 3163 3062 llic
3189 2992 3493 3074 tertium,
3523 2988 3778 3058 scilicet

2237 3109 2554 3201 frequens
2589 3106 2738 3176 laus
2766 3106 2918 3187 Dei,
2949 3112 3019 3173 et
3045 3102 3389 3172 continua.
3426 3097 3580 3166 Duo
3609 3118 3774 3186 ergo

2236 3221 2632 3304 tanguntur.
2711 3210 2960 3279 Laudis
3046 3204 3430 3297 frequentia
3523 3204 3772 3293 primo.

2240 3319 2484 3388 Laudis
2550 3319 2831 3389 materia
2895 3314 3218 3392 secundo,
3281 3311 3401 3390 ibi,
3476 3337 3506 3371 α
3552 3312 3779 3400 Super

2225 3426 2533 3516 judicia.
2578 3451 2616 3489 ιι

2329 3533 2508 3603 Dicit
2550 3555 2714 3624 ergo
2752 3554 2768 3600 :
2836 3531 2950 3599 Sic
3005 3529 3273 3597 laetatus
3333 3549 3487 3594 sum
3534 3526 3602 3591 in
3633 3522 3785 3592 elo-

2242 3642 2442 3732 quiis,
2477 3640 2658 3709 odivi
2685 3639 3021 3709 contraria
3045 3636 3202 3717 illis,
3235 3643 3301 3703 et
3330 3636 3535 3702 etiam
3569 3660 3601 3694 ι
3633 3630 3786 3698 lau·

2241 3748 2392 3817 dem
2447 3748 2602 3817 dia-i
2645 3746 2800 3829 tibi,
2844 3772 2880 3809 n
2956 3768 2999 3814 o
3064 3742 3411 3812 Domine:
3484 3747 3552 3808 et
3625 3737 3782 3814 hoc,

2245 3883 2278 3922 α
2316 3858 2562 3949 septies
2580 3857 2653 3924 in
2680 3854 2815 3936 die,
2852 3879 2885 3920 n
2911 3853 2978 3921 id
3007 3860 3132 3929 est,
3175 3872 3470 3939 semper,
3514 3855 3580 3915 et
3617 3868 3790 3915 con-

2243 3964 2455 4032 tinue.
2498 3961 2577 4030 ln
2623 3960 3005 4053 septenario
3047 3959 3231 4027 enim
3282 3959 3594 4047 signatur
3631 3975 3789 4044 per-

2242 4069 2465 4150 fectio,
2486 4077 2553 4138 et
2573 4089 2694 4160 per
2716 4074 2937 4137 totum
2969 4075 3232 4156 tempus
3248 4063 3545 4141 duratio,
3580 4061 3782 4140 sicut,

2246 4177 2462 4248 Eccle.
2512 4200 2606 4256 xi,
2643 4179 2727 4246 2:
2788 4177 2902 4245 Da
2942 4182 3175 4267 partes
3218 4181 3499 4262 septem,
3532 4190 3789 4236 necnon

2244 4296 2309 4354 et
2362 4295 2534 4354 octo.
2597 4282 2673 4352 ln
2745 4281 3131 4372 septenario
3195 4276 3521 4369 perfectio
3578 4271 3788 4363 hujus

2247 4390 2594 4482 temporie,
2651 4388 2722 4456 in
2777 4395 2931 4456 octo
2961 4394 3186 4455 autem
3244 4380 3565 4474 perfectio
3597 4388 3788 4447 aeter·

2245 4499 2475 4568 nitatis
2512 4496 2933 4588 intelligitur.
2966 4493 3076 4575 Et,
3107 4489 3313 4561 nich.
3363 4512 3436 4569 ν,
3469 4490 3556 4558 5:
3608 4490 3786 4558 Sus·

2242 4604 2606 4675 citabimus
2636 4625 2846 4697 super
2870 4624 3025 4671 eum
3051 4609 3303 4693 septem
3333 4606 3679 4691 pastores,
3716 4592 3785 4663 id

2242 4715 2369 4786 est,
2402 4713 2707 4799 pastores
2735 4726 2853 4774 eos
2889 4725 3011 4795 per
3045 4710 3264 4770 totum
3323 4709 3598 4791 ternpus
3653 4695 3787 4765 hoc

2244 4824 2616 4906 pascentes.
2657 4810 2802 4889 Vel,
2830 4811 3080 4902 septies
3123 4807 3208 4877 ad
3264 4807 3591 4885 litteram,
3626 4805 3787 4896 quia

2242 4925 2489 5016 septies
2555 4945 2675 5014 per
2727 4943 2836 4989 me
2901 4917 3069 4987 cado
3116 4918 3186 4985 in
3256 4917 3390 4993 die,
3433 4924 3500 4983 et
3538 4936 3663 5004 per
3721 4919 3787 4979 te

2242 5031 2489 5122 septies
2518 5048 2836 5120 resurgo:
2879 5024 3059 5093 unde
3099 5023 3166 5091 in
3213 5021 3574 5091 emendam
3627 5038 3791 5108 sep-

2239 5139 2366 5207 ties
2394 5137 2518 5207 tibi
2572 5133 2975 5205 sacrificium
3041 5131 3258 5200 laudis
3297 5129 3535 5196 oss'ero.
3609 5124 3784 5192 Pro-

2237 5247 2426 5316 verb.
2459 5268 2650 5322 xxiv,
2681 5244 2760 5310 16
2794 5264 2811 5309 :
2852 5241 3112 5332 Septies
3143 5242 3211 5308 in
3258 5238 3369 5306 die
3407 5234 3606 5303 cadet
3645 5233 3787 5323 ju-

2233 5365 2401 5437 stus,
2433 5365 2498 5424 et
2543 5358 2873 5442 resurqet.
2902 5348 3141 5428 Josue,
3176 5370 3273 5433 vi,
3302 5353 3370 5415 et
3405 5366 3586 5435 seq..
3614 5364 3780 5433 sep-

2235 5471 2393 5532 teno
2440 5460 2726 5554 circuitu
2763 5455 2949 5526 muri
2999 5452 3275 5524 Jericho
3338 5455 3777 5535 corruerunt,

2234 5570 2432 5641 laude
2462 5569 2715 5640 scilicet
2743 5566 2990 5657 septies
3037 5564 3318 5653 repetita
3376 5560 3604 5630 omnis
3653 5557 3779 5626 de-

2232 5677 2446 5746 fectus
2482 5676 2761 5756 corruit,
2794 5681 2860 5741 et
2882 5669 3274 5739 destruitur.

3866 2998 4060 3068 164
