5008 6329
2044 214 2758 285 COMMENTARIUS
2811 214 2904 281 IN
2955 211 3394 280 l‘SALMUM
3446 210 3583 280 CV.
4349 215 4431 281 89

1223 389 1434 456 Exod.
1496 413 1638 471 xm,
1711 392 1784 457 31
1877 415 1890 459 ε
1971 392 2452 478 Crediderzmt,
2525 392 2778 459 seilicet

1223 493 1337 560 filii
1376 493 1608 574 Israel,
1636 499 1960 578 Domino,
2014 509 2077 565 et
2115 502 2345 590 Moysi
2370 521 2559 566 servo
2591 495 2774 586 ejus.

1221 603 1392 671 Ante
1447 628 1583 672 non
1638 616 1982 696 poterant,
2047 632 2228 677 nunc
2274 606 2569 675 convicti
2628 625 2777 671 cre-

1223 709 1406 776 dunt.
1442 711 1643 778 Joan.
1691 736 1784 795 iv,
1820 717 1904 782 48
1950 737 1965 782 :
2012 717 2168 782 Nisi
2193 717 2397 803 siqua
2433 721 2496 779 et
2528 709 2777 801 prodi-

1217 841 1304 907 φα
1345 819 1675 898 videritis,
1725 846 1858 888 non
1890 821 2186 889 creditis.
2232 820 2413 886 'l'alis
2455 819 2580 884 fuit
2620 841 2774 886 san·

1217 934 1358 992 ctus
1395 925 1721 1007 Thomas,
1765 929 1872 995 eui
1914 928 2170 995 dictum
2221 934 2346 1002 est,
2394 924 2596 992 Joan.
2651 948 2768 1007 xx,

1217 1040 1295 1106 29
1331 1062 1345 1106 :
1389 1041 1569 1122 Quia
1610 1041 1846 1107 vidisti
1875 1063 2005 1118 me,
2046 1039 2327 1116 Tleoma,
2363 1038 2718 1106 credidisti
2749 1061 2770 1104 :

1218 1144 1393 1213 beati
1429 1149 1715 1237 quinon
1765 1147 2108 1223 viderunt,
2171 1156 2234 1212 et
2280 1147 2714 1213 crediderunt
2745 1168 2767 1211 .·

1217 1254 1371 1343 quia
1426 1254 1698 1321 credere
1767 1252 1954 1344 quod
1993 1274 2133 1319 non
2190 1253 2486 1333 videtur,
2553 1251 2767 1319 multo

1213 1361 1574 1452 gloriosius
1616 1368 1738 1429 est.
1769 1360 2215 1429 Cassiodorus
2251 1383 2265 1428 :
2305 1386 2337 1425 α
2395 1359 2465 1427 Si
2510 1360 2768 1426 bonum

1216 1491 1249 1532 ι
1280 1468 1366 1534 sit
1404 1468 1570 1535 visis
1612 1470 2064 1558 acquiescere,
2124 1467 2342 1536 multo
2385 1465 2629 1534 melius
2668 1473 2771 1533 est

1215 1598 1248 1639 ι
1280 1577 1616 1664 promissa
1654 1576 2042 1644 credidisse.
2090 1601 2121 1640 »

1299 1707 1331 1746 α
1374 1684 1469 1751 Et
1503 1683 1994 1761 laudaverunt,
2043 1709 2074 1748 »
2110 1705 2226 1750 ore
2268 1705 2500 1749 coram
2534 1682 2766 1749 omni-

1210 1789 1357 1870 huS,
1395 1815 1428 1856 ι
1466 1790 1746 1859 laudem
1776 1790 1956 1880 ejuS.
1995 1815 2030 1855 ι
2065 1787 2142 1856 ln
2173 1788 2305 1857 hoc
2335 1788 2518 1881 quod
2548 1788 2708 1857 dicit
2743 1811 2759 1857 z

1208 1897 1699 1966 Laudaret-unt
1772 1897 2078 1975 laudem,
2160 1899 2457 1966 ostendit
2543 1897 2764 1965 laudis

1210 2006 1773 2098 magnitudinem.
1830 2006 2010 2074 l’sal.
2058 2029 2290 2088 xcviii,
2358 2009 2436 2074 19
2476 2030 2489 2073 :
2529 2006 2765 2094 Confi-

1208 2113 1458 2181 tebitur
1493 2113 1643 2190 tibi,
1680 2114 2109 2182 confessione
2141 2114 2321 2192 fidei,
2366 2137 2522 2181 cum
2577 2113 2764 2181 bene-

1202 2224 1443 2314 feceris
1471 2224 1559 2291 ei.

1289 2576 1319 2604 «
1371 2547 1520 2614 Cito
1567 2547 1900 2634 lecerunt.
1967 2570 2000 2605 υ
2045 2541 2168 2609 Hic
2209 2541 2586 2610 secundum
2644 2549 2759 2606 to-

1202 2659 1331 2726 tius
1381 2655 1562 2725 illius
1606 2658 1843 2747 partis,
1873 2655 1939 2722 in
1973 2678 2110 2745 quo
2142 2662 2458 2721 numerat
2497 2661 2564 2720 et
2593 2676 2757 2720 nar-

1201 2775 1299 2833 rat
1327 2764 1602 2832 illorum
1652 2771 1955 2854 peccata.
1996 2761 2220 2829 Tactis
2261 2763 2445 2829 enim
2477 2760 2750 2828 illorum

1197 2872 1485 2965 peccatis
1527 2894 1678 2963 quoe
1724 2871 2028 2939 fecerunt
2074 2871 2144 2937 in
2187 2868 2520 2960 Aigypto,
2568 2875 2637 2936 'et
2683 2868 2753 2936 in

1196 2982 1379 3049 exitu
1423 2978 1506 3047 de
1536 2978 1677 3059 illa,
1712 2976 1821 3045 hic
1860 2978 2081 3067 tangit
2129 2985 2407 3067 peccata
2451 2997 2606 3067 quae
2650 2974 2755 3042 se-

1193 3095 1423 3158 cerunt
1467 3088 1537 3154 in
1585 3087 1852 3153 deserto
1888 3091 2002 3151 :et
2050 3082 2370 3151 dicuntur
2420 3083 2570 3151 tria.
2608 3080 2753 3149 Pri-

1196 3224 1329 3280 mo,
1364 3200 1581 3290 tangit
1611 3204 1964 3288 peccatum
2014 3195 2553 3287 ingratitudinis,
2587 3193 2748 3287 quia

1193 3306 1381 3376 obliti
1439 3313 1597 3375 sunt
1659 3303 1990 3373 beneficia
2054 3304 2312 3372 statim.
2396 3302 2741 3379 Secundo,

1193 3426 1458 3511 peccata
1536 3415 1920 3484 libidinosae
1995 3415 2373 3484 voluntatis
2440 3413 2741 3493 illorum,

1190 3526 1305 3607 ibi,
1336 3534 1400 3603 5.
1461 3525 1586 3591 it:
1628 3549 1661 3588 ιι
1706 3525 1801 3591 Et
1846 3522 2362 3614 concupierunt.
2403 3548 2435 3587 n
2483 3519 2741 3601 Tertio,

2977 413 3007 446 «
3051 387 3146 452 Et
3183 408 3319 453 non
3348 386 3843 454 sustinuerunt.
3895 412 3924 444 »
3963 383 4131 451 Ecce
4184 407 4433 451 secun-

2883 492 3071 563 dum.
3144 492 3356 574 Quasi
3414 493 3659 561 diceret
3738 516 3752 559 ε
3830 491 3939 560 Sic
3999 491 4188 559 obliti
4246 501 4424 571 sunt,

2884 627 2917 667 «
2963 614 3025 670 et
3071 627 3104 668 »
3158 601 3290 670 hoc
3347 605 3507 692 quia
3567 628 3597 666 (ε
3661 624 3793 667 non
3852 603 4349 677 sustinuerunt,
4390 626 4423 665 »

2879 713 3348 791 deliberandO,
3385 722 3451 780 et
3491 711 3958 795 discernendo,
3994 741 4024 774 «
4063 711 4426 778 consilium

2877 821 3057 911 ejus,
3099 849 3129 884 »ι
3163 844 3298 912 qua
3346 820 3599 888 scilicet
3630 823 3886 887 ratione
3938 819 4065 888 hoc
4112 818 4419 887 faciebat.

2874 928 3001 996 Vel
3045 929 3141 995 sic
3186 950 3200 995 ε
3249 954 3281 993 α
3311 929 3463 996 Non
3501 930 3997 1006 sustinuerunt,
4029 954 4058 993 »
4093 929 4425 1017 patienter

2876 1034 3288 1116 sufferendo,
3333 1065 3362 1098 α
3394 1037 3759 1104 consilium
3790 1034 3965 1122 ejus,
4004 1062 4034 1095 n
4087 1034 4420 1101 defectum

2873 1144 3127 1212 scilicet
3171 1144 3596 1223 victualium,
3658 1143 3858 1234 quem
3900 1143 4233 1211 Dominus
4282 1164 4420 1208 non

2873 1256 3018 1324 sine
3050 1255 3337 1325 consilio
3386 1255 3570 1324 bono
3611 1255 4040 1347 permittebat
4095 1278 4213 1323 eos
4252 1255 4415 1344 pati.

2872 1364 3012 1433 Nec
3044 1365 3290 1433 dicitur
3317 1363 3449 1432 hoc
3480 1366 3635 1456 quia
3678 1366 3745 1431 in
3791 1364 4009 1432 Deum
4041 1363 4231 1432 cadat
4263 1385 4421 1430 cou-

2872 1472 3100 1539 silium
3131 1472 3430 1563 proprie,
3476 1470 3590 1540 sed
3631 1470 3715 1539 ad
3748 1472 4026 1538 modum
4058 1469 4417 1537 hominum

2868 1579 3198 1671 loquitur,
3234 1579 3611 1648 secundum
3657 1578 3823 1648 illud
3884 1578 4009 1646 lsa.
4046 1601 4222 1660 xcvi,
4272 1579 4352 1645 10
4397 1600 4411 1644 :

2872 1687 3087 1754 Omne
3123 1685 3491 1753 consilium
3549 1709 3774 1753 meum
3829 1684 4061 1763 stabit,
4104 1694 4167 1752 et
4197 1685 4419 1751 omnis

2868 1793 3191 1861 voluntas
3220 1817 3372 1861 mea
3398 1794 3540 1882 fiet.
3579 1792 3691 1861 Sic
3720 1793 3917 1860 multi
3952 1794 4073 1861 Dei
4097 1792 4413 1883 gratiam,

2868 1911 2934 1968 et
2973 1901 3450 1970 remissionem
3481 1910 3911 1992 peccatorum
3949 1901 4315 1968 sentientes
4347 1898 4416 1964 in

2867 2032 2962 2090 se,
2998 2007 3283 2077 credunt
3312 2009 3381 2075 in
3416 2007 3659 2087 Deum,
3704 2018 3769 2076 et
3825 2008 4099 2076 laudant
4161 2007 4412 2096 ipsum,

2867 2116 2985 2184 sed
3037 2118 3172 2184 cito
3235 2117 3470 2184 omnia
3532 2117 3860 2184 oblivioni
3916 2116 4269 2184 tradidisse
4317 2115 4416 2181 vi-

2867 2222 3115 2292 dentur
3167 2248 3182 2293 :
3236 2224 3319 2293 de
3360 2222 3608 2316 quibus
3658 2224 4015 2302 Dominus,
4068 2223 4229 2292 Luc.
4263 2245 4409 2303 vm,

2872 2336 2949 2403 13
2994 2333 3153 2403 :Ad
3195 2344 3461 2426 tempus
3515 2335 3826 2412 credunt,
3886 2342 3949 2401 et
4004 2335 4075 2400 in
4115 2343 4415 2424 tempore

2863 2443 3341 2514 tribulationis
3388 2446 3728 2522 recedunt,
3774 2444 4019 2536 quibus
4056 2443 4301 2511 dicitur
4339 2439 4418 2508 il·

2862 2556 2978 2624 lud
3039 2556 3244 2626 Eccli.
3282 2580 3353 2635 ιι,
3410 2557 3489 2624 16
3542 2580 3557 2624 :
3616 2558 3719 2624 ΠΨ
3774 2557 3880 2623 leis
3934 2557 4057 2647 qui
4096 2553 4414 2647 perdide·

2863 2675 3027 2732 runt
3050 2665 3532 2731 sustinentiam
3556 2668 3585 2730 Ι
3632 2663 3739 2745 Et,
3776 2665 3842 2730 in
3886 2663 4151 2740 eodem,
4188 2669 4250 2737 ς’.
4311 2663 4350 2730 3
4389 2684 4406 2730 :

2858 2774 3141 2842 Sustine
3193 2775 3720 2841 sustentationes
3764 2774 3896 2841 Dei
3933 2796 3956 2841 .·
3996 2772 4412 2862 conjunqere

2859 2883 3029 2959 Deo,
3099 2890 3165 2949 et
3225 2882 3512 2960 sustine,
3590 2888 3747 2950 etc.:
3828 2881 4014 2972 quia,
4081 2882 4151 2948 in
4222 2879 4406 2949 Psal.

2858 3011 3093 3066 xxxvi,
3126 2989 3195 3066 9,
3230 2987 3478 3055 dicitur
3510 3006 3527 3056 ε
3562 2989 3984 3057 Sustinentes
4014 2997 4241 3056 autem
4276 2990 4413 3055 Do·

2857 3097 3153 3175 minum,
3208 3096 3344 3188 ipsi
3377 3094 3875 3162 haereditabunt
3934 3104 4212 3176 terram,
4254 3118 4413 3187 sup·

2854 3203 2987 3295 ple.
3023 3204 3432 3272 viventium.

2946 3556 2979 3597 c
3015 3533 3108 3599 Et
3145 3529 3632 3622 concupierunt
3676 3529 4308 3621 concupiscentiam.
4360 3558 4394 3591 ι»

1185 3642 1534 3729 peccatum
1588 3630 2104 3714 incredulitatis,
2154 3629 2239 3699 ad
2297 3629 2482 3723 quod
2524 3631 2746 3699 redie-
2854 3638 2979 3706 llic
3044 3636 3449 3715 secundum,
3510 3636 3578 3703 in
3628 3658 3763 3728 quo
3819 3637 4122 3726 tangitur
4167 3658 4401 3728 pecca·

1183 3751 1361 3822 runt,
1432 3741 1553 3823 ibi,
1606 3747 1669 3816 5.
1722 3741 1800 3807 ¹9
1865 3762 1880 3807 :
1939 3766 1975 3803 ⁶1
2037 3741 2131 3806 ΕΙ
2169 3742 2482 3828 fecerun!
2555 3739 2744 3807 vim·
2851 3755 2996 3814 tum
3038 3745 3420 3814 libidinosas
3450 3729 3886 3813 voluntatis‘:
3931 3754 3995 3812 et
4028 3754 4400 3837 tanguntur

1182 3855 1351 3924 lum.
1417 3882 1451 3917 n
1504 3851 1814 3919 Primum
1876 3849 2147 3941 respicit
2205 3848 2292 3918 ad
2332 3850 2737 3918 memoriam
2847 3855 3009 3922 duo.
3081 3852 3344 3931 Primo,
3405 3852 3951 3943 concupiscentia
4027 3851 4400 3921 delectabi-

1178 3961 1924 4040 illorum.Secundum,
1960 3959 2046 4029 ad
2077 3958 2532 4031 voluntatem.
2570 3959 2741 4031 Ter-
2847 3961 3042 4031 lium.
3108 3958 3454 4040 Secundo,
3514 3958 3884 4042 honorum,
3936 3960 4055 4043 ibi,
4115 3968 4181 4036 5.
4250 3960 4329 4028 16
4373 3982 4389 4027 :

1174 4074 1371 4156 tium,
1422 4069 1508 4138 ad
1573 4067 2122 4159 intelligentiam,
2173 4090 2578 4137 conversam
2630 4076 2738 4134 ta-
2849 4097 2882 4136 ι
2927 4071 3023 4138 12⁹!
3051 4069 3523 4136 irritaverunt.
3566 4093 3598 4132 ι

1175 4202 1332 4249 men
1371 4179 1438 4246 in
1472 4177 1867 4267 practicam.

1260 4289 1340 4359 In
1396 4286 1618 4381 prima
1665 4285 1803 4354 duo
1861 4284 2202 4354 dicuntur.
2266 4284 2532 4366 Primo,
2587 4285 2735 4355 illo-

1177 4421 1328 4468 rum
1356 4395 1558 4466 velox
1599 4394 1884 4465 oblivio.
1932 4392 2278 4474 Secundo,
2321 4396 2517 4485 quasi
2559 4395 2732 4462 ratio

1176 4516 1242 4577 et
1301 4528 1507 4575 causa
1564 4512 1703 4573 tam
1760 4499 2019 4571 velocis
2084 4499 2481 4579 oblivionis,
2572 4502 2733 4594 quia

1177 4615 1522 4684 advertere
1552 4608 1924 4680 noluerunt
1964 4633 2102 4702 quo
2140 4610 2428 4680 consilio
2478 4608 2734 4680 fiebant

1178 4725 1315 4805 illa,
1359 4723 1480 4807 ibi,
1517 4749 1550 4788 ι
1585 4722 1680 4790 ΕΙ
1718 4743 1853 4788 non
1879 4721 2383 4788 sustinuerunt.
2423 4748 2455 4782 n

1261 4836 1441 4907 Dicit
1471 4857 1636 4925 ergo
1671 4852 1689 4897 ε
1722 4828 1840 4899 Sic
1880 4828 2337 4915 crediderunt,
2379 4839 2449 4900 et
2484 4829 2732 4901 lauda-

1173 4950 1421 5013 verunt
1487 4937 1932 5033 procedentes
2016 4960 2136 5029 per
2198 4937 2569 5018 desertum,
2661 4947 2731 5007 et

1177 5082 1210 5121 ι
1266 5057 1401 5125 cito
1455 5054 1790 5143 fecerunt.
1840 5075 1875 5115 ι
1936 5048 2170 5128 Quid?
2238 5076 2268 5112 ιι
2311 5047 2534 5118 Obliti
2567 5059 2732 5117 sunt

1175 5159 1653 5251 beneficiorum
1711 5156 1895 5248 ejus,
1939 5178 1975 5221 ι
2025 5163 2266 5225 contra
2322 5153 2491 5224 illud
2540 5157 2733 5226 Deu-

1174 5277 1295 5338 ter.
1366 5288 1460 5345 nv,
1521 5267 1564 5334 9
1628 5287 1644 5333 ε
1705 5264 1811 5333 Ne
1862 5260 2294 5330 obliviscaris
2339 5260 2723 5345 verborum,

1173 5399 1321 5469 quae
1375 5372 1694 5443 viderunt
1749 5370 1938 5439 oculi
1990 5370 2121 5449 tui,
2163 5378 2228 5437 et
2283 5392 2369 5438 ne
2404 5368 2728 5438 excidam

1172 5486 1254 5557 de
1299 5481 1502 5556 corde
1529 5489 1650 5551 tuo
1676 5480 1941 5549 cunetis
1970 5478 2212 5549 diebus
2240 5480 2398 5549 vite
2423 5489 2587 5549 tuae.

2933 4179 3011 4248 ln
3042 4178 3265 4271 prima
3303 4175 3463 4244 duo.
3502 4174 3759 4254 Primo.
3803 4176 4182 4245 ostenditur
4222 4199 4395 4246 con-

2840 4286 3258 4380 cupiscentia
3289 4283 3565 4354 illorum
3594 4293 3928 4376 quantum
3970 4283 4056 4353 ad
4084 4284 4384 4355 delicias.

2844 4392 3190 4471 Secundo,
3233 4391 3508 4461 collatio
3563 4393 4079 4483 concupitarum
4118 4416 4157 4461 a
4213 4392 4382 4476 Deo,

2840 4504 2926 4572 ad
2987 4501 3547 4596 aggravationem
3610 4498 3827 4591 culpae
3883 4499 4182 4580 illorum,
4259 4499 4383 4586 ibi,

2840 4620 2905 4689 5.
2942 4612 3021 4681 ¹5
3056 4632 3073 4679 :
3112 4633 3147 4676 ι
3178 4610 3276 4677 ΕΙ
3311 4606 3502 4675 dedit
3528 4605 3648 4675 eis.
3686 4633 3721 4669 n

2933 4720 3012 4789 ln
3050 4719 3272 4811 prima
3328 4714 3489 4785 duo.
3543 4714 3802 4795 Primn,
3844 4725 4262 4787 monstratur
4317 4719 4387 4787 in

2841 4828 3009 4918 ipsis
3082 4823 3636 4917 concupiscentia
3708 4822 3955 4894 cordis.
4032 4822 4379 4905 Secundo,

2840 4931 3190 5025 expressio
3235 4930 3632 4999 tentationis
3677 4951 3801 5020 per
3848 4952 3949 5008 os,
4005 4930 4385 5000 haesitando

2841 5044 2925 5112 dc
2980 5040 3211 5110 divina
3280 5039 3603 5130 potentia,
3674 5038 3791 5114 ibi,
3846 5063 3880 5104 ι
3936 5040 4032 5108 Et
4094 5050 4389 5111 tentave-

2840 5160 3031 5222 runt.
3067 5180 3099 5212 υ

2927 5259 3111 5330 Dicit
3139 5279 3307 5349 ergo
3341 5279 3359 5326 t
3398 5255 3512 5325 Sic
3541 5263 3963 5325 recesserunt
3992 5257 4154 5342 cito,
4194 5287 4226 5325 ι
4253 5270 4317 5330 et
4347 5289 4382 5327 ι

2841 5377 2994 5462 post
3036 5392 3071 5435 ι
3124 5367 3613 5460 concupierunt
3662 5367 4273 5459 concupiscentiam
4314 5373 4387 5440 in

2837 5477 3123 5548 deserto.
3191 5506 3225 5541 ι»
3282 5475 3412 5544 Hic
3464 5474 3708 5544 similis
3760 5474 4015 5546 locutio
4072 5480 4387 5572 superius

2837 5587 3075 5679 positae
3116 5605 3133 5654 :
3184 5611 3219 5647 c<
3275 5580 3770 5653 Laudaverunt
3824 5583 4127 5657 laudem.
4182 5610 4217 5653 ι
4270 5584 4387 5658 Sic

4534 3558 4654 3625 14
