5008 6329
684 352 808 417 212

686 524 857 605 istis,
900 534 977 591 ut
1016 520 1438 610 benefaciam
1476 513 1719 582 domui
1761 511 1953 579 Juda
1992 520 2057 577 el
2116 512 2238 578 Je-

686 631 1008 699 rusalem.
1044 624 1285 694 Ezech.
1321 646 1436 701 xx,
1471 623 1558 689 44
1591 644 1606 690 ε
1640 621 1886 690 Scielis
1923 620 2092 709 quia
2115 641 2236 708 eqo

686 739 1044 812 DominuS,
1075 754 1231 800 cum
1281 730 1661 820 benefecero
1710 728 1900 796 vobis
1957 738 2240 818 propter

687 866 926 913 nomen
954 863 1202 909 meum.

777 1190 810 1230 α
850 1165 1029 1250 Quia
1069 1164 1348 1254 eripuit.
1385 1187 1420 1228 ι
1472 1161 1601 1229 Hic
1639 1159 1986 1249 specificat
2025 1160 2240 1227 bene-

684 1274 834 1342 ficia
873 1281 1139 1363 recepta
1166 1272 1320 1338 tria.
1358 1268 1675 1336 Primum
1714 1276 1817 1336 est
1846 1269 2159 1338 liberatio
2192 1293 2232 1338 a

686 1381 905 1472 culpa.
946 1378 1364 1462 Secundum,
1407 1399 1666 1467 apoena
1693 1377 1921 1445 debita
1941 1401 2065 1469 pro
2089 1379 2230 1456 illa,

687 1489 802 1567 ibi,
841 1515 873 1552 α
912 1486 1161 1555 Oculos
1190 1507 1392 1552 meos,
1433 1511 1468 1548 n
1521 1484 1825 1552 Tertium
1859 1509 1896 1552 a
1937 1487 2234 1556 recidivo

689 1605 754 1662 et
784 1594 1001 1672 ruina,
1044 1592 1161 1671 ibi,
1214 1620 1246 1654 α
1276 1592 1492 1660 Pedes
1513 1615 1693 1662 meos
1722 1616 1766 1659 a
1801 1593 2027 1682 lapsu.
2067 1620 2099 1656 »

777 1701 953 1767 Dicit
991 1720 1205 1789 ergo:
1261 1697 1376 1767 Sic
1430 1698 1597 1777 dixi,
1664 1698 1849 1788 quod
1904 1698 2238 1767 benefecit

710 1811 868 1878 tibi:
923 1836 957 1876 ι
995 1810 1164 1901 quia
1211 1809 1468 1899 eripuit
1514 1808 1827 1875 animam
1885 1830 2111 1875 meam
2165 1808 2249 1874 de

693 1929 930 1997 morte,
966 1945 999 1981 »
1022 1917 1280 1985 scilicet
1296 1915 1381 1982 de
1412 1915 1635 2005 culpa.
1661 1914 1725 1982 11
1744 1915 1828 1982 ad
1858 1914 2169 1983 Corinth.
2197 1938 2245 1996 1,

701 2028 810 2095 10:
851 2028 954 2094 De
1008 2026 1220 2092 tantis
1270 2023 1602 2114 periculis
1664 2046 1789 2090 uos
1844 2024 2126 2114 eripuit,
2185 2032 2250 2090 el

695 2134 897 2210 eruit,
939 2132 1239 2200 maxime
1292 2130 1374 2198 de
1413 2138 1634 2197 morte
1692 2152 1912 2220 poenae
1947 2138 2242 2198 aeternae.

696 2241 889 2317 Osee,
934 2261 1078 2318 xm,
1126 2238 1207 2305 14
1242 2260 1257 2304 ε
1292 2239 1398 2306 De
1415 2259 1630 2304 manu
1659 2239 1904 2304 mortis
1942 2236 2248 2305 liberabo

694 2372 826 2432 eos,
862 2346 945 2415 de
1005 2356 1222 2414 morte
1285 2346 1628 2413 redimam
1684 2368 1818 2412 eos.
1870 2344 1949 2412 ln
1978 2345 2247 2429 eodem,

700 2453 948 2523 ibidem
984 2476 1000 2521 ε
1043 2455 1188 2522 Ero
1220 2474 1401 2520 mors
1427 2461 1576 2531 tua,
1608 2474 1647 2519 o
1678 2474 1885 2520 mors.

791 2589 826 2625 α
861 2559 1112 2630 Oculos
1151 2581 1334 2626 meos
1362 2582 1407 2625 a
1458 2558 1810 2648 lacrymis,
1855 2587 1887 2620 a
1944 2581 2086 2627 non
2129 2557 2256 2627 de-

701 2671 995 2738 votionis
1051 2677 1120 2736 et
1155 2667 1441 2736 fervoris
1509 2689 1632 2759 pro
1671 2667 2009 2738 desiderio
2052 2677 2257 2736 aeter-

703 2801 973 2858 norum,
1005 2776 1125 2845 sed
1155 2777 1710 2867 compunctionis
1738 2784 1807 2845 et
1825 2777 2094 2845 timoris
2131 2799 2253 2867 pro

702 2894 892 2955 reatu
930 2895 997 2953 et
1033 2906 1258 2976 poena.
1301 2883 1559 2952 Jerem.
1607 2905 1801 2966 xxxt,
1848 2885 1979 2952 16:
2047 2884 2258 2969 Quie-

702 3001 844 3061 scat
873 3014 1005 3060 vox
1031 3001 1154 3059 tua
1193 3013 1237 3058 a
1261 2990 1584 3083 ploratu,
1635 3001 1701 3058 et
1728 2988 1919 3057 oculi
1946 2991 2054 3058 tui
2080 3013 2125 3056 a
2159 2988 2261 3056 la·

706 3103 980 3193 crymis,
1012 3101 1181 3192 quia
1235 3121 1486 3168 merces
1532 3109 1632 3169 est
1687 3100 1885 3192 operi
1933 3109 2077 3168 luo.
2124 3096 2253 3167 Iso.

712 3232 898 3291 xxvi,
930 3208 971 3277 8
1005 3207 1025 3279 Ξ
1055 3209 1342 3297 Ausere!
1359 3209 1703 3278 Dominus
1737 3229 2006 3275 omnem
2040 3208 2263 3299 lacry-

716 3336 899 3383 mam
929 3311 1016 3382 ab
1047 3314 1236 3381 omni
1260 3314 1469 3403 facie,
1500 3319 1629 3382 etc.
1691 3336 1705 3343 ·

806 3445 840 3484 ι
873 3419 1090 3488 Pedes
1118 3441 1326 3498 meos,
1363 3445 1398 3481 »
1457 3417 1741 3487 affectus
1794 3417 2077 3496 scilicet,
2141 3445 2176 3481 α
2217 3440 2263 3485 a

719 3529 947 3621 lapsu,
982 3553 1017 3596 ι
1090 3527 1392 3598 recidivi.
1463 3527 1646 3597 psal.
1707 3550 1872 3609 xxv,
1949 3529 2028 3595 12
2072 3549 2088 3594 ε
2132 3529 2264 3597 Pes

714 3659 900 3705 meus
951 3637 1137 3705 stelit
1201 3638 1275 3704 in
1322 3636 1601 3704 directo.
1666 3635 1752 3704 Et
1822 3634 2012 3714 alibi,
2072 3633 2256 3703 psal.

712 3767 945 3823 xxxtx,
980 3744 1021 3811 3
1065 3765 1081 3811 ε
1121 3744 1218 3812 ΕΙ
1243 3745 1493 3812 statuit
1526 3765 1736 3834 super
1757 3752 2033 3835 petram
2057 3742 2265 3833 pedes

715 3875 919 3921 meos.
952 3851 1284 3922 Proverb.
1306 3873 1409 3937 ιιι,
1442 3852 1528 3921 23
1563 3875 1581 3918 ε
1621 3848 2037 3923 Ambulabis
2069 3849 2263 3940 fidu-

1641 341 1726 407 1).
1788 339 1986 405 ALB.
2050 335 2268 403 MAG.
2331 335 2539 403 ORD.
2601 333 2896 399 PRAED.

2347 506 2621 575 cialiter
2667 504 2739 569 in
2776 502 2888 569 via
2920 511 3065 579 lua,
3100 509 3161 565 et
3210 523 3329 590 pes
3367 510 3530 567 tuus
3580 521 3717 565 non
3748 498 3883 563 im-

2341 614 2605 704 pinqet.
2641 610 2805 677 Haec
2845 618 2942 676 est
2982 615 3207 674 autem
3258 607 3658 672 suavissima
3688 613 3751 671 et
3781 625 3886 670 sa-

2347 718 2720 787 luberrima
2751 717 3015 806 requies
3052 735 3233 779 nunc
3272 712 3341 776 in
3377 710 3717 800 praesenti,
3755 709 3883 774 sci-

2348 829 2507 896 licet
2524 825 2939 894 conscientia
2959 820 3238 900 munda,
3262 840 3519 896 secura,
3543 826 3609 884 et
3630 816 3880 906 quieta.

2349 933 2472 1002 Est
2499 932 2747 1000 animae
2769 929 3071 1013 culcitra,
3113 927 3536 995 conscientiae
3574 924 3831 1014 puritas
3870 943 3885 987 t

2351 1038 2795 1129 opertorium,
2829 1036 3185 1103 securitas:
3222 1031 3531 1115 cervical,
3557 1027 3888 1119 tranquil-

2350 1147 2503 1214 litas
2548 1166 2564 1210 ι
2613 1151 2682 1212 et
2709 1144 2913 1210 etiam
2951 1143 3060 1210 via
3119 1139 3564 1208 mundissima
3617 1144 3681 1204 et
3712 1142 3890 1204 recta

2357 1255 2444 1323 ed
2471 1253 2881 1322 veniendum
2915 1251 2997 1318 ad
3031 1250 3330 1340 requiem
3362 1246 3777 1338 praedictam.

2440 1573 2801 1643 «Placebo
2850 1573 3164 1640 Domino.
3206 1596 3240 1636 »
3302 1570 3427 1637 llic
3484 1567 3880 1636 secundum.

2351 1684 2562 1764 Quasi
2601 1682 2851 1750 diceret
2887 1705 2902 1748 ε
2956 1680 3094 1753 Sic,
3137 1679 3364 1746 anima
3396 1700 3569 1760 mea,
3603 1699 3895 1744 conver-

2358 1791 2519 1858 teris
2557 1790 2630 1856 in
2676 1790 2977 1878 requiem
3038 1795 3250 1864 tuam,
3304 1784 3485 1875 quod
3541 1807 3739 1874 spero
3783 1806 3899 1873 per

2358 1898 2540 1965 dicta
2573 1920 2589 1965 ε
2632 1896 2751 1964 sed
2779 1894 3109 1986 numquid
3146 1893 3240 1960 ibi
3272 1900 3536 1960 tantum
3581 1891 3898 1980 requies?

2357 2008 2499 2075 imo
2544 2031 2578 2071 ι
2607 2002 2890 2096 placebo
2919 2004 3240 2081 Domino,
3283 2030 3315 2063 υ
3354 2000 3650 2092 gloriose
3683 1999 3904 2068 refor-

2357 2121 2612 2196 matuS,
2646 2111 2762 2203 qui
2812 2111 3015 2179 modo
3070 2109 3391 2200 displiceo
3446 2108 3736 2198 turpiter
3780 2106 3904 2174 de-

2360 2223 2694 2290 formatus
2728 2242 2743 2287 :
2778 2228 2845 2287 et
2874 2217 3003 2287 hoc
3044 2244 3077 2283 ι
3104 2219 3173 2285 in
3213 2217 3483 2308 reqione
3510 2217 3842 2283 vivorum.
3869 2242 3900 2275 υ

2359 2330 2612 2397 Jerem.
2649 2349 2839 2406 xvm,
2883 2327 2923 2393 4
2965 2347 2981 2394 ε
3017 2327 3202 2394 Fecit
3228 2325 3416 2393 illud
3442 2348 3559 2391 vas
3578 2323 3902 2404 alterum,

2359 2436 2540 2503 sicut
2560 2434 2925 2525 placuerat
2965 2433 3033 2499 in
3064 2431 3281 2499 oculis
3336 2431 3490 2520 ejus
3521 2440 3596 2497 ut
3621 2432 3902 2519 laceret.

2363 2540 2636 2624 Esther,
2671 2564 2742 2624 ιι,
2783 2543 2823 2608 9
2868 2563 2883 2607 :
2932 2539 3120 2624 Quae.
3165 2538 3418 2607 scilicet
3447 2536 3711 2621 Esther,
3738 2538 3910 2628 pla-

2364 2650 2508 2719 cui!
2536 2649 2623 2715 ei.
2662 2645 2798 2715 Sed
2828 2669 2965 2714 non
2993 2644 3259 2735 placent
3296 2643 3513 2711 adhuc
3543 2642 3909 2710 ambulan-

2366 2765 2468 2824 tes
2495 2755 2568 2822 in
2597 2775 2824 2823 carne.
2869 2752 2974 2821 Ad
3012 2752 3302 2819 Roman.
3345 2772 3488 2829 vm,
3523 2751 3563 2816 8
3598 2772 3615 2819 z
3662 2751 3798 2834 Qui
3838 2752 3910 2816 in

2367 2885 2572 2932 carne
2610 2869 2800 2940 sunl,
2860 2862 3000 2929 Deo
3045 2859 3319 2950 placere
3374 2881 3507 2925 non
3557 2866 3847 2948 possunt
3886 2882 3909 2925 .·

2369 2970 2590 3039 donec
2652 2969 2739 3036 sit
2794 2976 3123 3058 reparata,
3180 2975 3247 3035 et
3293 2964 3737 3057 corruptibile
3789 2965 3916 3031 laoc

2371 3076 2677 3146 induerit
2704 3076 3275 3168 incorruptionem
3306 3076 3350 3153 ¹,
3393 3073 3576 3164 quod
3607 3073 3747 3154 tiet,
3787 3101 3819 3134 α
3842 3073 3912 3137 in

2372 3186 2649 3277 reqione
2675 3184 3008 3263 vivorum,
3042 3211 3074 3244 υ
3112 3184 3182 3251 in
3202 3184 3343 3250 vita
3363 3181 3613 3251 scilicet
3633 3190 3911 3260 oeterna,

2372 3294 2446 3361 in
2493 3292 2835 3385 paradiso.
2896 3290 2975 3360 ln
3027 3290 3289 3359 inferno
3342 3291 3524 3359 enim
3573 3291 3761 3381 regio
3815 3298 3918 3357 est

2373 3407 2807 3469 mortuorum
2851 3424 2867 3467 z
2931 3400 2998 3465 in
3028 3397 3157 3466 hoc
3205 3397 3492 3482 mundo,
3542 3400 3730 3489 regio
3760 3422 3920 3465 mo-

2376 3508 2697 3576 rientium
2742 3530 2759 3576 ε
2801 3504 2920 3575 sed
2959 3504 3052 3572 ibi
3089 3512 3190 3573 est
3228 3506 3417 3596 regio
3456 3506 3799 3589 vivorum,
3830 3504 3913 3571 nd

2375 3637 2586 3707 quam
2607 3636 2735 3683 nos
2763 3613 3110 3705 perducat,
3131 3620 3199 3681 et
3228 3612 3355 3680 sibi
3386 3611 3649 3704 placere
3687 3612 3912 3691 faciat,

2376 3724 2493 3816 qui
2533 3720 3056 3792 estbenedictus
3094 3745 3215 3813 per
3252 3723 3484 3790 omnia
3511 3721 3757 3790 saecula
3787 3745 3919 3789 εω-

2375 3830 2716 3900 culorum.
2757 3830 3001 3899 Amen.

1944 4326 2418 4431 PSQLMUS
2466 4327 2692 4401 cxv,

1427 4673 1864 4745 Gratiarum
1905 4669 2101 4743 actio
2115 4693 2265 4765 pro
2311 4668 2743 4743 liberatione
2766 4692 2813 4740 a
2829 4667 3202 4763 periculis.

1317 5031 1668 5105 Alleluia.

727 5166 829 5213 ιο.
884 5139 1210 5227 Credidi,
1299 5157 1592 5234 propter
1676 5138 1878 5231 quod
1975 5137 2263 5209 locutus

978 5269 1142 5318 sum
1216 5269 1234 5318 ε
1296 5270 1428 5341 ego
1509 5263 1756 5318 autem
1834 5243 2263 5318 humiliatus

977 5377 1141 5427 sum
1178 5376 1399 5426 nimis
1437 5372 1487 5426 ⁸.

786 5611 803 5646 ¹
837 5607 860 5663 1
888 5604 962 5663 ad
993 5602 1258 5663 Corinth.
1289 5619 1383 5658 xv.
1415 5604 1505 5659 53.

784 5693 809 5730 ¹
829 5694 880 5754 11
905 5694 982 5753 ad
1001 5694 1269 5753 Corinth.
1303 5710 1376 5761 ιν,
1404 5694 1491 5749 13.

2387 5057 2412 5105 ι
2439 5056 2494 5102 ι.
2554 5033 2713 5128 Ego
2742 5031 2891 5105 dixi
2931 5031 3001 5104 in
3044 5052 3335 5102 excessu
3381 5051 3545 5103 meo
3587 5050 3605 5098 ε
3650 5026 3918 5100 Omnis

2646 5141 2869 5214 homo
2905 5139 3212 5212 mendax
3228 5151 3275 5211 ⁸.

2386 5278 2493 5329 12.
2547 5252 2748 5347 Quid
2792 5249 3181 5323 retribuam
3235 5245 3548 5319 Domino
3586 5267 3720 5339 pro
3759 5268 3918 5317 om·

2644 5359 2861 5432 nibus
2897 5378 3060 5452 quae
3097 5352 3430 5427 retribuit
3460 5351 3681 5425 mihi?

2443 5614 2469 5651 ³
2496 5613 2588 5672 Ad
2620 5614 2869 5670 Roman.
2900 5625 2983 5680 m,
3022 5608 3077 5663 4.
