5008 6329
1957 356 2668 426 COMMENTARIUS
2717 351 2811 419 IN
2862 348 3302 417 PSALMUM
3352 347 3659 417 CXVIII.

1193 519 1348 587 inde
1422 523 1809 611 proficient,
1880 529 1935 595 si
1992 530 2333 598 Dominus
2374 531 2433 598 ei
2488 526 2748 596 dederit

1191 628 1372 717 quod
1399 633 1607 719 petit:
1652 634 1833 704 unde
1883 637 2018 705 duo
2049 645 2444 728 tanguntur.
2481 635 2743 716 Primo,

1188 734 1483 802 aliorum
1548 738 1786 807 laetitia
1850 751 1916 809 et
1974 741 2340 810 exsultatio
2380 742 2451 807 in
2518 739 2751 830 cogni-

1186 841 1372 909 tione
1439 842 1605 911 boni
1665 845 1872 912 illius.
1939 845 2281 925 Secunde,
2341 845 2750 914 determinat

1186 948 1382 1037 cujus
1420 948 1613 1029 boni,
1651 951 1772 1035 ibi,
1809 979 1842 1014 «
1883 953 2064 1037 Quia
2096 954 2167 1020 in
2197 952 2402 1021 verba
2430 964 2579 1021 tua.
2620 978 2654 1014 n

1273 1055 1455 1123 Dicit
1506 1078 1714 1148 ergo:
1756 1057 1871 1126 Sic
1926 1059 2013 1128 da
2065 1062 2526 1130 intellectum:
2564 1057 2749 1151 quod

1184 1162 1239 1228 si
1281 1162 1547 1247 feceris,
1593 1189 1626 1229 α
1661 1167 1784 1256 qui
1815 1168 2057 1236 timent
2093 1180 2180 1249 le,
2212 1196 2245 1231 υ
2290 1171 2539 1236 timore
2569 1167 2749 1233 {ilia-

1182 1269 1254 1349 li,
1302 1299 1335 1336 α
1386 1272 1713 1342 videbunt
1751 1299 1881 1358 me,
1920 1303 1953 1341 n
1987 1300 2114 1346 nec
2158 1276 2639 1355 tristabuntur,
2672 1282 2749 1341 ut

1178 1378 1418 1459 invidi,
1453 1381 1573 1449 sed
1632 1380 2071 1467 laetabuntur,
2105 1393 2181 1452 ut
2209 1383 2626 1460 charitativi,
2681 1389 2749 1449 et

1177 1486 1603 1577 inquirentes
1625 1498 1699 1557 ut
1745 1493 2010 1581 possint
2038 1491 2202 1560 honi
2231 1493 2552 1560 inveniri.
2606 1491 2745 1558 Ec-

1181 1596 1291 1664 cli.
1326 1620 1400 1677 11,
1441 1600 1518 1666 19
1559 1622 1574 1666 :
1613 1600 1753 1685 Qui
1780 1603 2020 1670 liment
2057 1605 2461 1682 Dominum,
2508 1603 2745 1694 inqui-

1180 1714 1329 1771 rent
1376 1729 1528 1796 quoe
1579 1706 2003 1800 beneplacita
2052 1722 2215 1779 sunt
2263 1712 2400 1780 illi.
2437 1711 2523 1778 Et
2580 1709 2743 1778 dicit

1180 1810 1464 1881 Glossa:
1514 1842 1547 1877 ι(
1617 1815 1975 1894 Videbunt,
2012 1841 2150 1886 non
2191 1826 2459 1886 tantum
2520 1824 2737 1900 extra,

1182 1944 1216 1985 α
1259 1921 1639 1990 secundum
1706 1922 1877 1992 illud
1924 1924 2166 1993 Matth.
2203 1949 2274 2007 V,
2322 1928 2442 1995 16:
2504 1927 2594 1994 Ut
2632 1926 2741 1992 vi-

1180 2055 1215 2092 «
1258 2029 1469 2096 deant
1499 2054 1710 2121 opera
1741 2043 1964 2102 vestra
2004 2033 2205 2113 bona,
2239 2046 2302 2102 et
2346 2033 2737 2124 qlorificent

1179 2159 1212 2199 α
1239 2139 1522 2203 Patrem
1552 2150 1876 2220 vestrum,
1910 2142 2035 2233 qui
2063 2142 2132 2209 in
2161 2142 2348 2210 coelis
2367 2153 2499 2209 est:
2531 2142 2650 2210 sed
2671 2148 2738 2210 et

1177 2269 1211 2305 α
1243 2243 1444 2312 intra.
1492 2271 1526 2308 n
1569 2244 1912 2327 Contra,1
1959 2248 2045 2317 ad
2102 2247 2410 2318 Corinth.
2464 2249 2541 2334 ii,
2606 2250 2729 2316 11:

1178 2351 1349 2435 Quis
1405 2352 1768 2422 hominum
1812 2357 1944 2424 scit
1991 2380 2142 2448 quoe
2195 2367 2358 2425 sunt
2404 2358 2730 2441 hominis,

1171 2460 1310 2528 nisi
1361 2463 1652 2552 spiritus
1697 2463 2023 2545 honiinis,
2065 2467 2189 2556 qui
2253 2475 2347 2534 est
2398 2468 2472 2533 in
2541 2463 2737 2534 illo?

1173 2566 1384 2648 Quasi
1425 2568 1677 2639 diceret
1713 2594 1728 2639 z
1770 2571 2040 2642 NulluS.
2080 2573 2483 2664 Responsio.
2521 2573 2735 2642 Exte-

1174 2675 1381 2757 riora,
1444 2699 1598 2767 qum
1648 2686 1987 2759 constant,
2042 2679 2274 2748 videre
2348 2687 2601 2770 potest,
2666 2689 2734 2748 et

1169 2785 1568 2873 cognitione
1624 2795 1809 2855 certa
1852 2810 2316 2879 cognoscere:
2404 2790 2732 2857 interiora

1168 2898 1402 2958 autem
1459 2894 1854 2983 cognitione
1911 2895 2317 2984 conjecturae
2356 2895 2615 2977 videre,
2660 2904 2727 2966 et

1168 3001 1684 3089 comparatione
1740 3000 1827 3069 ad
1878 3003 2241 3071 exteriora.
2302 3003 2544 3072 Matth.
2604 3027 2727 3088 vu,

1171 3108 1248 3175 Π
1283 3116 1348 3177 ct
1379 3131 1554 3201 seq„
1581 3111 1806 3178 omnis
1835 3110 2040 3181 arbor
2067 3135 2150 3182 ex
2168 3112 2388 3183 fructu
2411 3136 2538 3184 suo
2559 3137 2733 3208 cog-

1165 3217 1472 3284 noscitur
1518 3218 1563 3284 ¹.
1616 3217 1641 3283 1
1693 3218 1779 3286 ad
1836 3219 2145 3288 Corinth.
2185 3245 2254 3298 ιι,
2313 3224 2438 3290 15:
2489 3224 2726 3315 Spiri-

1170 3323 1390 3391 lualis
1462 3323 1666 3392 homo
1714 3327 1949 3393 onmia
2006 3327 2319 3416 judicat.
2378 3329 2728 3398 Videbunt

1169 3453 1335 3520 ergo
1360 3429 1545 3500 hona
1574 3455 1728 3500 mea
1756 3436 2091 3503 exteriora
2123 3444 2307 3505 certa
2335 3439 2727 3528 cognitione

1174 3549 1241 3610 et
1296 3542 1856 3632 experimentali:
1916 3545 2247 3615 videbunt
2283 3554 2347 3615 et
2406 3550 2731 3617 interiora

1168 3651 1591 3741 conjectura.
1631 3681 1664 3716 a
1705 3655 1803 3721 Et
1833 3653 2277 3725 laetabuntur.
2314 3683 2349 3724 ι
2382 3657 2725 3741 Exod.1v,

1168 3760 1247 3826 it
1278 3782 1294 3828 :
1326 3762 1590 3841 Aaron,
1620 3764 1847 3852 frater
1879 3774 2155 3842 tuum...
2189 3791 2331 3836 ecce
2371 3768 2516 3861 ipse
2544 3792 2731 3861 eqre-

1167 3867 1365 3936 ditur
1395 3870 1466 3936 in
1497 3892 1855 3940 occursum
1879 3881 2107 3955 tuum,
2132 3856 2500 3968 vidensque
2527 3886 2593 3945 te
2615 3876 2701 3944 lat

1170 3974 1442 4044 labitur
1470 3977 1697 4048 corde.
1733 3978 1761 4046 1
1797 3979 1884 4048 ad
1906 3980 2215 4050 Corinth.
2242 3986 2493 4066 xm,6:
2539 3984 2725 4054 Clea-

1166 4084 1344 4150 rilas
1378 4093 1610 4153 autem
1651 4088 2036 4180 congaudet
2071 4091 2369 4160 veritati.
2408 4090 2719 4182 Sapient.

1153 4212 1272 4268 vu,
1309 4193 1396 4259 22
1457 4214 1474 4260 :
1518 4193 1828 4286 Spiritus
1879 4194 2441 4289 intelliqenlioe...
2475 4221 2727 4268 amans

1157 4294 1411 4366 bonum
1437 4322 1461 4366 :
1509 4298 1607 4368 sic
1635 4301 1820 4370 enim
1854 4310 1956 4371 est
2003 4301 2085 4371 de
2135 4306 2562 4386 necessitate,
2603 4304 2722 4376 ubi

1148 4411 1249 4472 est
1278 4428 1444 4474 vera
1471 4402 1792 4475 charitaS.
1836 4408 1867 4477 1
1923 4409 2011 4478 ad
2055 4409 2365 4481 Corinth.
2392 4436 2517 4496 xix,
2576 4414 2663 4481 26
2696 4436 2713 4483 :

1149 4512 1232 4580 Si
1271 4511 1632 4603 qloriatur
1679 4536 1896 4584 unum
1945 4516 2359 4599 membrum,
2403 4543 2724 4612 conqau-

1149 4622 1312 4690 derit
1393 4623 1632 4693 omnia
1659 4624 1992 4695 nnc-inbra.

1236 4855 1270 4896 a
1308 4831 1501 4917 Quia
1550 4833 1621 4899 in
1689 4833 1920 4902 verba.
1963 4859 1995 4899 ι
2054 4833 2230 4906 Ecce
2298 4838 2707 4908 secundum.

1144 4934 1329 5024 Dixi,
1364 4938 1549 5031 quod
1625 4939 1955 5012 videbunt
1986 4967 2123 5024 me,
2157 4952 2225 5014 et
2266 4944 2709 5032 laetahuntur,

1146 5054 1356 5139 super
1385 5070 1523 5139 quo
1548 5049 1585 5116 ⁴?
1617 5075 1652 5110 α
1697 5050 1881 5135 Quia
1917 5053 2215 5144 speravi,
2252 5079 2287 5121 ι
2330 5055 2471 5125 imo
2523 5086 2557 5120 «
2589 5080 2715 5126 su-

1135 5155 1536 5248 persperavi
1561 5157 1633 5223 in
1663 5155 1866 5225 verba
1898 5167 2045 5227 tua.
2077 5185 2109 5225 n
2135 5160 2308 5232 Ecce
2337 5164 2525 5255 quod
2542 5185 2713 5257 cog-

1141 5271 1429 5332 noscent
1467 5263 1796 5334 interiora
1841 5288 1858 5334 :
1909 5288 2063 5357 spes
2103 5271 2391 5340 enimin
2432 5271 2713 5342 interio-

1140 5369 1331 5457 ribus
1369 5378 1494 5440 est.
1541 5370 1874 5443 Proverh.
1910 5396 2125 5454 xxvii,
2174 5378 2301 5448 19:
2349 5379 2706 5463 Quomodo

1140 5478 1212 5544 in
1269 5480 1473 5570 aquis
1529 5481 1967 5573 resplendent
2021 5482 2262 5553 vultus
2332 5487 2707 5579 respicien-

1210 5723 1228 5760 ¹
1264 5720 1467 5781 nauh.
1499 5737 1593 5793 vn,
1654 5725 1720 5779 ¹7
1750 5726 1812 5780 et
1864 5739 1992 5799 seq.
2026 5740 2043 5783 ε
2095 5724 2287 5783 Omnis
2323 5724 2496 5785 arbor
2554 5727 2701 5787 bona

4285 350 4406 415 281

2865 521 3066 598 lium,
3099 521 3197 585 sic
3222 519 3429 586 corda
3458 520 3815 586 hominum
3855 520 4224 609 manifesta
4252 529 4414 585 sunt

2856 627 3339 720 prudentibus

2956 977 2988 1017 ι(
3036 953 3363 1042 Coqnovi,
3407 954 3723 1019 Domine.
3774 979 3805 1018 »
3830 952 3959 1020 Hic
3997 956 4298 1031 tertium,
4334 954 4402 1020 in

2862 1080 2999 1149 quo
3058 1059 3487 1148 recognoscit
3552 1082 3624 1127 se
3680 1068 4033 1150 expertum
4103 1060 4403 1128 divinam

2863 1168 3281 1257 aequitatem.
3318 1167 3472 1235 Duo
3505 1191 3669 1260 ergo
3699 1176 4095 1260 tanguntur.
4142 1168 4408 1248 Primo,

2860 1275 3164 1364 cognitio
3191 1275 3532 1365 aequitatis
3573 1278 3642 1343 in
3673 1276 3921 1345 divinis
3952 1275 4251 1366 judiciis.
4292 1275 4411 1343 Se-

2859 1379 3110 1463 cundo,
3164 1381 3411 1448 modus
3451 1383 3891 1472 cognitionis,
3927 1383 4087 1474 quia
4141 1383 4409 1472 experi-

2856 1483 3269 1569 mentaliter,
3307 1485 3423 1566 ihi,
3464 1511 3495 1550 a
3540 1489 3635 1553 Et
3675 1488 3745 1554 in
3785 1488 4069 1555 veritate
4106 1495 4250 1555 tua.
4276 1512 4305 1548 n

2946 1593 3129 1662 Dicit
3183 1617 3391 1685 ergo:
3459 1594 3599 1676 Sic,
3650 1595 3969 1680 Domine,
4030 1605 4187 1688 peto
4235 1593 4405 1663 mihi

2854 1703 3002 1771 dari
3044 1703 3492 1784 intellectum,
3527 1704 3611 1772 ad
3661 1705 3981 1775 mandata
4028 1704 4399 1795 implenda,

2852 1819 2920 1878 et
2958 1810 3199 1892 fateor,
3232 1834 3273 1880 o
3313 1813 3637 1896 Domine,
3683 1841 3713 1878 a
3750 1815 4036 1904 coqnovi
4071 1815 4239 1905 quia
4264 1813 4405 1904 ju-

2851 1920 3037 1989 dicia
3108 1930 3259 2002 tua,
3341 1949 3374 1989 n
3444 1947 3585 1993 non
3660 1932 3924 1992 tantum
3991 1946 4212 2015 aequa,
4285 1921 4405 1990 sed

2852 2054 2886 2095 a
2918 2030 3211 2120 aequitas
3243 2056 3276 2096 a
3313 2031 3483 2122 ipsa.
3521 2031 3849 2101 Proverb.
3885 2054 4026 2111 xvt,
4067 2033 4142 2099 11
4173 2053 4188 2098 z
4224 2032 4401 2098 Pon·

2848 2133 2979 2201 dus
3009 2144 3073 2200 et
3100 2143 3360 2203 stalera
3377 2133 3662 2225 judicia
3698 2137 3988 2204 Domini
4029 2144 4212 2204 sunt.
4270 2136 4406 2202 Ju-

2847 2240 3033 2308 dicia
3062 2250 3290 2309 autem
3353 2242 3649 2333 appellat
3704 2245 4172 2312 exsecutiones
4214 2241 4407 2331 judi-

2844 2348 3137 2428 ciorum,
3198 2348 3469 2440 ssagella
3526 2352 3781 2420 scilicet
3825 2359 4290 2443 peccatorum,
4332 2356 4399 2416 et

2843 2461 3055 2528 etiam
3089 2459 3418 2530 tiliorum.
3464 2461 3648 2530 Psal.
3692 2485 3896 2542 xcvn,
3938 2464 3979 2528 9
4017 2486 4033 2531 z
4101 2461 4402 2530 Judica-

2846 2567 2947 2635 bi!
2975 2568 3203 2637 orbem
3224 2579 3420 2638 terrae
3452 2572 3521 2638 in
3538 2571 3854 2662 justitia,
3891 2582 3954 2640 et
3975 2570 4274 2663 populos
4331 2572 4399 2637 in

2841 2677 3191 2767 aequitate.
3234 2676 3366 2745 Isa.
3412 2701 3508 2760 xi,
3554 2680 3635 2749 t:
3687 2683 3949 2771 Arquel
3979 2681 4048 2747 in
4078 2680 4405 2770 aequitate

2832 2807 2969 2875 pro
3016 2787 3391 2853 mansuetis
3446 2798 3666 2856 terrae.
3701 2786 3785 2854 Et
3821 2786 4003 2855 unde
4050 2786 4183 2854 hoc
4236 2808 4404 2877 cog-

2840 2895 3163 2963 novisti?
3213 2920 3246 2961 «
3312 2897 3494 2980 Quia
3549 2883 3950 2966 humiliasti
3998 2920 4106 2965 me
4138 2920 4163 2965 .·
4228 2922 4263 2963 ι
4331 2903 4398 2963 et

2838 3000 2999 3083 hoc,
3051 3032 3085 3065 α
3116 3004 3187 3070 in
3226 3005 3538 3085 veritate,
3605 3033 3639 3070 n
3692 3004 4171 3074 humiliatione
4208 3003 4398 3092 deje-

2838 3110 3086 3180 ctionis
3109 3111 3179 3180 in
3218 3121 3538 3199 mortem,
3568 3121 3635 3184 et
3662 3113 3997 3184 moriendi
4035 3113 4404 3184 necessita-

2839 3227 2982 3289 tem
3008 3240 3025 3287 :
3064 3219 3134 3288 in
3163 3219 3297 3290 hoc
3317 3222 3501 3290 enim
3521 3222 3649 3291 tuit
3667 3223 3932 3313 justitia
3959 3246 3976 3291 :
4001 3224 4187 3315 juste
4208 3223 4391 3291 enim

2841 3327 3265 3397 inobedienti
3309 3330 3565 3399 inflicta
3605 3341 3708 3401 est
3747 3354 3948 3424 poena
3988 3332 4231 3400 mortis
4264 3355 4281 3399 :
4332 3341 4399 3399 et

2840 3442 3078 3506 tamen
3109 3436 3267 3506 fecit
3303 3438 3661 3508 nobiscum
3701 3439 4267 3524 misericordiam,
4313 3461 4397 3508 ne

2846 3550 3183 3634 perpetuo
3214 3543 3488 3614 duraret
3529 3547 3598 3616 iu
3636 3547 3948 3618 miseria:
3983 3569 4135 3617 ecce
4180 3547 4398 3637 oequi·

2834 3656 2964 3718 tas».
3003 3648 3252 3742 Supra,
3283 3652 3354 3720 in
3384 3651 3571 3724 Psal.
3602 3677 3786 3741 xant,
3819 3655 3948 3724 20:
3981 3653 4397 3724 Ilumiliasti

2834 3780 2958 3826 nos
2995 3758 3068 3827 in
3100 3759 3246 3829 Ioco
3276 3762 3716 3852 afflictionis.
3742 3761 3852 3843 1⁴31,
3883 3784 4114 3854 supra,
4150 3764 4222 3831 in
4260 3760 4391 3830 hoc

2833 3864 3114 3936 Psalmo
3144 3890 3376 3946 cxvm,
3413 3871 3496 3938 (Π
3528 3892 3545 3938 :
3580 3873 4007 3964 Priusquam
4044 3870 4392 3939 humilia-

2830 3999 2967 4057 rer,
2997 4000 3123 4069 eqo
3151 3978 3445 4070 deliqui.

2856 4128 2859 4131 ι
2920 4085 3008 4153 Et
3072 4093 3264 4173 nota,
3332 4088 3519 4179 quod
3584 4097 3685 4158 est
3755 4089 3926 4159 falsa
3997 4087 4376 4176 humilitas,

2828 4215 2981 4285 quae
3047 4192 3221 4263 nihil
3284 4195 3587 4287 prodest,
3655 4197 3797 4267 imo
3882 4197 4103 4289 magis
4159 4197 4381 4267 Deum

2827 4311 3180 4395 provocat.
3213 4304 3419 4375 Eccli.
3461 4329 3604 4387 xxx,
3638 4308 3723 4377 23
3759 4331 3776 4377 ε
3807 4309 3939 4377 Est
3974 4308 4101 4401 qui
4136 4308 4384 4401 nequi-

2827 4419 2931 4479 ter
2973 4410 3311 4481 humiliat
3360 4437 3434 4482 se
3462 4436 3487 4482 .·
3559 4415 3888 4483 interiora
3934 4424 4167 4484 autem
4224 4413 4381 4505 ejus

2816 4516 3034 4609 plena
3060 4527 3225 4587 sunt
3250 4519 3437 4589 dolo.
3474 4520 3583 4600 Et,
3614 4520 3774 4600 Joh,
3809 4543 4047 4602 xxxvi,
4087 4523 4167 4592 ¹3
4198 4544 4214 4589 ε
4257 4524 4379 4589 Si-

2822 4624 3203 4694 mulatores
3235 4636 3301 4696 et
3336 4627 3589 4697 callidi
3616 4637 3993 4721 provocant
4015 4631 4192 4698 iram
4215 4630 4369 4697 Dei.

4529 996 4645 1062 ²5

2824 4731 2963 4803 Sed
2993 4742 3094 4804 est
3121 4758 3284 4805 vera
3328 4734 3683 4806 humilitas
3707 4760 3858 4830 quoe
3896 4746 4002 4808 est
4051 4737 4371 4808 ordinati·
4404 4754 4523 4819 γοα
4561 4755 4715 4801 hnmi-

4398 4808 4504 4853 Ιιιοι
4526 4817 4603 4854 out
4623 4822 4711 4855 or·

2817 4863 2933 4923 va,
2976 4841 3146 4912 dans
3175 4844 3422 4936 cuique
3448 4844 3678 4914 locum
3708 4845 3838 4914 sibi
3866 4844 4198 4927 debitum,
4239 4846 4367 4915 sic-
4440 4864 4667 4914 «nm-ava.

4406 4917 4557 4961 urban

2818 4953 2896 5015 ut
2925 4968 2961 5016 e
2992 4948 3336 5019 contrario
3367 4950 3686 5042 superbia
3716 4951 4076 5022 deordinat
4111 4958 4359 5032 totum,
4393 4970 4580 5017 εισιειοι
4602 4983 4709 5028 μη·

2817 5061 2884 5124 et
2914 5055 3215 5126 alienum
3245 5056 3395 5126 vult
3440 5080 3769 5152 usurpare
3832 5058 4089 5141 locum,
4123 5081 4370 5151 quem-

2816 5166 3195 5238 admodum
3261 5169 3518 5239 factum
3572 5179 3674 5241 est
3739 5172 3809 5240 in
3849 5170 4188 5253 Lucifero,
4249 5175 4366 5266 qui

2814 5274 2900 5344 ad
2967 5276 3429 5369 aequalitatem
3485 5278 3614 5348 Dei
3687 5278 3907 5349 voluit
3973 5280 4364 5350 ascendere.

2813 5384 2947 5455 Isa.
2998 5411 3142 5468 xiv,
3226 5387 3352 5456 14:
3422 5388 3702 5459 Similis
3771 5412 3886 5458 ero
3958 5390 4343 5461 Altissimo.

2811 5492 3099 5564 Numer.
3139 5516 3284 5579 xvi,
3344 5496 3376 5562 1
3430 5503 3499 5565 et
3536 5518 3713 5589 seq„
3751 5496 3876 5565 filii
3929 5496 4105 5569 Coro
4142 5497 4370 5567 locum

2807 5730 3031 5799 tructus
3054 5725 3221 5785 bonos
3239 5729 3404 5801 tacit,
3436 5731 3551 5788 etc.

4491 5025 4627 5071 dent.

4559 4917 4697 4967 ⁸.ss-
