5008 6329
1912 350 2627 424 COMMENTARIUS
2677 349 2770 415 ΙΝ
2818 343 3253 415 PSALMUM
3304 338 3616 410 CXVIII.

1158 539 1221 598 et
1277 537 1674 597 convertere
1734 528 1939 619 pedes
1996 550 2153 596 cum
2221 526 2362 592 filio
2425 521 2712 612 prodigo

1159 637 1464 706 redeunti
1497 650 1546 707 ¹.

1254 994 1287 1032 ι
1330 969 1635 1034 Paratus
1660 987 1841 1031 sum.
1884 989 1918 1025 n
1945 963 2073 1030 llic
2104 970 2207 1030 est
2236 959 2534 1029 secunda
2561 983 2720 1052 pars

1159 1074 1366 1164 hujus
1423 1071 1782 1150 octonarii,
1843 1072 1915 1138 in
1981 1093 2118 1161 qua
2181 1078 2552 1161 postquam
2602 1091 2721 1135 os·-

1115 1252 1119 1256 4
1160 1181 1376 1250 tendit
1435 1202 1506 1248 se
1546 1188 1862 1270 paratum
1927 1199 2362 1270 perseverare
2393 1174 2722 1264 simplici-

1155 1298 1281 1369 ter,
1316 1287 1614 1357 ostendit
1642 1290 1848 1356 etiam
1886 1310 1958 1355 se
1990 1293 2305 1378 paratum
2372 1286 2444 1350 in
2475 1282 2717 1350 adver-

1155 1399 1350 1466 sitate
1380 1395 1815 1487 specialiter:
1851 1404 1918 1462 et
1982 1393 2304 1461 dicuntur
2356 1390 2518 1458 duo.
2564 1389 2714 1456 Pri-

1156 1529 1295 1585 mo,
1331 1506 1578 1573 fatetur
1633 1525 1706 1571 se
1744 1510 2142 1593 promptum
2190 1501 2262 1567 in
2309 1499 2611 1567 adversis
2651 1508 2718 1566 et

1155 1622 1606 1683 constantem.
1717 1610 2034 1679 Secundo
2067 1662 2082 1689 ,
2191 1608 2372 1677 unde
2467 1607 2717 1676 habeat

1154 1720 1789 1812 promptitudinem,
1867 1727 1936 1786 et
2024 1717 2511 1800 constantiam,
2590 1715 2709 1795 ibi,

1150 1837 1218 1907 ᾗ.
1252 1832 1336 1899 62
1368 1852 1394 1898 .·
1428 1856 1463 1893 α
1505 1828 1745 1897 Media
1773 1836 1988 1895 nocte.
2039 1853 2071 1887 »

1240 1936 1322 2004 In
1351 1937 1574 2026 prima
1631 1934 1794 2003 duo.
1858 1932 2121 2008 I‘rimo,
2184 1930 2551 2000 confitetur
2606 1931 2711 1998 sui

1150 2044 1764 2138 promptitudinem
1814 2043 1885 2110 in
1915 2040 2325 2109 adversitate
2382 2062 2526 2108 non
2583 2039 2715 2106 ob-

1150 2162 1394 2223 stante.
1449 2151 1788 2231 Secundo,
1836 2151 1904 2218 in
1951 2148 2495 2241 promptitudine
2554 2169 2711 2215 con-

1149 2265 1498 2346 stantiam,
1542 2261 1664 2343 ibi,
1706 2266 1770 2337 ἵ.
1808 2260 1886 2327 61
1938 2280 1952 2326 :
1994 2286 2026 2321 α
2095 2259 2325 2325 Funes
2391 2265 2713 2348 peccato-

1149 2394 1331 2441 rum.
1380 2396 1412 2437 ι

1149 2553 1152 2554 ⁷
1240 2480 1317 2548 In
1348 2479 1570 2570 prima
1598 2478 1754 2546 tria.
1798 2476 2060 2554 Primo,
2130 2472 2378 2542 fatetur
2423 2494 2711 2564 promp-

1148 2598 1288 2658 tam
1316 2611 1464 2657 esse
1493 2585 1944 2655 voluntatem.
1984 2582 2329 2661 Secundo,
2373 2584 2707 2649 rationem

1148 2701 1451 2792 quietam
1509 2718 1634 2765 nec
1690 2693 2068 2772 turbatam,
2139 2691 2260 2778 ibi,
2334 2719 2368 2755 «
2411 2694 2507 2759 Et
2571 2714 2710 2758 non

1143 2828 1298 2874 sum
1336 2802 1680 2872 turbatus.
1731 2827 1764 2867 ι
1804 2801 2060 2880 Tertio,
2102 2798 2189 2866 ad
2248 2796 2412 2890 quid
2466 2819 2708 2889 prom-

1144 2923 1357 3005 ptam,
1416 2912 1537 2993 ibi,
1583 2935 1617 2976 ι
1657 2911 1745 2979 Ut
1776 2906 2185 2977 custodiam.
2224 2931 2259 2972 a

1233 3022 1413 3092 Dicit
1448 3042 1612 3110 ergo
1658 3040 1674 3086 ε
1722 3017 1837 3086 Sic
1875 3016 2200 3108 proposui
2236 3012 2583 3084 custodire
2614 3011 2707 3082 le·

1142 3155 1324 3223 gem,
1359 3136 1427 3199 et
1451 3129 1659 3199 etiam
1721 3152 1756 3194 ι
1792 3134 2088 3217 paratus
2149 3145 2333 3209 sum,
2367 3146 2403 3189 n
2461 3144 2708 3213 prom-

1143 3252 1257 3335 pta
1284 3239 1664 3309 voluntate.
1741 3236 1990 3326 Supra,
2025 3235 2095 3301 in
2147 3230 2331 3301 l’sal.
2400 3254 2560 3315 cvn,
2604 3234 2644 3299 2
2680 3255 2697 3301 τ

1140 3355 1484 3420 Paratum
1522 3356 1922 3423 cormeum,
1996 3345 2208 3413 Deus.
2261 3341 2316 3408 '1'
2319 3340 2459 3409 ales
2507 3339 2703 3408 vole-

1140 3458 1254 3528 bat
1284 3456 1540 3526 l’aulus
1579 3476 1727 3523 esse
1767 3450 2162 3520 Corinthios
2200 3449 2286 3518 ad
2315 3448 2702 3539 eleemosy-

1139 3591 1287 3645 nas,
1322 3565 1382 3633 ll
1415 3563 1503 3633 ad
1530 3558 1842 3632 Corinth.
1888 3583 1981 3641 ix,
2016 3561 2057 3627 3
2104 3566 2173 3628 et
2203 3559 2244 3625 4
2287 3578 2305 3627 ε
2345 3559 2433 3627 Ut
2473 3580 2699 3649 para-

1138 3678 1195 3744 ti
1220 3675 1402 3755 sitis,
1442 3694 1529 3742 ne
1591 3693 1748 3739 cum
1788 3668 2092 3736 venerint
2129 3664 2538 3735 Macedones
2564 3688 2699 3733 me·

1136 3806 1313 3862 crim,
1393 3792 1457 3851 et
1515 3780 1894 3849 invenerint
1958 3799 2075 3844 vos
2124 3777 2529 3868 imparatos,
2563 3785 2690 3844 etc.

1138 3892 1253 3962 Sic
1318 3898 1594 3983 paratus
1623 3896 1769 3957 erat
1810 3884 2118 3965 Samuel,
2153 3883 2177 3951 1
2221 3882 2391 3974 neg.
2444 3906 2544 3961 m,
2587 3884 2627 3951 5
2674 3905 2690 3950 :

1134 4004 1309 4070 Ecce
1341 4024 1466 4092 eqo
1532 4022 1556 4067 .·
1597 3997 1856 4065 vocasti
1895 3996 2075 4062 enim
2135 4016 2266 4061 me.
2329 4017 2364 4059 ι
2406 3994 2502 4061 Et
2557 4014 2694 4059 non

1130 4131 1287 4178 sum
1343 4106 1689 4184 turbatus,
1734 4129 1770 4171 n
1814 4111 2002 4171 mota
2065 4101 2355 4170 ratione.
2433 4098 2689 4168 Jerem.

1132 4239 1300 4302 xvn,
1340 4216 1422 4282 16
1465 4235 1482 4281 2
1525 4215 1622 4281 Et
1659 4233 1783 4302 eqo
1828 4232 1968 4277 non
2018 4230 2176 4277 sum
2237 4205 2587 4291 turbatus,
2630 4214 2695 4272 te

1127 4332 1474 4418 pastorem
1525 4332 1833 4412 sequens.
1910 4316 2113 4385 Joan.
2165 4337 2309 4395 xiv,
2360 4316 2381 4382 1
2453 4337 2471 4383 2
2534 4315 2690 4384 Non

1132 4430 1448 4502 turbetur
1516 4451 1634 4497 cor
1690 4435 2013 4506 vestrum,
2049 4447 2268 4516 neque
2326 4421 2684 4513 formidet.

1133 4542 1248 4610 Sic
1276 4547 1552 4633 paratus
1607 4544 1774 4617 crat,
1804 4556 1930 4603 nec
1967 4529 2392 4613 turbabatur,
2433 4529 2554 4623 qui
2591 4530 2690 4598 di·

1132 4648 1348 4727 cebat,
1394 4646 1545 4714 Act.
1587 4666 1733 4723 xxi,
1774 4642 1853 4710 13
1889 4663 1904 4707 :
1948 4640 2134 4709 Mori
2162 4641 2232 4706 in
2297 4636 2688 4708 Jerusalem

1125 4767 1421 4851 paratus
1480 4775 1665 4831 sum,
1715 4757 2000 4842 propter
2075 4770 2319 4815 nomen
2403 4745 2693 4814 Domini

1127 4868 1313 4936 Jesu.

1219 4999 1254 5041 ι
1296 4974 1384 5042 Ut
1411 4968 1826 5040 custodiam.
1862 4991 1898 5033 ι
1961 4964 2174 5047 Quasi
2220 4963 2474 5033 diceret
2520 4985 2537 5031 ε
2581 4961 2689 5032 Λᾶ

1126 5081 1259 5152 hoc
1289 5086 1565 5174 paratus
1602 5097 1784 5154 sum,
1831 5102 1866 5140 α
1925 5084 2003 5142 ut
2048 5070 2431 5141 custodiam
2481 5092 2688 5138 man-

1128 5189 1297 5257 data
1325 5197 1477 5270 tua,
1522 5208 1557 5252 »
1630 5202 2065 5274 quacumque
2116 5177 2527 5248 adversitate
2574 5176 2688 5244 in-

1126 5300 1434 5387 gruente.
1477 5289 1702 5360 Eccle.
1750 5310 1874 5371 xu,
1912 5286 1994 5355 13
2039 5308 2057 5355 :
2115 5288 2342 5355 Deum
2387 5285 2579 5367 time,
2622 5293 2686 5352 et

1128 5400 1461 5471 mandata
1516 5398 1674 5490 ejus
1727 5395 2007 5466 observa
2047 5418 2070 5462 .·
2144 5394 2271 5463 leoc
2317 5403 2415 5461 est
2460 5393 2685 5460 enanis

1125 5512 1349 5579 horno.
1437 5505 1630 5575 Felix
1715 5506 1832 5598 qui
1906 5501 2129 5572 dicere
2214 5507 2438 5592 potest
2514 5496 2684 5568 illud

1201 5726 1219 5763 ¹
1251 5721 1337 5779 Cf.
1368 5719 1510 5778 Luc.
1566 5735 1660 5788 xv,
1690 5720 1782 5776 20.

1382 5854 1499 5900 xvu

4245 337 4373 425 2⁷3

2828 516 3065 583 Matth.
3100 536 3242 592 xix,
3287 515 3371 580 20
3409 536 3422 578 :
3463 513 3713 581 Omnia
3778 511 3918 578 Iiaec
3953 507 4289 575 custodivi
4333 531 4376 572 a

2814 622 3180 710 juventute
3210 643 3383 687 mea.

2924 979 2955 1012 «
2985 952 3211 1018 Funes
3271 954 3728 1037 peccatorum.
3770 967 3803 1007 n
3860 939 3988 1008 Hic
4032 939 4278 1007 fatetur
4307 959 4377 1004 se
4506 958 4628 1026 (31

2827 1063 3276 1126 constantem.
3320 1052 3475 1118 Duo
3516 1073 3678 1140 ergo
3728 1047 4069 1116 dicuntur.
4112 1046 4374 1122 PrimO,

2826 1163 3188 1233 confitetur
3254 1158 3661 1229 adversariis
3725 1178 3796 1224 se
3852 1152 4376 1223 circumdatum.

2828 1270 3169 1355 Secundo,
3211 1268 3484 1361 penitus
3515 1288 3586 1334 se
3627 1266 4015 1347 immotum,
4053 1261 4172 1345 ibi,
4209 1285 4243 1326 α
4285 1261 4381 1327 Et

2826 1384 3065 1472 leqem.
3108 1404 3140 1444 a

2911 1489 3090 1557 Dicit
3131 1509 3292 1577 ergo
3329 1509 3343 1553 :
3394 1482 3508 1551 Sic
3546 1504 3687 1550 non
3724 1479 3964 1547 turbor
4006 1478 4381 1546 adversita-

2825 1599 3002 1665 tibus
3041 1594 3383 1664 malorum
3414 1590 3802 1666 hominum,
3848 1596 3916 1656 et
3943 1588 4148 1656 etiam
4186 1610 4217 1650 α
4249 1587 4377 1675 su-

2820 1726 2935 1770 nes
2957 1710 3420 1792 peccatorum,
3458 1721 3491 1761 n
3535 1694 3603 1762 id
3661 1700 3787 1772 est,
3850 1691 4256 1760 tentationes
4295 1688 4380 1757 ad

2820 1818 3096 1902 peccata
3173 1805 3545 1888 trahenteS,
3622 1828 3656 1869 ι
3708 1799 4162 1892 circumplexi
4215 1807 4380 1866 sunt

2820 1942 2948 2000 me,
3003 1946 3036 1981 »
3091 1915 3350 1984 scilicet
3386 1920 3616 1981 motus
3665 1906 3974 1979 carnales
4039 1905 4380 1974 inclinan-

2816 2034 2916 2094 tes
2938 2024 3022 2093 ad
3045 2023 3346 2115 culpam,
3368 2029 3437 2090 et
3456 2019 3854 2087 daemonum
3874 2015 4373 2106 suggestiones.

2822 2135 2847 2202 I
2877 2133 3045 2223 Reg.
3099 2153 3267 2209 xxu,
3312 2132 3352 2199 5
3387 2152 3404 2197 ε
3445 2124 4060 2200 Circumdederunt
4088 2145 4378 2190 mecon-

2817 2240 3124 2307 tritiones
3162 2236 3429 2320 mortis,
3459 2244 3523 2302 et
3562 2241 3889 2302 torrentes
3926 2228 4164 2297 Belial
4208 2250 4377 2295 con-

2816 2345 3263 2415 turbaverunt
3294 2367 3423 2410 me.
3494 2338 3828 2410 Proverb.
3868 2360 3942 2417 ν,
3983 2338 4108 2404 22;
4146 2337 4375 2404 Funi-

2817 2454 2940 2522 bus
3003 2462 3443 2546 peccatorum
3487 2470 3778 2517 suorum
3845 2446 4138 2537 quisque
4203 2464 4373 2509 con-

2811 2563 3203 2653 strinqitur.
3240 2559 3350 2640 Et,
3383 2581 3504 2637 vu,
3570 2557 3651 2623 16
3695 2575 3712 2620 ;
3771 2552 4053 2621 Intesui
4079 2547 4372 2642 funibus
4398 2566 4722 2667 33¹3me

4478 2680 4629 2722 tom
4645 2680 4667 2721 Ὶ

2816 2668 3143 2737 lectulum
3172 2688 3423 2734 meum.
3458 2663 3649 2733 Unus
3679 2681 3845 2752 ergo
3866 2658 4074 2737 funis,
4111 2657 4365 2727 fomes:

2812 2774 3010 2859 aliuS,
3051 2771 3476 2843 consuetudo
3505 2792 3718 2861 prava
3761 2789 3777 2834 :
3813 2766 4076 2843 tertius,
4118 2787 4372 2855 sugge-

2810 2886 2940 2953 stio
2980 2882 3349 2963 diabolica,
3404 2904 3444 2949 a
3484 2878 3733 2971 quibus
3762 2897 3904 2944 non
3952 2873 4184 2943 evadit
4242 2873 4373 2941 nisi

2809 3002 3153 3063 constans.
3191 2990 3415 3060 Eccle.
3471 3012 3564 3071 iv,
3603 2989 3683 3055 12
3719 3008 3734 3054 :
3788 2983 4178 3054 Funiculus
4242 2982 4375 3050 tri-

2799 3101 2972 3194 ples:
3000 3098 3297 3191 difficile
3325 3096 3707 3187 rumpitur.

2903 3238 2936 3272 a
2967 3211 3064 3277 Et
3107 3234 3140 3275 ι
3176 3216 3433 3283 tamen,
3497 3201 3816 3297 quamvis
3856 3200 3950 3269 ita
3988 3194 4370 3267 circumda·

2807 3328 2915 3385 tus
2943 3317 3250 3395 funibus»,
3289 3342 3322 3380 ι
3362 3314 3580 3405 leqem
3619 3322 3814 3380 tuam
3842 3329 4153 3377 nonsum
4187 3304 4372 3373 obli-

2805 3436 2938 3503 nes,
2985 3451 3018 3491 ι
3075 3421 3432 3492 attendens
3489 3419 3657 3489 illud
3714 3412 4048 3485 Proverb.
4113 3436 4209 3489 ιιι.
4277 3413 4363 3479 1:

2804 3533 2951 3602 Fili
2976 3533 3099 3611 mi,
3150 3555 3236 3599 ne
3272 3528 3704 3598 obliviscaris
3757 3524 3928 3616 leqis
3992 3544 4180 3590 meae.
4234 3518 4368 3588 Iste

2803 3666 2965 3734 ergo
2994 3641 3235 3710 volens
3301 3638 3633 3731 prolicere
3700 3634 3908 3704 sentit
3954 3654 4027 3700 se
4064 3631 4366 3699 circum-

2800 3750 3102 3842 plexum.
3173 3749 3324 3818 IIoc
3414 3756 3517 3817 est
3599 3743 3786 3838 quod
3858 3741 4023 3811 dicit
4097 3738 4366 3829 Grego-

2801 3860 2990 3928 rius:
3055 3888 3090 3923 κ
3138 3857 3314 3926 Cum
3372 3855 3525 3949 quis
3569 3877 3643 3923 se
3694 3849 4013 3944 expedire
4070 3846 4357 3925 mititur,

2802 3997 2836 4032 ι
2883 3976 3043 4035 tunc
3072 3965 3405 4058 conspicit
3443 3985 3654 4057 quam
3699 3960 3890 4029 duris
3926 3952 4203 4025 funibus
4260 3960 4358 4022 te-

2802 4102 2834 4135 «
2877 4079 3141 4141 nentur.
3179 4095 3215 4137 n

2886 4420 2921 4462 ι
2954 4394 3189 4463 Media
3219 4400 3436 4461 nocte.
3494 4416 3526 4457 n
3562 4389 3691 4458 llic
3736 4390 4041 4468 tertium,
4103 4388 4171 4457 in
4209 4411 4346 4481 quo
4476 4405 4605 4468 θ’

2794 4501 3089 4572 ostendit
3119 4524 3240 4593 per
3267 4522 3423 4593 quoe
3445 4498 3692 4567 habeat
3719 4506 3984 4566 tantam
4003 4497 4343 4577 fiduciam,

2794 4612 2954 4705 quia
2981 4633 3104 4702 per
3129 4609 3288 4677 tria.
3323 4607 3457 4676 l’er
3495 4605 3818 4675 devotam
3885 4612 3955 4674 et
3986 4604 4347 4676 sollicitam

2794 4716 3166 4810 gratiarum
3197 4714 3540 4783 actionem
3577 4710 3667 4780 ad
3712 4711 3960 4781 Deum.
4032 4709 4166 4780 Per
4202 4733 4354 4805 par-

2794 4825 3258 4918 ticipationem
3346 4820 3695 4890 bonorum
3811 4817 4133 4901 aliorum,
4227 4817 4345 4901 ibi,

2793 4942 2855 5011 5.
2900 4934 2983 5000 63
3021 4954 3038 5000 ε
3071 4930 3431 5021 I’articeps
3477 4949 3602 5019 eqo
3649 4948 3829 4994 sum.
3877 4951 3913 4990 n
3942 4926 4197 5007 Tertio,
4229 4950 4351 5020 per

2790 5038 3282 5109 abundantiam
3338 5034 3589 5104 divinae
3645 5032 4161 5115 misericordiae,
4225 5033 4344 5117 ibi,

2788 5156 2853 5225 ς’.
2889 5146 2974 5215 61
3008 5167 3025 5212 :
3066 5174 3100 5208 ιι
3131 5141 3617 5212 Misericordia
3640 5148 3788 5219 tua,
3828 5139 4148 5207 Domine.
4176 5165 4209 5206 ι

2877 5253 2955 5321 ln
2993 5252 3217 5343 prima
3244 5248 3409 5318 duo.
3443 5248 3705 5327 Primo,
3739 5247 4113 5338 gratiarum
4165 5249 4344 5318 actio

2787 5360 3099 5432 sollicita.
3181 5354 3528 5433 Secundo,
3598 5373 3803 5444 super
3854 5374 3992 5444 quo
4058 5361 4162 5422 est
4225 5352 4342 5422 illa

2786 5470 3160 5563 gratiarum
3190 5464 3394 5544 actio,
3426 5462 3548 5543 ibi,
3595 5486 3630 5528 ι
3660 5463 3887 5553 Super
3917 5460 4226 5553 judicia.
4266 5491 4299 5526 υ

4052 5812 4118 5867 18
