5008 6329
364 1339 481 1405 1⁰

617 291 745 356 226

618 463 916 533 bonitate
943 475 1064 532 tua
1094 463 1251 530 doce
1279 483 1384 526 me
1398 458 1937 547 justificationes
1966 464 2146 521 tuaS.

612 570 871 648 Judith,
932 592 1025 650 xi,
1086 569 1175 633 6:
1216 569 1311 632 Tu
1372 565 1562 630 solus
1620 563 1833 631 bonus
1898 572 1962 628 et
2020 583 2154 652 po-

615 690 758 746 tens
817 700 882 743 es
947 677 1015 741 in
1086 672 1272 738 omni
1328 693 1555 760 reyno.
1636 670 1713 736 ln
1788 667 1922 735 hoc
1986 689 2148 757 ergo

612 785 794 852 bono
842 779 1199 860 confidere,
1250 780 1319 844 in
1360 780 1490 847 hoe
1552 787 1765 847 totam
1807 800 1998 867 spem
2029 798 2150 866 po-

612 911 798 970 nere,
831 886 1089 955 excedit
1126 885 1268 952 sine
1297 885 1803 975 comparatione
1869 901 2147 948 omnem

612 1020 829 1090 spem,
862 996 1168 1064 omnium
1199 994 1677 1062 confidentiam
1709 992 1780 1058 in
1819 989 1952 1057 alia
1982 1008 2078 1053 re.

704 1344 738 1381 «
776 1317 1019 1386 Omnes
1060 1324 1308 1405 qentes.
1367 1337 1400 1374 »
1448 1309 1575 1376 Hie
1619 1305 1992 1375 secundum
2037 1311 2148 1369 to-

611 1428 744 1495 tius
774 1425 953 1492 illius
997 1422 1228 1513 partis,
1266 1421 1335 1486 in
1375 1439 1508 1507 qua
1544 1414 1786 1506 probat
1832 1412 1957 1479 Dei
2009 1412 2146 1479 mi-

609 1528 1042 1598 sericordiam
1092 1522 1401 1614 exemplo
1445 1522 1588 1589 ·sui.
1630 1519 1997 1588 Confessus
2043 1524 2144 1584 est

607 1637 789 1705 enim
828 1655 1017 1701 suam
1057 1630 1550 1705 liberationem,
1593 1625 1703 1694 hic
1750 1624 1937 1692 addit
1963 1622 2141 1690 libe-

601 1742 883 1809 rationis
939 1739 1241 1806 modum.
1286 1737 1371 1804 Et
1414 1737 1632 1824 tangit
1688 1731 1974 1799 modum
2012 1730 2145 1798 du-

600 1847 847 1938 plicem
902 1845 1345 1922 liberationiS,
1387 1865 1590 1932 quem
1645 1848 1744 1907 est
1792 1845 2134 1928 expertus.

604 1957 866 2035 Primo,
915 1957 1073 2046 quia
1118 1953 1382 2029 liberat,
1428 1973 1467 2017 a
1506 1972 1667 2017 casu
1723 1968 2142 2015 conservan-

592 2063 717 2133 do,
753 2061 1092 2144 Secundo,
1133 2061 1188 2127 si
1235 2059 1472 2128 cadere
1502 2058 1877 2146 contingat,
1912 2076 1951 2120 a
1980 2075 2139 2121 casu

603 2168 950 2259 erigend0‚
995 2166 1114 2250 ibi,
1143 2173 1207 2241 ᾗ.
1248 2167 1328 2232 13
1364 2187 1381 2234 :
1419 2189 1452 2229 α
1487 2163 1838 2253 Impulsus
1873 2182 2141 2228 eversus

596 2299 776 2344 sum.
816 2302 850 2338 n

693 2385 768 2451 ln
799 2386 1015 2476 prima
1053 2382 1187 2450 duo
1217 2380 1591 2450 secundum
1640 2402 1856 2471 genus
1887 2377 2138 2468 duplex

596 2499 1102 2584 persecutorum
1162 2487 1247 2556 ad
1306 2510 1537 2555 casum
1613 2485 2134 2576 impellentium.

601 2601 839 2682 Primi,
886 2598 1187 2667 infideles
1238 2597 1320 2664 de
1381 2597 1733 2663 (lentibus.
1809 2593 2133 2671 Secundi,

599 2708 902 2778 inlideles
928 2707 1010 2775 de
1038 2705 1313 2774 Judaeis.
1379 2704 1609 2770 l‘rimo
1641 2726 1804 2793 ergo
1837 2702 2140 2790 tangitur

599 2815 908 2885 liberatio
948 2838 984 2882 a
1034 2814 1292 2904 primis,
1326 2835 1409 2878 ne
1457 2833 1646 2877 ruere
1698 2810 1969 2876 faciant.
2009 2807 2140 2874 Se-

601 2920 848 3006 cundo,
891 2944 931 2989 a
994 2916 1326 2995 secundis,
1382 2916 1594 2994 ibi,5·.
1665 2918 1736 2982 11
1808 2937 1824 2984 ε
1892 2944 1925 2978 «
1980 2915 2139 2984 Cir-

600 3029 1019 3099 eumdantes.
1066 3052 1099 3093 ι

691 3135 767 3205 ln
797 3137 1013 3227 prima
1044 3134 1202 3203 duo.
1241 3134 1495 3215 Primo,
1538 3130 1782 3200 modus
1821 3153 2141 3222 persecu-

601 3245 805 3312 tionis
826 3244 1016 3334 justi,
1051 3244 1120 3310 in
1150 3243 1338 3331 cujus
1376 3262 1665 3330 persona
1693 3239 2022 3330 loquitur,
2053 3237 2139 3306 ab

601 3354 766 3444 ipsis
809 3350 1158 3419 Gentibus,
1215 3348 1555 3426 Secunde,
1596 3347 1842 3415 modus
1892 3347 2139 3414 divinas

601 3458 1042 3535 liberationis,
1069 3456 1186 3533 ibi,
1213 3485 1243 3516 «
1268 3457 1454 3523 Elin
1474 3456 1744 3521 nomine
1763 3454 2071 3521 Domini.
2102 3477 2135 3518 ι

689 3564 869 3632 Dicit
895 3587 1057 3654 ergo
1101 3587 1116 3632 ε
1160 3562 1311 3630 Dixi
1361 3584 1472 3629 me
1513 3563 1861 3628 invocasse
1901 3560 1972 3627 in
2019 3559 2138 3626 tri·

604 3671 948 3741 bulatione
977 3671 1376 3754 Dominum,
1407 3678 1474 3737 et
1510 3667 1595 3736 ab
1633 3691 1716 3736 eo
1747 3691 1857 3735 me
1886 3666 2139 3734 libera-

600 3789 773 3859 tum,
814 3787 881 3848 et
917 3801 1153 3847 verum
1198 3777 1362 3854 dixi,
1415 3776 1573 3866 quia
1614 3802 1647 3841 α
1680 3798 1910 3842 omnes
1957 3776 2139 3843 Gen-

602 3901 723 3974 tes,
754 3911 893 3958 non
945 3887 1252 3980 quiedam
1299 3893 1607 3967 tantum..-
1648 3910 1682 3950 ι
1723 3883 2140 3952 circuierunt

602 4019 734 4079 me,
787 4020 823 4062 s
873 3994 1030 4064 dicit
1089 3992 1384 4062 Ecclesia
1437 3991 1970 4082 primitivorum,
2020 4012 2135 4057 ex·

599 4104 957 4198 plorando,
990 4101 1389 4195 inquirendo
1437 4102 1491 4168 si
1526 4124 1633 4169 me
1681 4108 1959 4192 possent
1994 4099 2139 4166 suf-

598 4213 822 4281 focate
860 4218 928 4280 et
971 4209 1335 4278 destruere.
1384 4208 1564 4276 l‘sal.
1607 4230 1701 4285 ιι,
1747 4210 1787 4275 9
1823 4230 1839 4276 :
1874 4208 1953 4274 In
2002 4207 2142 4273 cir-

599 4321 791 4388 cuitu
846 4319 1045 4409 impii
1093 4314 1477 4385 ambulant.
1552 4314 1802 4383 Tliren.
1866 4336 1913 4398 ι,
1974 4314 2051 4380 Π
2114 4335 2131 4380 z

600 4429 682 4496 In
718 4426 1010 4495 circuitu
1051 4424 1206 4515 ejus
1248 4423 1468 4491 hostes
1508 4422 1689 4513 ejus,
1750 4422 2056 4490 instructi
2098 4444 2137 4489 a

601 4534 927 4626 magistro
964 4554 1089 4600 suo
1137 4529 1434 4611 diabolo,
1485 4531 1567 4600 de
1608 4552 1745 4620 quo
1792 4529 1955 4598 dicit
2002 4529 2137 4599 l‘e-

601 4651 771 4727 trus,
820 4641 848 4709 1
885 4639 1146 4711 Canon.
1194 4662 1264 4718 v,
1306 4640 1348 4708 8
1382 4638 1882 4709 :Adversarius
1927 4650 2139 4707 vester

601 4749 947 4833 diabolus,
996 4758 1347 4839 tamquam
1392 4745 1494 4814 leo
1540 4747 1839 4839 ruqiens,
1894 4748 2138 4815 circuit

600 4878 906 4948 querens
940 4877 1138 4947 quem
1177 4853 1468 4923 devoret.
1515 4853 1592 4920 Et
1643 4855 1785 4943 ipse
1833 4852 1994 4921 dicit
2049 4851 2134 4919 ad

601 4963 1000 5043 Dominum,
1049 4959 1207 5042 Job,
1266 4982 1315 5041 1,
1368 4961 1408 5029 7
1443 4983 1459 5027 τ
1493 4960 1795 5029 Circuivi
1849 4971 2131 5028 terram.

603 5070 786 5138 Facti
828 5079 985 5138 sunt
1042 5068 1320 5146 inimici,
1380 5075 1727 5157 tamquam
1778 5068 1893 5159 qui
1946 5066 2137 5134 obsi-

600 5176 759 5244 dent
843 5176 1206 5255 civitatem,
1274 5173 1388 5264 qui
1463 5173 1881 5242 circumdant
1952 5197 2129 5243 eam.

596 5281 754 5359 Job,
787 5303 925 5353 xix.
974 5281 1096 5349 12:
1133 5278 1549 5348 Obsederunt
1591 5281 1661 5347 in
1702 5303 1876 5370 qyro
1905 5278 2136 5346 taber-

598 5385 927 5457 naculum
969 5408 1216 5454 meum.
1271 5385 1492 5456 Eccle.
1529 5410 1622 5468 ix,
1671 5388 1750 5455 14
1787 5412 1803 5457 :
1839 5390 2135 5455 Eoestrn-

595 5496 707 5564 :tit
734 5494 1142 5561 munitiones
1163 5516 1289 5584 per
1310 5516 1590 5584 qyrum,
1615 5503 1679 5562 et
1707 5495 2016 5586 perlecta
2036 5503 2134 5561 est

600 5601 861 5669 obsidio
872 5652 884 5665 .

1582 287 1668 355 D.
1718 282 1921 350 ALB.
1973 278 2168 346 MAG
2246 279 2451 346 ORD.
2508 280 2803 351 PRAED.

2363 478 2394 518 α
2429 455 2527 519 Et
2566 454 2635 519 in
2663 456 2938 522 nomine
2971 458 3285 524 Domini.
3334 482 3365 522 ι
3401 457 3531 526 Hic
3567 481 3815 526 secun-

2269 560 2456 644 dum,
2501 562 2743 630 modus
2801 563 3057 631 scilicet
3111 563 3557 642 liberationis.
3604 567 3810 645 Quasi

2267 671 2518 739 diceret
2561 695 2576 738 :
2623 670 2736 738 Sic
2788 672 3118 763 persecuti
3171 680 3353 750 sunt,
3402 700 3434 734 α
3487 682 3550 738 et
3594 700 3626 734 »
3684 697 3810 764 ego

2270 803 2303 843 α
2339 779 2530 845 ultus
2574 803 2725 846 sum
2765 782 2836 846 in
2888 803 2997 848 eos
3030 804 3051 846 .·
3082 807 3111 843 ι»
3157 789 3223 846 et
3270 779 3425 860 hoe,
3474 804 3508 844 α
3560 781 3632 845 in
3686 803 3814 846 no-

2265 886 2446 951 mine
2490 887 2798 967 Domini,
2837 913 2871 948 »
2923 888 2989 953 id
3031 897 3155 964 est,
3212 887 3281 952 in
3329 887 3633 976 potentia
3673 885 3811 952 Do-

2264 990 2457 1056 mini.
2530 991 2748 1057 Exod.
2817 1015 2932 1070 xv,
2996 995 3034 1059 3
3097 1016 3111 1059 :
3181 994 3626 1083 Omnipotens
3688 1016 3813 1059 no-

2262 1120 2417 1164 men
2464 1097 2620 1185 ejus
2658 1121 2680 1164 .·
2723 1121 2924 1166 suum
2971 1102 3156 1168 enim
3206 1109 3308 1169 est
3354 1101 3612 1171 ulcisci.
3683 1101 3814 1170 Ec-

2261 1204 2372 1271 cli.
2442 1228 2681 1284 xxvm,
2739 1209 2767 1273 1
2840 1230 2856 1275 ε
2923 1208 3060 1292 Qui
3123 1209 3469 1276 vindicari
3520 1209 3693 1287 vult,
3770 1235 3812 1279 a

2258 1312 2559 1379 Domino
2638 1316 2929 1381 inveniet
3028 1315 3431 1384 vindictam.
3527 1315 3804 1384 Denter.

2257 1441 2472 1498 xxxix,
2509 1421 2592 1487 43
2627 1443 2642 1487 :
2684 1421 3066 1489 Vindictam
3098 1421 3430 1490 retribuet
3467 1424 3539 1490 in
3585 1422 3807 1491 hostes

2256 1549 2511 1594 eorum.
2570 1528 2856 1619 Propter
2897 1528 3027 1597 hoc
3077 1529 3342 1598 dicebat
3392 1530 3609 1598 David
3661 1531 3806 1598 Go-

2255 1634 2447 1718 liath,
2502 1636 2530 1702 I
2569 1636 2736 1728 Reg.
2789 1661 2956 1722 xvir,
3009 1640 3093 1706 45
3129 1661 3145 1708 ε
3185 1642 3283 1707 Tu
3331 1642 3516 1706 venis
3556 1640 3654 1707 ad
3700 1663 3806 1707 me

2253 1764 2408 1809 cum
2443 1742 2713 1831 qladio,
2748 1752 2812 1811 et
2849 1745 3147 1822 hastam
3191 1746 3474 1835 clypeo:
3506 1768 3629 1836 eqo
3668 1768 3802 1813 au-

2253 1858 2387 1916 tem
2415 1851 2609 1916 venio
2664 1849 2763 1917 ad
2782 1860 2846 1919 te
2874 1852 2947 1918 in
2983 1852 3259 1919 nomine
3294 1854 3573 1919 Domini
3607 1875 3802 1920 exer·

2251 1956 2539 2035 cittium,
2567 1958 2697 2024 Dei
2733 1958 3094 2046 ayminum
3121 1958 3366 2027 Israel.

2252 2345 2255 2350 .
2342 2308 2376 2348 α
2414 2285 2934 2353 Circumdantes
2954 2286 3549 2355 circumdederunt
3594 2310 3723 2354 me.
3759 2314 3792 2353 »

2248 2390 2378 2459 llic
2415 2391 2496 2461 de
2525 2396 2989 2483 persecutione
3029 2417 3069 2462 a
3107 2395 3367 2464 Judaeis
3401 2421 3416 2465 ε
3451 2404 3517 2465 et
3557 2396 3798 2465 dicun-

2248 2507 2360 2567 tur
2427 2500 2590 2570 duo.
2656 2500 2917 2582 Primo,
2986 2502 3232 2570 modus
3308 2506 3797 2595 persecutionis

2249 2626 2336 2672 ex
2372 2613 2562 2695 parte
2617 2616 3155 2696 persecutorum,
3206 2607 3275 2675 id
3327 2618 3455 2690 est,
3523 2610 3796 2678 illorum
3895 2611 3914 2616 ⁴

2249 2712 2364 2802 qui
2432 2714 2766 2803 persecuti
2834 2723 2903 2782 et
2956 2737 3119 2783 vere
3187 2717 3370 2805 passi
3426 2724 3585 2783 sunt
3642 2741 3794 2785 cum

2248 2820 2456 2887 modo
2535 2821 2978 2891 liberationis.
3064 2823 3407 2903 Secundo,
3478 2849 3561 2894 ex
3609 2834 3796 2916 parte

2245 2932 2827 3020 persequentium,
2872 2931 2991 3012 ibi,
3045 2941 3111 3009 5.
3158 2935 3240 3000 12
3277 2956 3293 3002 ε
3334 2961 3367 2996 «
3413 2933 3800 3002 Circumde-

2247 3035 2497 3103 derunt
2523 3059 2650 3104 me.
2690 3063 2723 3104 ι

2338 3144 2417 3212 ln
2463 3146 2681 3236 prima
2749 3155 2976 3215 autem
3036 3147 3198 3218 duo,
3264 3148 3526 3228 Primo,
3579 3152 3796 3240 tangit

2247 3253 2532 3321 modum
2580 3255 3091 3344 persecutionis.
3160 3255 3503 3334 Secundo,
3562 3255 3801 3324 libera-

2248 3361 2480 3445 tionis,
2526 3362 2645 3442 ibi,
2694 3387 2723 3425 α
2749 3364 2844 3429 Et
2867 3363 2938 3430 in
2976 3364 3274 3431 nomine.
3313 3389 3346 3430 t

2337 3467 2513 3535 Dicit
2553 3490 2755 3560 ergo:
2795 3468 2907 3536 Sic
2962 3468 3213 3537 Gentes
3261 3479 3421 3539 sunt
3477 3493 3588 3540 me
3640 3494 3794 3563 per-

2246 3584 2522 3657 secutae,
2572 3584 2637 3642 et
2680 3574 2903 3642 Judaei
2936 3603 2970 3639 κ
3024 3576 3550 3658 circumdantes,
3604 3604 3639 3641 n
3681 3602 3798 3647 ca-

2245 3689 2368 3772 put
2414 3703 2671 3759 meum,
2706 3680 2867 3749 dicit
2913 3680 3213 3751 Ecclesia
3261 3684 3792 3773 primitivorum,

2256 3817 2286 3850 ιι
2317 3788 2911 3857 circumdederunt
2940 3811 3069 3867 me,
3133 3814 3169 3856 s
3238 3812 3490 3883 corpus
3540 3793 3788 3883 ipsum.

2246 3893 2849 3963 Circumdederunt
2867 3895 2908 3960 J
2914 3894 3083 3964 udaei
3125 3897 3368 3989 seipsis
3390 3898 3794 3989 inquirendo

2244 4003 2398 4094 quis
2435 4009 2636 4084 esset,
2665 4002 2864 4071 Joan.
2902 4026 2970 4082 x,
3004 4004 3090 4070 24
3125 4004 3796 4084 :Circumdederunt

2241 4131 2424 4192 eum,
2484 4107 2740 4177 scilicet
2790 4109 3056 4188 Jesum,
3087 4110 3344 4191 Judaei,
3377 4121 3443 4178 et
3480 4111 3790 4180 diceban!

2241 4216 2345 4283 ei:
2388 4216 2472 4283 Si
2518 4223 2593 4283 tu
2629 4237 2698 4281 es
2747 4216 3078 4297 Christus,
3120 4215 3235 4284 die
3287 4215 3484 4285 nobis
3513 4218 3784 4309 palam.

2242 4320 2850 4390 Circumdederunt
2905 4322 3132 4391 verbis
3183 4332 3251 4391 et
3292 4322 3786 4403 fraudulentiis,

2239 4428 2489 4497 Thren.
2563 4451 2658 4508 m,
2714 4430 2754 4498 7
2800 4451 2816 4498 ε
2863 4430 3514 4520 Circumaedificavit
3560 4433 3796 4502 adver·

2239 4559 2395 4605 sum
2435 4559 2566 4619 me,
2599 4546 2677 4606 ut
2729 4559 2867 4605 non
2911 4537 3255 4630 eqrediar.
3305 4537 3795 4610 Circumdede-

2243 4653 2400 4712 runt
2459 4644 2765 4713 vestibus
2824 4644 3168 4725 irrisoriis,
3217 4646 3422 4717 Joan.
3491 4671 3636 4730 xix,
3684 4652 3711 4718 1
3772 4674 3788 4719 :

2253 4751 2510 4819 Vestem
2559 4775 2987 4844 pnrpuream
3043 4755 3641 4825 circumdederunt
3702 4760 3787 4825 ei.

2331 4883 2365 4923 ι
2410 4860 2508 4926 Et
2540 4860 2608 4926 in
2638 4861 2913 4927 nomine
2940 4860 3250 4929 Domini.
3297 4886 3333 4928 ι
3368 4861 3577 4942 Quasi
3608 4863 3790 4932 dice-

2240 4973 2391 5033 ret:
2438 4963 2555 5033 Sic
2600 4963 3193 5034 circumdederunt
3250 4990 3386 5045 me,
3441 4977 3509 5037 et
3556 4992 3794 5060 perse-

2240 5071 2648 5162 quebantur,
2692 5080 2759 5140 et
2797 5072 2866 5139 in
2915 5095 3052 5154 me,
3093 5082 3160 5142 et
3197 5074 3268 5142 in
3312 5097 3469 5143 meo
3515 5061 3734 5167 capite
3769 5101 3784 5143 ε

2242 5205 2276 5245 α
2310 5189 2375 5246 et
2419 5180 2492 5247 in
2547 5180 2822 5248 nomine
2856 5182 3159 5261 Domini,
3197 5206 3230 5247 t
3275 5181 3543 5272 supple,
3576 5182 3791 5253 factus

2237 5308 2418 5371 sum,
2470 5315 2503 5347 α
2541 5287 2710 5377 quia
2767 5286 2958 5356 ultus
3000 5309 3155 5355 sum
3232 5289 3305 5354 in
3370 5310 3505 5370 eos,
3577 5317 3614 5355 n
3672 5315 3792 5383 per

2238 5392 2612 5480 Romanos,
2662 5394 2778 5487 qui
2829 5417 2947 5463 eos
3004 5394 3508 5481 destruxerunt,
3551 5405 3618 5467 et
3671 5422 3793 5490 per

2238 5496 2607 5578 daemoneS,
2640 5499 2756 5591 qui
2806 5499 3163 5568 damnatos
3193 5501 3264 5567 in
3313 5498 3577 5569 inferno
3615 5502 3791 5572 alssi-

2236 5613 2429 5693 gunt.
2469 5605 2596 5675 lsa.
2632 5614 2774 5686 exn,
2806 5609 2846 5674 2
2883 5629 2898 5673 ε
2935 5608 3496 5699 L'tpraedicarem
3527 5632 3787 5677 menum
