5008 6329
688 419 703 435 ⁹
755 322 881 391 368

733 501 935 584 mine,
982 500 1078 568 ad
1103 508 1187 575 te,
1250 506 1741 565 convertemur.
1810 496 2118 590 Sophon.
2180 525 2279 580 ιιι,

731 614 813 678 20
849 632 863 676 :
898 608 1096 677 Dabo
1127 629 1243 673 vos
1299 608 1373 674 in
1419 630 1711 690 nomem,
1747 617 1812 673 et
1868 608 1939 673 in
2008 606 2285 675 laudem

731 716 1043 785 omnibus
1084 714 1370 807 populis
1413 725 1630 793 terrae,
1687 736 1842 781 cum
1898 725 2280 781 convertero

727 825 1190 916 captivitatem
1237 834 1557 892 vestram.
1597 822 1850 889 Jerem.
1901 843 2091 898 xxxi,
2142 823 2219 889 18
2263 843 2278 887 :

736 933 1056 1000 Converte
1091 954 1222 1014 me,
1255 931 1577 1008 Domine,
1612 936 1676 994 et
1702 935 2078 995 convertar.

822 1067 855 1104 α
887 1041 1085 1109 Sicut
1136 1048 1403 1105 torrens
1446 1036 1518 1100 in
1566 1042 1824 1101 austro.
1891 1061 1923 1096 n
1984 1034 2113 1103 Hic
2160 1037 2285 1103 ad..

737 1148 968 1237 jungit
996 1143 1306 1212 modum.

816 1254 997 1321 Dicit
1012 1275 1175 1344 ergo
1202 1276 1217 1321 ε
1248 1250 1363 1321 Sic
1388 1259 1710 1319 converte
1731 1257 1805 1316 ut
1824 1251 2038 1317 simus
2060 1251 2283 1318 ssuen-

728 1373 830 1432 tes
859 1362 1202 1455 lacrymis,
1277 1387 1311 1428 α
1342 1364 1522 1430 sicut
1581 1371 1842 1428 torrens
1872 1360 1943 1426 in
1974 1367 2208 1426 austro
2246 1388 2277 1420 ι»

725 1472 895 1549 ssuit,
940 1472 1056 1562 qui
1086 1469 1429 1563 Aquilone
1460 1467 1650 1536 ssanti
1679 1465 2114 1557 congelatur:
2152 1465 2280 1534 hoc

726 1588 851 1662 est,
876 1580 971 1648 sic
990 1586 1476 1648 convertamur
1502 1575 1903 1644 adveniente
1941 1574 2105 1642 ssatu
2131 1572 2283 1665 Spi-

725 1689 894 1755 ritus
922 1685 1135 1754 sancti
1162 1683 1412 1763 calido,
1447 1691 1523 1752 ut
1550 1684 1676 1751 toti
1706 1682 1776 1749 in
1805 1681 2141 1772 lacrymas
2171 1703 2281 1748 re-

726 1792 1098 1862 solvamur.
1147 1790 1227 1860 ln
1267 1790 1547 1859 Psalmo
1595 1812 1841 1873 cxnvu,
1907 1790 2013 1873 18,
2050 1790 2268 1857 infra:

725 1899 965 1969 Flabit
988 1900 1280 1992 spiritus
1310 1898 1489 1989 ejus,
1532 1909 1597 1966 et
1613 1898 1837 1987 fluent
1865 1919 2085 1987 aquae.
2111 1897 2274 1988 Spi-

724 2009 918 2093 rituS,
950 2008 1262 2098 inquam,
1304 2013 1606 2090 sanctuS,
1654 2004 1770 2073 ille
1824 2011 2074 2073 ventus
2137 2026 2265 2072 au-

723 2115 971 2184 stralis.
1015 2114 1275 2184 Cautic.
1327 2136 1421 2193 iv,
1498 2115 1630 2181 16:
1691 2113 1939 2202 Sterqe,
1991 2113 2271 2203 Aquilo,

727 2232 972 2292 ventus
1008 2222 1321 2313 frigiduS,
1360 2220 1657 2296 diabole,
1696 2219 1956 2300 recede,
1988 2230 2051 2286 et
2096 2222 2271 2299 veni,

725 2336 994 2402 Auster.
1034 2330 1136 2398 Ab
1158 2329 1296 2398 hoc
1332 2338 1564 2398 austro
1586 2329 1776 2398 venit
1802 2328 2008 2407 DeuS,
2044 2328 2277 2397 llaba-

726 2464 872 2519 cuc,
916 2462 1012 2520 111,
1056 2441 1096 2508 3
1149 2460 1165 2506 :
1224 2441 1415 2507 Deus
1443 2438 1531 2507 ab
1561 2448 1799 2506 austro
1840 2438 2078 2507 veniet.
2110 2437 2271 2523 Job,

725 2572 982 2631 xxxvii,
1013 2546 1495 2639 172Numquid
1538 2547 1935 2614 vestimenta
1956 2556 2078 2613 tua
2097 2545 2278 2614 cali-

730 2657 822 2727 da
841 2666 1027 2737 sunt,
1045 2677 1198 2724 cum
1216 2655 1525 2747 perflata
1545 2656 1763 2745 suerit
1782 2663 1964 2720 terra
1986 2665 2219 2722 austro
2238 2653 2277 2720 ἶ)

510 2981 567 3048 ὅ
825 2973 963 3057 Qui
986 2973 1330 3040 seminant
1367 2971 1441 3039 in
1472 2968 1816 3060 lacrymis.
1880 2968 2010 3038 llic
2036 2980 2136 3041 est
2180 2996 2281 3042 se·

383 3080 696 3196 ”Sgffiffi
729 3078 951 3148 cunda
987 3100 1145 3171 pars
1188 3075 1474 3157 Psalmi,
1516 3076 1585 3143 in
1626 3098 1761 3168 qua
1799 3075 2153 3171 subjungit
2190 3079 2273 3149 de

724 3187 1028 3279 proiectu
1077 3184 1525 3277 operationis,
1570 3205 1693 3275 per
1754 3185 2271 3256 similitudinem

719 3294 1139 3363 seminantis.
1191 3291 1278 3359 Et
1352 3298 1571 3382 potest
1631 3290 1877 3358 referre
1942 3293 2272 3385 quidquid

717 3403 960 3472 dicitur
1023 3401 1133 3471 hic
1178 3400 1264 3469 ad
1316 3422 1492 3492 opus
1575 3398 2100 3490 praedicationis,
2164 3400 2274 3470 vel

718 3513 921 3581 etiam
950 3509 1273 3603 pietatis:
1317 3515 1385 3577 et
1426 3507 1748 3576 dicuutur
1800 3507 1951 3576 tria.
2007 3509 2270 3591 Primo,

717 3620 935 3711 tangit
972 3625 1200 3687 actum
1263 3614 1766 3695 seminationis,
1830 3623 1894 3684 et
1949 3613 2268 3687 fructum.

718 3725 1063 3806 Secundo,
1109 3722 1399 3794 modum
1447 3720 1832 3791 seminandi
1898 3725 2124 3816 magis
2183 3724 2265 3795 de

714 3835 947 3916 clarat,
974 3833 1099 3917 ibi,
1131 3839 1198 3912 ᾗ.
1224 3832 1267 3901 6
1303 3850 1320 3902 2
1357 3860 1391 3895 α
1430 3833 1694 3900 Euntes
1715 3830 1944 3922 ibant..
1964 3865 1992 3890 ·
2021 3831 2276 3918 Tertio,

721 3942 1003 4011 modum
1033 3938 1405 4032 recipiendi
1445 3946 1514 4008 et
1541 3938 1905 4030 colligendi
1948 3939 2265 4024 fructum,

709 4051 834 4132 ibi,
882 4081 915 4116 t«
960 4049 1307 4120 Venientes
1331 4057 1589 4116 autem.
1630 4074 1663 4111 ιο

801 4158 881 4228 ln
928 4156 1151 4251 prima
1205 4155 1372 4224 duo.
1433 4153 1697 4234 Primo,
1758 4156 1979 4246 tangit
2043 4166 2269 4226 actum

709 4262 1207 4343 seminationis,
1250 4260 1371 4354 qui
1419 4269 1524 4330 est
1572 4260 1682 4330 vel
1723 4259 2112 4353 praedicare,
2160 4264 2270 4333 vel

712 4374 1187 4464 eleemosynas
1216 4368 1380 4439 dare
1423 4392 1508 4438 ex
1564 4369 2059 4460 compassione.
2142 4370 2275 4443 Se-

713 4479 967 4562 cundo,
997 4477 1321 4560 fructum,
1354 4475 1478 4562 ibi,
1524 4503 1560 4542 ι
1592 4476 1677 4545 In
1714 4476 2196 4549 exsultatione.
2233 4505 2268 4548 t

797 4587 976 4656 Dicit
1002 4607 1167 4679 ergo
1200 4608 1218 4654 ε
1257 4582 1400 4665 Sic,
1444 4581 1763 4664 Domine,
1808 4607 1976 4676 rogo
2016 4595 2091 4656 ut
2154 4587 2271 4658 des

714 4695 1005 4789 gratiam
1088 4692 1552 4786 lacrymarum
1637 4691 1708 4760 in
1789 4691 2206 4765 abundantia
2248 4717 2264 4763 ε

717 4804 881 4896 quia
924 4827 960 4869 ι
993 4800 1122 4893 qui
1171 4800 1517 4867 seminant
1563 4800 1635 4868 in
1696 4798 2047 4891 lacrymis,
2093 4831 2125 4865 »ι
2200 4803 2273 4872 id

717 4916 847 4992 est,
875 4907 992 5000 qui
1030 4903 1410 4999 proedicant
1453 4927 1539 4974 ex
1599 4905 2073 4996 compassione
2118 4931 2276 4978 cor-

728 5015 857 5096 dis,
898 5015 1234 5107 lacrymas
1272 5011 1709 5092 effundendo,
1755 5012 1863 5081 vel
1912 5035 2123 5106 opera
2150 5017 2276 5087 mi-

717 5121 1096 5192 sericordiae
1132 5119 1470 5190 faciendo.

809 5229 1179 5300 Sciendum
1221 5229 1434 5309 enim,
1486 5227 1673 5322 quod
1727 5232 2019 5300 seminat
2094 5233 2275 5305 Deus

722 5340 1002 5432 gratias,
1046 5348 1113 5408 et
1158 5338 1473 5423 virtutes,
1515 5336 1756 5407 Matth.
1789 5362 1934 5418 χιιι,
1967 5343 2051 5410 27
2097 5346 2277 5413 :Do-

722 5449 929 5528 mine,
971 5469 1195 5515 nonne
1226 5445 1479 5514 bonum
1540 5469 1764 5514 semen
1807 5451 2165 5520 seminasti
2206 5454 2276 5522 in

392 5223 532 5270 Varii
555 5223 691 5269 varia

412 5278 663 5327 uminum.

798 5665 813 5700 ¹
846 5661 930 5717 Cf.
965 5657 1055 5716 Ad
1088 5660 1338 5716 Roman.
1368 5673 1442 5728 ix,
1475 5660 1564 5714 29.

1740 323 1821 392 D.
1876 327 2070 395 ΑΕΒ.
2125 330 2341 398 MAG.
2397 332 2603 403 ORD.
2654 334 2947 403 PRAED.

2393 524 2560 591 aqro
2589 511 2705 570 tuo
2769 502 2809 570 7
2844 504 2926 570 Et
3001 508 3289 574 seminat
3353 507 3562 576 homo
3632 508 3939 577 Christus

2392 609 2780 700 exemplum
2826 611 3106 696 bonum,
3170 613 3298 682 lsa.
3349 638 3395 693 1,
3429 618 3520 683 9:
3585 617 3743 684 Nisi
3788 620 3941 684 Do-

2394 717 2621 784 minus
2666 722 3082 787 exercituum
3137 723 3520 812 reliquisset
3602 722 3798 791 nobis
3826 748 3938 791 se·-

2396 846 2571 906 men,
2604 827 2804 914 quasi
2843 827 3144 895 Sodoma
3185 830 3582 918 fuissemus,
3642 839 3706 896 et
3734 832 3939 920 quasi

2399 931 2778 999 Gomorrha
2829 935 3087 1001 similes
3151 959 3439 1004 essemus
3507 939 3549 1003 ³.
3626 936 3939 1006 Seminat

2395 1036 2717 1105 Praelatus
2746 1062 2973 1108 semen
3021 1042 3210 1110 verbi
3257 1042 3406 1125 Dei,
3459 1052 3524 1110 et
3580 1043 3931 1123 doctrinae,

2390 1143 2551 1214 Luc.
2583 1168 2726 1225 vm,
2771 1149 2810 1215 5
2848 1170 2862 1215 ε
2896 1150 3094 1216 Exiit
3122 1152 3244 1239 qui
3272 1152 3566 1219 seminat
3599 1154 3939 1220 seminare

2386 1273 2608 1318 semen
2648 1275 2874 1321 suum.
2925 1254 3153 1322 Homo
3195 1256 3422 1344 justus
3479 1280 3686 1348 opera
3735 1258 3931 1327 mise·

2389 1359 2694 1427 ricordiae
2757 1370 2822 1429 et
2859 1363 3169 1451 justitiae,
3227 1363 3553 1432 Proverb.
3625 1388 3722 1450 xi,
3796 1367 3928 1433 18:

2387 1465 2774 1533 Seminanti
2787 1466 3149 1556 justitiam
3207 1490 3452 1536 merces
3489 1468 3745 1558 fidelis.
3810 1469 3937 1538 Ec-

2386 1571 2509 1639 cle.
2552 1595 2645 1652 xi,
2681 1574 2719 1641 6
2753 1595 2768 1643 :
2802 1577 3007 1642 Mane
3039 1578 3302 1643 semina
3346 1600 3572 1646 semen
3605 1589 3834 1658 tuum,
3868 1589 3932 1646 et

2385 1702 2650 1771 vespere
2676 1705 2811 1749 non
2838 1693 3037 1751 cesset
3067 1707 3315 1752 manus
3344 1695 3489 1753 tua.
3527 1685 3756 1753 Homo
3790 1708 3933 1754 ma-

2383 1786 2489 1855 lus
2528 1811 2733 1879 opera
2769 1792 3011 1870 carniS,
3047 1791 3132 1858 ad
3190 1791 3411 1861 Galat.
3479 1816 3575 1876 νι,
3637 1795 3730 1861 8:
3796 1796 3936 1879 Qui

2382 1897 2674 1964 seminat
2706 1897 2773 1964 in
2802 1921 3003 1966 carne
3029 1923 3181 1978 sua,
3235 1900 3318 1968 de
3354 1924 3555 1968 carne
3604 1912 3669 1969 et
3734 1911 3936 1969 metet

2384 2007 2906 2097 corruptionem.
2960 2006 3287 2076 Diabolus
3355 2010 3544 2090 vitia,
3613 2008 3931 2091 haereses,

2384 2119 2450 2180 et
2487 2109 2875 2196 schismata,
2917 2112 3156 2182 Mattli.
3191 2137 3337 2196 xm,
3381 2118 3464 2185 25
3509 2136 3527 2186 ε
3585 2118 3757 2186 Cum
3813 2139 3939 2185 au-

2385 2228 2516 2286 tem
2545 2219 2919 2288 dormirent
2965 2222 3293 2303 homines,
3362 2226 3545 2291 venit
3613 2226 3937 2293 inimicus

2382 2327 2561 2416 ejus,
2593 2339 2656 2396 et
2690 2330 3254 2420 superseminavit
3290 2333 3563 2399 zizania
3595 2335 3667 2400 in
3706 2332 3933 2400 medio

2383 2438 2625 2513 tritici.

2471 2543 2602 2625 Qui
2660 2566 2822 2636 ergo
2889 2546 3171 2614 verbum
3241 2547 3766 2637 praedicationis,
3819 2545 3927 2616 vel

2385 2676 2590 2744 opera
2647 2653 2911 2745 pietatis
2970 2655 3329 2732 seminant,
3398 2655 3718 2747 lacrymis
3777 2657 3935 2723 irri-

2384 2760 2608 2851 gando
2630 2759 2811 2852 quod
2833 2762 3189 2840 seminant,
3214 2790 3247 2825 «
3274 2772 3518 2830 metent
3541 2764 3610 2830 in
3629 2764 3934 2833 exsulta·

2385 2870 2587 2938 tione.
2624 2892 2659 2932 ι
2695 2867 3018 2935 l‘roverb.
3054 2892 3122 2946 x,
3156 2870 3241 2938 28
3289 2892 3303 2937 :
3338 2872 3777 2961 Est-spectatio
3795 2870 3936 2960 ju-

2380 2986 2640 3044 storum
2674 2974 2936 3044 laetitia.
2982 2976 3088 3056 Et,
3122 3000 3307 3055 xxxi,
3370 2979 3454 3046 25
3499 3000 3514 3047 :
3556 2980 3655 3046 Et
3682 2978 3935 3048 ridebit

2386 3084 2460 3152 in
2492 3081 2602 3149 die
2641 3083 3002 3152 novissimo
3041 3106 3064 3150 .·
3122 3084 3369 3176 quippe
3435 3085 3649 3153 vitam
3718 3092 3930 3154 metet

2387 3196 2708 3258 oeternam
2761 3212 2843 3258 ex
2899 3199 3034 3278 tam
3085 3190 3351 3259 modico
3401 3193 3687 3261 semine.
3743 3191 3807 3260 11
3846 3191 3931 3260 ad

2385 3295 2691 3365 Corinth.
2727 3320 2821 3375 ix,
2865 3299 2945 3364 ti:
2994 3299 3131 3382 Qui
3173 3300 3465 3366 seminat
3517 3301 3587 3367 in
3647 3299 3932 3368 benedi-

2379 3400 2741 3480 ctionibus,
2800 3401 2884 3468 de
2949 3400 3522 3471 benedictionibus
3576 3413 3642 3472 et
3697 3413 3924 3473 metet.

2382 3506 2562 3588 Quid
2587 3509 2623 3575 ⁶?
2653 3506 2876 3576 Vitam
2917 3515 3262 3577 (eternam.
3298 3507 3402 3576 Ad
3435 3509 3655 3580 Galat.
3689 3534 3786 3594 vi,
3818 3512 3860 3579 8
3903 3534 3921 3580 ε

2384 3616 2551 3702 Quae
2572 3617 3003 3685 seminaverit
3029 3617 3254 3695 homo,
3286 3617 3428 3687 liaec
3463 3627 3529 3686 et
3556 3629 3785 3691 metet.

2468 3939 2730 4006 Euntes
2756 3937 2970 4006 ibant.
3008 3963 3042 4004 ιι
3083 3938 3212 4008 llic
3247 3940 3649 4027 secundum,
3682 3942 3753 4009 in
3782 3965 3922 4035 quo

2381 4050 2558 4111 tacto
2615 4051 2767 4112 actu
2831 4044 3322 4125 seminationis,
3374 4051 3441 4115 et
3497 4044 3719 4115 fructu
3759 4048 3925 4116 satis

2377 4149 2696 4233 breviter,
2729 4159 2796 4220 et
2823 4159 3112 4244 utroque
3148 4176 3303 4223 cum
3343 4152 3550 4223 modo
3580 4177 3735 4238 suo,
3775 4163 3929 4224 tan·

2380 4258 2479 4349 git
2498 4259 2966 4326 seminationis
2987 4258 3266 4328 modum
3288 4260 3605 4331 diffusius
3637 4284 3655 4330 :
3690 4269 3759 4332 et
3778 4271 3930 4332 tan-

2378 4374 2634 4458 guntur
2678 4374 2990 4459 quatuor.
3046 4366 3303 4455 Primo,
3366 4391 3670 4439 recessus
3698 4392 3739 4438 a
3774 4394 3931 4464 pec·

2381 4479 2559 4541 cato.
2605 4470 2945 4552 Secundo,
2979 4495 3288 4544 accessus
3316 4473 3403 4543 ad
3439 4473 3731 4556 bonum,
3801 4477 3924 4561 ibi,

2384 4606 2420 4648 ι
2461 4580 2689 4650 Ibant.
2735 4610 2764 4643 ι
2798 4581 3050 4663 Tertio,
3085 4584 3493 4675 compassio,
3546 4583 3670 4670 ibi,
3751 4610 3787 4652 ι
3828 4588 3927 4655 Et

2376 4688 2663 4779 flebant.
2708 4716 2743 4754 ιι
2781 4688 3063 4770 Quarto,
3096 4692 3456 4761 seminatio
3510 4691 3621 4762 vel
3687 4691 3932 4762 verbo·

2384 4819 2534 4865 rum
2564 4798 2634 4865 in
2663 4796 3163 4888 praedicatioue,
3202 4797 3310 4867 vel
3350 4821 3636 4891 operum
3713 4800 3931 4870 mise-

2382 4903 2689 4973 ricordiae
2744 4905 2812 4973 in
2878 4905 3466 4999 eleemosynarum
3533 4905 3928 4999 largitione,

2384 5011 2504 5096 ibi,
2546 5041 2579 5075 «
2631 5016 2993 5084 Alt’ttentes.
3043 5042 3078 5080 ιι

2474 5121 2654 5191 Dicit
2691 5145 2854 5216 ergo
2895 5145 2912 5190 τ
2959 5122 3073 5192 Sic
3103 5123 3267 5204 dixi,
3302 5123 3487 5217 quod
3543 5126 3761 5194 sancti
3819 5147 3937 5195 se-

2389 5229 2653 5298 minant
2696 5231 2767 5298 in
2814 5230 3129 5322 lacrymis
3163 5253 3180 5299 :
3210 5239 3276 5301 et
3298 5254 3534 5300 verum
3568 5231 3740 5317 dixi,
3774 5233 3936 5324 quia

2390 5339 2599 5405 sancti
2636 5337 2762 5405 viri
2820 5339 3190 5429 antiquitus
3232 5365 3264 5405 e
3299 5349 3556 5420 euntes,
3603 5367 3636 5402 »ι
3680 5363 3721 5409 a
3752 5339 3937 5409 malo

2387 5445 2831 5529 recedendo,«
2857 5445 3048 5515 ibant
3072 5475 3104 5509 »ι
3122 5447 3205 5516 de
3220 5445 3404 5516 bono
3422 5447 3491 5515 in
3516 5446 3764 5516 melius
3784 5470 3942 5540 pro·
