5008 6329
367 2665 550 2731 114

663 322 791 390 304

660 501 848 581 Quos
887 509 1117 569 autem
1175 496 1511 586 significat
1547 519 1670 587 per
1724 496 1875 575 hoc,
1913 497 2039 564 nisi
2082 498 2208 565 ad-

657 616 936 680 vocatos
965 604 1206 689 malos,
1243 605 1359 695 qui
1411 613 1630 673 totum
1673 605 2002 673 mundum
2054 627 2206 674 cau-

658 721 749 785 sis
810 712 1234 806 perturbant,
1277 721 1342 781 et
1399 712 1682 781 litibus?
1746 712 1878 781 Isa.
1950 736 2045 795 ιιι,
2108 716 2196 780 5:

660 828 718 894 T
713 823 1231 892 umultuabitur
1308 846 1484 915 puer
1564 833 1799 889 contra
1853 845 2101 899 senem,
2142 830 2205 887 et

656 932 986 1026 iqnobilis
1087 940 1322 1000 contra
1414 928 1739 997 nobilem.
1833 929 1918 995 Et
2016 928 2202 995 lenas

655 1043 922 1113 choreis
990 1049 1057 1109 et
1120 1037 1475 1108 cantilenis
1545 1043 1765 1103 totum
1838 1035 2194 1127 replentes.

654 1150 872 1219 Exod.
935 1171 1150 1228 xxxu,
1208 1148 1314 1225 17,
1372 1145 1579 1213 Josue
1628 1142 1886 1211 audivit.
1941 1142 2201 1211 tumul-

655 1269 801 1328 tum
850 1256 1301 1334 cantantium,
1349 1261 1415 1321 et
1465 1253 1857 1320 ducentium
1917 1250 2197 1319 choreas

653 1386 885 1435 coram
937 1361 1156 1431 vitulo
1201 1361 1549 1430 conflatili.
1593 1360 1678 1428 Et
1729 1358 2007 1427 clericos
2045 1366 2199 1449 post

650 1475 941 1544 multam
978 1474 1403 1564 potationem
1442 1473 1610 1541 falsa
1655 1494 1822 1539 voce
1849 1476 2198 1538 cantantes

650 1587 718 1654 in
750 1573 1096 1653 EcclesiiS.
1147 1582 1389 1650 AmOS.
1447 1604 1518 1661 v,
1558 1580 1641 1647 23
1688 1579 1958 1668 :Auser
1995 1600 2037 1643 a
2093 1598 2200 1643 me

654 1693 1039 1762 tumultum
1077 1692 1467 1760 carminum
1514 1699 1794 1755 tuorum

737 1928 771 1970 α
813 1905 911 1970 Et
933 1902 1179 1993 leqem.
1237 1924 1270 1966 s
1314 1899 1486 1967 Ecce
1525 1897 1923 1967 secundum.
1985 1895 2195 1975 Quasi

642 2011 894 2079 diceret
946 2030 963 2076 ε
1028 2006 1143 2077 Sic
1209 2006 1363 2076 illos
1438 2004 1672 2085 habui,
1745 2033 1778 2067 «
1839 2014 1901 2071 et
1982 2003 2196 2092 leqem

640 2130 860 2199 tuam,
896 2143 931 2180 n
990 2139 1027 2184 e
1059 2115 1426 2196 contrariO,
1491 2139 1525 2180 α
1572 2113 1814 2181 dilexi.
1870 2139 1904 2174 »
1947 2110 2193 2201 Supra,

639 2238 704 2306 δ’.
727 2230 812 2296 9“1
851 2250 866 2295 :
920 2226 1277 2313 Quomodo
1307 2225 1530 2293 dilexi
1562 2226 1776 2314 leqem
1808 2234 2023 2299 tuam,
2045 2223 2196 2289 Do·-

636 2337 837 2405 mine.
875 2335 978 2403 Ibi
1016 2334 1180 2403 satis
1207 2333 1290 2402 de
1318 2332 1472 2402 hoc.

735 2681 769 2723 ι
801 2655 1111 2746 Adjutor
1138 2664 1200 2722 et
1233 2662 1600 2745 susceptor.
1634 2677 1667 2717 ι
1736 2651 1862 2719 llic
1889 2649 2189 2726 tertium,

643 2767 713 2834 in
781 2787 918 2855 quo
967 2761 1319 2852 subjungit
1382 2760 1699 2828 fructum.
1772 2759 1897 2827 llic
1962 2766 2194 2827 autem

637 2873 896 2941 fructus
937 2878 1041 2939 est
1080 2870 1278 2937 firma
1308 2869 1379 2934 in
1419 2867 1637 2936 Deum
1676 2889 1853 2958 spes,
1914 2875 1982 2936 et
2019 2866 2191 2934 lidu-

634 2982 737 3048 cia
781 3003 796 3049 :
832 2977 1014 3047 uude
1053 2976 1190 3045 duo
1219 2974 1559 3045 dicuntur.
1602 2974 1860 3055 Primo,
1903 2976 2194 3044 conlite-

636 3097 748 3156 tur
776 3108 849 3155 se
889 3083 1226 3175 adjutum,
1261 3091 1329 3150 et
1355 3090 1735 3174 protectum
1772 3081 1855 3150 de
1885 3083 2193 3173 proeteri-

630 3204 726 3265 to.
762 3192 1108 3272 Secundo,
1144 3214 1415 3285 sperare
1446 3190 1528 3259 de
1567 3191 1818 3271 futuro,
1854 3190 1971 3272 ibi,
2019 3218 2054 3257 α
2093 3194 2190 3261 Et

632 3306 714 3372 in
746 3302 1039 3371 verbum
1079 3309 1303 3369 tuum.
1341 3325 1376 3366 n

719 3412 836 3479 Ait
855 3433 1021 3503 ergo
1058 3431 1074 3477 :
1113 3408 1228 3478 Sic
1257 3407 1462 3477 dilexi
1494 3406 1743 3499 legem,
1805 3415 1872 3475 et
1908 3417 2188 3500 propter

625 3520 782 3598 hoc,
829 3543 864 3586 «
914 3517 1230 3609 adjutor,
1266 3543 1300 3578 υ
1336 3515 1424 3585 ad
1473 3514 1855 3584 faciendum
1894 3512 2181 3599 bonum,

624 3634 688 3694 et
715 3633 1066 3717 susceptor
1104 3645 1319 3708 meus,
1348 3649 1382 3685 n
1416 3622 1500 3689 ad
1521 3620 1900 3691 cavendum
1923 3621 2183 3691 malum

627 3758 661 3800 ι
702 3757 771 3800 es
820 3743 923 3811 tu,
960 3759 997 3797 n
1039 3753 1180 3799 non
1218 3728 1417 3798 alius.
1454 3730 1659 3799 Eccli.
1694 3752 1779 3809 ιι,
1823 3732 1864 3797 2
1898 3753 1915 3797 :
1956 3729 2184 3820 Adju-

623 3852 730 3911 tor
757 3849 822 3910 et
835 3848 1180 3931 protector
1202 3840 1436 3930 sactus
1462 3863 1530 3906 cs
1558 3837 1758 3917 milei,
1778 3849 1842 3905 et
1873 3837 2186 3906 liberasti

620 3972 867 4043 corpus
894 3970 1122 4017 meum
1151 3972 1195 4016 a
1219 3946 1626 4039 perditione.
1681 3946 1810 4015 lsa.
1859 3968 1992 4025 xm,
2033 3947 2113 4014 10
2156 3969 2172 4015 τ

617 4058 1030 4129 Auxiliatus
1053 4076 1209 4124 sum
1230 4055 1384 4137 tibi,
1405 4062 1471 4124 et
1486 4056 1781 4146 suscepit
1807 4062 1873 4122 te
1897 4052 2179 4122 dextera

616 4167 807 4236 Justi
835 4165 993 4235 mei.
1037 4162 1305 4231 Daniel.
1339 4185 1440 4244 m,
1474 4163 1558 4232 39
1593 4185 1610 4230 :
1650 4162 1726 4230 In
1756 4163 1989 4229 animo
2026 4184 2182 4230 con-

1663 324 1742 392 D.
1803 324 1998 392 ALB.
2053 325 2269 394 MAG.
2324 326 2532 396 ORD.
2585 323 2879 392 PRAED.

2317 521 2534 590 spem.
2569 496 2772 566 Eccli.
2808 520 2994 577 xxiv,
3039 499 3121 565 23
3149 521 3164 566 :
3190 501 3293 566 'In
3323 522 3432 567 me
3459 507 3682 572 omnis
3716 530 3867 598 spes

2315 609 2470 673 vitoe
2499 617 2565 674 et
2594 607 2890 675 virtutis.
2934 605 3140 673 Eccli.
3186 630 3326 684 xus,
3365 611 3403 674 :2
3437 630 3453 676 ε
3502 613 3709 679 Felix
3745 617 3867 703 qui

2314 734 2449 779 non
2477 714 2722 781 habuit
2759 716 3171 781 animaesuoe
3210 716 3594 797 trist-itiam,
3639 729 3703 785 et
3731 743 3861 786 non

2314 820 2568 886 excidit
2606 844 2648 886 a
2700 844 2818 910 spe
2842 845 2991 890 sua.
3043 823 3127 890 Et
3173 846 3438 914 expone
3503 848 3864 917 superspe-

2311 927 2485 1004 ravi,
2532 949 2671 993 non
2701 935 2968 998 tantum
3016 933 3311 1017 speravi,
3373 934 3547 1000 sicut
3614 942 3715 1001 est
3754 958 3864 1001 su-

2311 1055 2432 1122 pra
2460 1033 2846 1123 frequenter
2884 1038 3268 1126 expositum
3309 1039 3355 1104 ¹.

2399 1376 2433 1418 α
2465 1353 2824 1421 Declinate
2850 1378 2894 1421 a
2959 1377 3086 1434 me,
3145 1356 3469 1448 maliqtzi.
3518 1385 3553 1422 υ
3586 1359 3716 1428 llic
3743 1383 3857 1429 se-

2235 1475 2241 1480 ·
2307 1459 2632 1540 cundum,
2667 1462 2736 1527 in
2768 1484 2902 1552 quo
2933 1470 3355 1532 monstratur
3383 1463 3654 1535 dilectio
3685 1468 3855 1561 legis

2304 1568 2810 1658 comparatione
2877 1568 2960 1636 ad
3004 1570 3348 1662 malignos
3383 1595 3398 1639 ε
3435 1583 3502 1642 et
3540 1573 3856 1644 dicuntur

2304 1673 2453 1741 tria.
2490 1675 2751 1755 Primo,
2804 1676 3263 1767 malignorum
3312 1678 3691 1752 detestatio.
3723 1683 3855 1752 Se-
3928 1697 3935 1704 ‘

2307 1780 2554 1862 cund0,
2607 1784 2909 1852 studium
2978 1785 3460 1855 mandatorum
3521 1788 3674 1871 Dei,
3748 1792 3853 1859 vel

2308 1888 2378 1955 in
2434 1889 2768 1958 mandatis
2831 1890 2982 1970 Dei,
3054 1891 3147 1958 ibi
3181 1917 3215 1958 α
3274 1896 3370 1961 Et
3395 1896 3779 1964 scrutabor.
3816 1923 3849 1963 ι

2303 1995 2555 2076 Terti0,
2580 1997 2981 2087 supplicatio
3012 2021 3134 2088 pro
3174 2004 3608 2090 promotione
3637 2007 3741 2071 sui
3782 2004 3855 2073 in

2304 2103 2530 2171 studio
2562 2104 2719 2173 illo:
2764 2129 2903 2174 non
2935 2109 3116 2175 enim
3139 2110 3349 2178 credit
3378 2134 3504 2202 per
3541 2135 3612 2181 se
3651 2136 3853 2205 posse

2304 2210 2634 2291 sufficere,
2662 2212 2778 2296 ihi,
2812 2221 2874 2290 ς’.
2917 2217 3036 2282 116
3073 2238 3088 2282 :
3129 2218 3467 2311 «Sus-cipe
3495 2244 3602 2288 me
3619 2244 3857 2290 secun-

2307 2317 2472 2385 dum
2501 2320 2851 2410 eloquium
2884 2332 3137 2405 tuum.,
3195 2352 3229 2388 »

2391 2423 2571 2493 Dicit
2598 2449 2759 2518 ergo
2793 2450 2809 2496 :
2873 2428 2984 2497 Sic
3057 2431 3333 2520 iniquos
3373 2434 3559 2514 odio,
3630 2435 3853 2528 legem

2303 2532 2539 2625 diligo,
2607 2543 2674 2604 et
2721 2537 2925 2605 etiam
2992 2539 3189 2607 vobis
3257 2542 3580 2634 malignis
3633 2545 3846 2614 dico:

2305 2670 2339 2706 α
2370 2643 2729 2713 Declinate
2781 2672 2824 2713 a
2881 2671 3008 2726 me,
3044 2651 3366 2740 maliyni,
3406 2680 3437 2714 υ
3475 2677 3598 2721 vos
3658 2657 3839 2723 enim

2302 2751 2620 2822 detestor.
2664 2754 3016 2846 Maliqnos
3036 2767 3263 2826 autem
3307 2771 3505 2830 vocat
3546 2788 3626 2831 ex
3668 2775 3848 2833 certa

2300 2859 2578 2929 scientia
2609 2863 2960 2930 veritatem
2993 2864 3112 2932 Dei
3147 2867 3656 2958 impugnantes„
3705 2872 3843 2941 De-

2299 2966 2565 3046 clinate,
2613 2970 2918 3061 inquam,
2951 2996 3034 3042 ne
3074 2997 3202 3065 ego
3236 2977 3596 3046 vobiscum
3642 2982 3847 3049 etiam

2298 3074 2676 3145 declinem:
2723 3079 2884 3170 quia
2922 3081 2992 3147 in
3047 3079 3231 3149 Psal.
3284 3106 3514 3167 cxxxv,
3563 3089 3603 3155 5
3647 3089 3846 3171 infra,

2294 3182 2542 3253 dicitur
2601 3208 2616 3254 τ
2683 3187 3116 3255 Declinantes
3203 3202 3435 3261 autem
3530 3197 3601 3263 in
3669 3197 3847 3265 obli-

2288 3296 2625 3386 qationes,
2664 3296 2957 3364 adducet
2988 3301 3328 3369 Dominus
3365 3327 3520 3371 cum
3563 3330 3850 3397 operan-

2290 3399 2474 3471 tibus
2498 3404 2955 3493 iniquitatem.
2988 3406 3269 3476 Numer.
3307 3433 3446 3490 xvi,
3471 3414 3558 3478 215
3591 3436 3606 3481 ε
3641 3415 3846 3482 liece-

2289 3509 2430 3577 dite
2455 3533 2501 3577 a
2529 3510 2992 3581 tabernaculis
3028 3515 3389 3584 leontinum
3440 3518 3840 3610 impiorum,

2287 3628 2353 3688 et
2379 3642 2463 3686 ne
2499 3622 2809 3711 tanqatis
2839 3644 2990 3712 qua*
3010 3625 3360 3714 pertinent
3416 3626 3515 3694 ad
3569 3652 3707 3705 eoS,
3762 3654 3846 3697 ne

2289 3730 2741 3798 involvamini
2814 3732 2882 3799 in
2920 3735 3217 3823 peccatis
3281 3759 3543 3804 eorum.
3594 3737 3618 3804 1
3667 3738 3833 3830 lli-g.

2286 3861 2401 3923 xv,
2456 3839 2498 3906 6
2571 3860 2589 3908 z
2662 3841 2994 3919 Recedite,
3046 3853 3254 3935 alque
3317 3845 3699 3915 descendite
3751 3849 3838 3917 ab

2282 3944 2588 4023 Amalec,
2646 3970 2731 4028 ne
2778 3950 2962 4038 sorte
3015 3950 3364 4019 involvam
3406 3963 3470 4020 te
3517 3978 3674 4024 cum
3733 3983 3831 4027 eo.

2282 4054 2488 4125 Eccli.
2515 4079 2722 4139 xxxv,
2746 4060 2786 4127 5
2822 4061 3383 4154 :Ileneplacitum
3414 4076 3514 4133 est
3543 4068 3837 4138 Domino

2281 4164 2583 4234 recedere
2618 4163 2705 4232 ab
2736 4166 3101 4258 iniquitate
3138 4191 3163 4237 .·
3200 4179 3267 4237 et
3295 4172 3684 4264 deprecatio
3707 4199 3837 4266 pro

621 4278 810 4355 trito,
857 4284 922 4345 et
957 4276 1212 4367 spiritu
1240 4273 1661 4342 humilitatis
1684 4273 2171 4364 suscipiamur,
2272 4271 2569 4362 peccatis
2603 4272 2902 4342 recedere
2928 4273 3015 4343 ab
3043 4275 3427 4366 injustitia.

622 4407 663 4452 a
689 4391 785 4466 te,
817 4381 1141 4466 Domine,
1174 4388 1318 4450 uta
1345 4377 1532 4449 malo
1565 4378 1833 4459 liberes,
1875 4387 1944 4449 et
1972 4378 2174 4469 adju-

618 4514 742 4561 ves
771 4490 859 4559 ad
897 4488 1161 4558 bonum
1187 4487 1598 4558 faciendum.

718 4623 752 4665 ι
791 4599 889 4668 Et
925 4598 998 4665 in
1038 4594 1319 4665 verbum
1358 4606 1561 4665 tuum
1586 4595 2088 4688 supersperavi,
2128 4623 2162 4658 n

624 4706 998 4787 defuturis,
1022 4729 1165 4775 nou
1185 4713 1449 4775 tantum
1470 4705 1762 4795 speravi.
1786 4704 1943 4773 Scio
1958 4706 2169 4792 enim,

624 4814 809 4909 quod
883 4813 1127 4884 reddes
1183 4813 1372 4906 quod
1434 4812 1802 4904 promittis.
1881 4812 2164 4884 Numer.

621 4947 815 5003 xxnu,
882 4925 965 4992 19
1000 4944 1018 4991 :
1056 4923 1215 4991 Non
1252 4929 1350 4990 est
1375 4923 1564 4990 Deus
1596 4921 1802 5012 quasi
1826 4921 2054 5002 homo,
2095 4930 2175 4989 ut

622 5032 1025 5110 mentiatur,
1056 5051 1178 5099 nec
1205 5038 1285 5098 ut
1308 5029 1509 5120 filius
1544 5028 1868 5114 hominis,
1901 5039 1978 5098 ut
2007 5052 2173 5099 mu-

622 5148 824 5209 tetur.
872 5139 1085 5208 Dixit
1113 5160 1301 5230 erqo,
1342 5147 1409 5207 et
1434 5161 1569 5206 non
1588 5138 1802 5229 saciet
1830 5136 1874 5206 ?
1901 5138 2172 5207 locutus

620 5256 743 5325 est,
783 5255 846 5315 et
873 5269 1009 5314 non
1032 5243 1347 5338 implebit
1387 5242 1431 5314 ?
1457 5243 1663 5314 Eccli.
1704 5266 1779 5324 ιι,
1822 5246 1895 5313 11
1946 5266 1963 5316 :
1997 5246 2173 5315 Nul-

624 5355 735 5422 lus
768 5355 1073 5447 speravit
1112 5354 1184 5422 in
1223 5355 1631 5439 Domino‚et
1668 5353 1995 5443 confusus
2044 5363 2165 5425 est.

619 5462 850 5532 Verba
889 5463 1076 5531 enim
1115 5460 1286 5553 legis
1349 5469 1486 5531 tuae
1533 5469 1784 5529 certam
1841 5469 2170 5553 generant

697 5703 715 5737 ¹
744 5697 829 5756 Cf.
880 5696 1314 5769 expositionem
1346 5665 1564 5754 (lutam⁹
1602 5712 1802 5770 supra,
1833 5697 1894 5753 iu
1925 5696 2016 5768 ἦ.
2074 5697 2166 5767 43,

2373 4511 2408 4554 ι
2446 4490 2545 4557 Et
2612 4487 2982 4560 scrutabor.
3058 4517 3093 4553 ι»
3179 4488 3355 4562 Ecce
3428 4496 3832 4568 secundum.

2278 4593 2485 4675 Quasi
2518 4595 2814 4671 diceret:
2859 4597 2974 4667 Sic
3003 4597 3340 4671 declinate
3378 4625 3419 4672 a
3447 4603 3660 4685 malo,
3697 4630 3730 4670 α
3771 4616 3838 4674 et

2274 4706 2654 4787 scrutabor,
2758 4735 2792 4771 ι»
2878 4708 3298 4794 meditando,
3421 4714 3835 4784 conferendo

2277 4811 2349 4880 in
2384 4812 2589 4882 corde
2605 4836 2785 4894 meo,
2820 4839 2857 4880 ι
2880 4815 3213 4885 mandata
3242 4819 3378 4886 Dei
3405 4821 3563 4899 mei,
3593 4847 3627 4887 ι
3662 4823 3834 4891 sicut

2279 4922 2421 5013 ipse
2449 4922 2779 5015 praecipit,
2845 4922 3051 4995 Joan.
3083 4948 3155 5008 v,
3217 4928 3303 4995 39
3348 4932 3836 5001 :Scrutamini

2195 5083 2204 5092 .
2271 5032 2702 5126 Scripturas,
2794 5035 2966 5126 quia
3018 5036 3157 5131 ipsi
3214 5042 3490 5134 putatis
3521 5042 3592 5109 in
3661 5044 3829 5134 ipsis

2276 5143 2493 5212 vitam
2544 5154 2866 5214 aeternam
2922 5146 3197 5218 habere.
3256 5149 3417 5220 Non
3446 5153 3631 5220 enim
3675 5176 3831 5244 pos·

2275 5256 2435 5318 sunt
2483 5248 2657 5320 bene
2712 5254 2997 5322 scrutari
3069 5254 3187 5324 ubi
3254 5255 3539 5347 maligni
3605 5258 3826 5351 impu·

2274 5364 2513 5448 gnant,
2548 5364 2616 5426 et
2668 5360 3017 5442 assistunt,
3093 5362 3238 5431 sive
3293 5360 3639 5445 homines,
3682 5366 3824 5433 sive

2274 5464 2622 5535 daemones
2654 5485 2672 5536 :
2701 5468 2886 5559 quia,
2910 5467 3131 5538 Eccle.
3164 5492 3238 5552 x,
3278 5471 3304 5538 1
3336 5493 3354 5540 :
3397 5474 3655 5542 Mus-ccc
3683 5496 3823 5542 mo-

2272 5701 2362 5771 ·1'4,
2394 5701 2484 5773 81,
2516 5706 2630 5759 etc.

3949 1396 4139 1462 1¹5
