5008 6329
801 2052 930 2116 ²0

1829 247 2541 318 COMMENTARIUS
2589 249 2683 315 IN
2733 249 3167 322 PSALMUM
3217 254 3459 324 CVIII.

1063 445 1187 517 est,
1227 439 1336 506 liet
1368 441 1454 522 ei,
1503 466 1535 506 α
1566 444 1743 510 sicut
1771 468 1946 512 :ona
1986 469 2126 536 qua
2155 468 2416 535 semper
2447 469 2620 535 prae-

1062 546 1387 636 cinqitur.
1428 573 1460 613 ιι
1507 549 2005 643 Praecingimur
2056 564 2150 638 ut,
2185 551 2495 641 expedite
2555 561 2619 620 et

1063 663 1453 723 constanter
1490 657 1750 749 aliquid
1775 660 2125 728 faciamus.
2167 658 2422 726 Sensus
2455 684 2615 752 ergo

1063 769 1210 827 est:
1269 759 1374 828 Sit
1438 762 1524 830 ad
1586 765 2020 856 iniquitatem
2088 767 2615 854 perpetrandam

1062 877 1381 938 constans
1412 880 1477 939 et
1505 874 1880 964 expedituS.
1947 872 2007 938 11
2068 871 2237 965 Reg.
2290 897 2408 957 xx,
2452 878 2490 943 9
2551 882 2616 943 et

1066 975 1170 1056 10,
1204 975 1381 1045 Joab
1436 982 1780 1047 accinctus
1829 987 1975 1046 erat
2030 979 2288 1071 gladio,
2340 1005 2476 1071 quo
2518 982 2616 1049 in-

1058 1082 1318 1152 terfecit
1362 1085 1692 1166 Amasan,
1755 1110 1963 1176 quem
2006 1090 2230 1179 primo
2271 1088 2615 1156 osculatus

1055 1189 1207 1271 fuit,
1243 1201 1310 1260 et
1338 1177 1683 1260 salutavit.
1732 1191 1847 1262 Sic
1873 1194 2088 1263 Judas
2117 1204 2392 1287 peccato
2431 1196 2615 1262 sedi-

1055 1299 1264 1366 tionis
1330 1301 1693 1380 accinctus‚
1769 1303 1988 1372 Jsssmu
2057 1304 2325 1379 occidit,
2408 1325 2608 1393 quem

1053 1406 1397 1487 salutavit,
1433 1416 1499 1475 ct
1537 1410 1883 1479 osculatus
1915 1422 2018 1480 est
2047 1413 2089 1480 ¹.
2129 1410 2262 1480 Sed
2304 1434 2424 1501 pro
2484 1410 2606 1480 hac

1052 1538 1246 1594 zona,
1285 1518 1663 1587 funiculum
1726 1544 1863 1611 quo
1907 1544 2282 1612 suspensus
2313 1531 2439 1600 est,
2493 1545 2608 1590 re-

1050 1626 1351 1714 portavit
1369 1629 1411 1692 ’.
1450 1624 1582 1694 Isa.
1627 1650 1723 1705 ιιι,
1758 1629 1887 1694 213
1923 1629 2019 1695 Et
2067 1628 2197 1695 erit
2241 1650 2374 1718 pro
2433 1650 2604 1694 zona

1047 1731 1438 1821 funiculus.

1140 2075 1175 2116 a
1207 2053 1355 2119 Hoc
1381 2074 1556 2143 opus
1621 2074 1880 2121 eorum.
1958 2081 1988 2116 α
2053 2053 2183 2121 Hic
2222 2055 2597 2122 secundum

1046 2158 1253 2227 totius
1284 2159 1465 2227 illius
1495 2161 1732 2250 partis,
1775 2161 1847 2228 in
1891 2184 2026 2252 qua
2058 2163 2282 2254 agitur
2331 2162 2412 2231 de
2443 2187 2600 2254 per-

1039 2270 1389 2335 secutione
1428 2266 1677 2336 Christi
1733 2293 1771 2337 a
1807 2270 2015 2351 Juda,
2077 2278 2143 2338 et
2206 2269 2489 2351 Judoeis,
2524 2280 2597 2339 ut

1036 2385 1460 2446 monstretur
1499 2401 1707 2469 quare
1773 2388 1935 2447 sunt
1974 2380 2329 2471 puniendi.
2395 2380 2596 2449 l‘ost-

1034 2508 1240 2576 quam
1297 2487 1481 2555 enim
1548 2494 1775 2556 actum
1833 2496 1935 2555 est
1989 2488 2072 2556 de
2127 2491 2592 2581 persecutione

1030 2594 1178 2681 ejus
1203 2601 1534 2685 quantum
1567 2595 1652 2662 ad
1683 2593 2206 2672 humanitatem,
2234 2594 2343 2664 hic
2368 2600 2593 2688 agitur

1027 2701 1109 2769 de
1138 2704 1614 2793 persecutione
1642 2704 1792 2792 ejus
1834 2711 2171 2795 quantum
2214 2704 2299 2772 ad
2338 2705 2593 2773 divini-

1024 2818 1263 2889 tatem,
1307 2833 1461 2902 quoe
1519 2803 1664 2879 erat
1719 2811 1791 2879 in
1829 2811 2253 2882 detractione
2284 2821 2353 2882 et
2398 2812 2589 2881 blas-

1019 2915 1322 3008 phemia.
1403 2918 1556 2987 Duo
1598 2941 1761 3011 ergo
1792 2919 2134 2988 dicuntur.
2181 2921 2441 3001 l‘rimo,
2476 2921 2589 2989 de·

1021 3026 1374 3095 tractionis
1419 3025 1642 3117 culpa.
1716 3026 2064 3111 Secundo,
2134 3030 2204 3097 in
2270 3051 2408 3121 quo
2440 3038 2585 3098 erat

1020 3133 1347 3205 detractio
1422 3134 1564 3216 illa,
1635 3143 1702 3206 et
1750 3134 2204 3230 blasphemia,
2258 3136 2377 3219 ibi,
2423 3167 2457 3202 α
2491 3140 2587 3207 ΕΙ

1018 3246 1144 3336 qui
1210 3245 1598 3336 loquuntur
1654 3245 1850 3313 mala
1885 3245 2217 3315 adversus
2271 3249 2581 3314 animam

1019 3374 1267 3421 meam.

1104 3460 1435 3529 Aitenim
1480 3481 1497 3529 3
1546 3459 1664 3530 Sic
1736 3461 2075 3553 persecuti
2133 3471 2292 3530 sunt
2361 3460 2585 3531 homi·

1015 3588 1174 3634 nem
1216 3567 1520 3658 inopem,
1574 3575 1640 3635 et
1690 3570 2084 3635 mendicum
2122 3591 2138 3637 :
2173 3578 2237 3637 et
2272 3594 2304 3633 ι
2347 3570 2495 3645 luae,
2543 3594 2577 3634 ι

1017 3675 1170 3744 talis
1210 3677 1594 3767 persecutio
1663 3705 1696 3739 e«
1729 3686 1831 3745 est
1893 3699 2069 3769 opus
2143 3700 2381 3747 eorum
2455 3678 2582 3771 qui

1016 3787 1221 3853 etiam
1254 3784 1708 3854 detrahebant
1743 3787 1943 3866 mihi,
1989 3813 2025 3849 υ
2060 3795 2126 3855 et
2153 3784 2282 3856 hoc
2311 3816 2345 3851 α
2387 3792 2587 3881 apud

1014 3895 1421 3963 Dominum.
1461 3919 1494 3957 s
1533 3893 1792 3963 Verum
1850 3903 1952 3963 est
2018 3896 2205 3987 quod
2257 3897 2582 3966 detrahe-

1017 4002 1181 4070 bant
1210 4001 1272 4071 ei
1302 4000 1552 4079 Judaei,
1592 4001 1798 4070 Joan.
1836 4023 1933 4080 tx,
1982 4005 2107 4072 163
2141 4004 2295 4073 Nou
2335 4015 2433 4072 est
2468 4007 2581 4076 laic

1011 4110 1215 4179 Ieomo
1243 4133 1288 4178 a
1332 4111 1498 4189 Deo,
1529 4110 1656 4200 qui
1682 4108 2053 4178 sabbatum
2085 4135 2220 4180 non
2251 4115 2572 4185 custodit.

1014 4216 1122 4295 Et,
1166 4240 1235 4300 x,
1276 4218 1406 4286 203
1441 4217 1883 4287 Daemonium
1920 4216 2153 4297 babet,
2185 4230 2252 4287 et
2288 4221 2570 4290 insanit.

1017 4324 1153 4395 Sed
1185 4324 1317 4395 hoc
1342 4324 1542 4417 apud
1565 4326 1972 4404 Dominum,
2005 4326 2167 4419 quia
2199 4326 2574 4399 Dominum

1017 4456 1156 4503 non
1187 4432 1442 4502 latebat
1481 4454 1718 4502 eorum
1758 4433 2111 4503 detractio.
2162 4433 2468 4525 Sapient.
2524 4461 2570 4517 ι,

1022 4542 1102 4611 10
1129 4562 1146 4608 3
1189 4539 1556 4609 Tumultus
1576 4543 2215 4611 murmurationum
2247 4568 2381 4612 non
2421 4544 2576 4614 abs·

1016 4647 1370 4719 condetur.
1414 4646 1641 4728 Quare
1670 4648 1708 4717 ⁶?
1775 4650 2123 4734 Quoniam
2197 4652 2392 4720 auris
2446 4655 2578 4723 :eli

1018 4757 1223 4826 audit
1257 4756 1519 4824 omnia.
1555 4753 1656 4823 De
1693 4755 1965 4835 eodem,
2018 4756 2180 4838 Job,
2238 4780 2382 4842 xix,
2437 4762 2517 4831 18
2552 4784 2568 4829 3

1018 4865 1244 4937 Stulti
1271 4860 1733 4955 despiciebant
1761 4885 1894 4945 me,
1935 4872 2184 4934 etcum
2228 4863 2316 4935 ab
2344 4869 2440 4936 eis
2474 4893 2577 4939 re·

1017 4972 1381 5050 cessissem,
1415 4969 1868 5040 detrahebant
1895 4972 2096 5041 mihi.

1109 5103 1144 5144 ι
1184 5081 1283 5148 Et
1334 5076 1461 5170 qui
1507 5076 1914 5168 loquuntur.
1953 5101 1987 5143 ι
2049 5076 2127 5148 ln
2175 5078 2305 5149 hoc
2343 5083 2570 5173 speci-

4153 252 4279 319 155

2723 469 2949 528 suum,
2983 459 3049 518 ot
3087 453 3184 520 sic
3240 452 3582 544 negabant
3624 450 3996 519 divinitatis
4030 455 4272 537 poten·

2723 557 2883 623 tiam
2929 560 2992 625 in
3052 582 3184 628 me.
3247 558 3485 627 Matth.
3531 584 3745 639 xxvu,
3807 560 3889 626 63
3945 578 3960 625 :
4021 557 4274 623 Recor-

2719 665 2871 732 dati
2930 689 3169 733 sumus
3242 669 3410 758 quia
3483 667 3799 735 seductor
3877 664 4001 732 ille
4087 663 4271 729 dixit

2718 772 2943 840 adhuc
2973 774 3199 840 vivens
3223 797 3244 839 .·
3276 776 3445 842 Post
3493 783 3623 841 tres
3665 773 3810 840 dies
3877 791 4263 860 resurqam.

2718 881 2801 949 Et
2831 881 3090 947 dixerat
3119 883 3352 965 etiam,
3422 883 3625 950 Joan.
3686 905 3754 966 x,
3793 882 3914 949 183
3961 883 4271 947 Potesta-

2716 998 2848 1055 tem
2911 986 3123 1055 habeo
3193 990 3502 1080 ponendi
3557 1012 3731 1063 eam,
3794 987 4048 1055 scilicet
4111 986 4268 1052 ani-

2714 1117 2898 1161 mam
2943 1118 3164 1162 meam
3200 1117 3216 1162 :
3252 1106 3315 1162 et
3337 1104 3740 1187 potestatem
3770 1092 3981 1160 habeo
4012 1093 4259 1159 iterum

2712 1204 3031 1271 sumendi
3059 1226 3238 1274 eam.

2803 1542 2835 1583 e
2877 1521 2973 1587 Et
3052 1530 3153 1597 tu,
3215 1520 3529 1586 Domine.
3605 1545 3634 1580 «
3698 1517 3826 1584 llic
3891 1524 3994 1583 est
4059 1518 4258 1583 tertia
4386 1516 4506 1580 21

2710 1643 2863 1710 pars
2936 1625 3144 1690 totius
3234 1622 3439 1712 liujus
3518 1622 3798 1690 Psalmi.
3879 1621 4252 1712 Postquam
4283 1628 4463 1728 1'22231
4469 1639 4605 1726 ‘35⁸¹’-

2708 1730 2888 1798 enim
2932 1732 3125 1821 petiit
3178 1753 3304 1823 pro
3357 1731 3901 1799 manifestatione
3945 1752 4081 1797 suae
4112 1729 4255 1798 lau·

2706 1837 2832 1911 dis.
2875 1848 2940 1905 et
2969 1861 3091 1928 pro
3148 1861 3350 1929 poena
3398 1848 3465 1907 et
3510 1838 3965 1908 destructione
4010 1838 4251 1929 prodi-

2703 1945 2894 2027 toris,
2929 1944 3039 2014 hic
3067 1947 3235 2038 petit
3273 1947 3475 2015 tertio
3506 1969 3630 2039 pro
3660 1946 4006 2014 amotione
4058 1969 4250 2014 mor-

2701 2051 3001 2133 talitatiS,
3072 2064 3139 2122 et
3213 2053 3434 2146 gloria
3518 2054 4051 2123 resurrectionis.
4132 2055 4249 2123 Di-

2697 2172 2945 2230 cuntur
3009 2171 3240 2231 autem
3298 2163 3462 2232 duo.
3533 2162 3791 2241 Primo,
3853 2163 4090 2253 petitio
4176 2164 4243 2230 in

2695 2271 3017 2361 generali.
3137 2269 3455 2339 Secundo
3551 2271 3621 2338 in
3722 2269 4022 2361 speciali,
4118 2268 4238 2347 ibi,

2695 2386 2758 2455 5.
2794 2382 2879 2446 22
2914 2402 2928 2446 :
2967 2408 2998 2441 ιι
3043 2380 3293 2448 Libera
3323 2402 3451 2462 me,
3493 2381 3662 2471 quia
3692 2401 3964 2469 eqenuS.
4007 2405 4036 2441 n

2787 2483 2858 2551 ln
2928 2486 3148 2576 prima
3221 2486 3385 2554 duo.
3455 2485 3713 2564 Primo,
3782 2484 4042 2575 petitio.
4111 2482 4241 2552 Se-

2693 2593 2942 2669 cundo,
3025 2596 3198 2660 ratio
3272 2594 3642 2683 petitionis,
3709 2615 3862 2684 quae
3938 2593 4241 2683 tangitur

2690 2700 2965 2793 duplex.
3011 2701 3550 2793 Onnnipotentia,
3585 2711 3651 2771 et
3692 2702 3921 2770 suavis
3977 2702 4239 2770 miseri-

2689 2809 2940 2877 cordia.
2985 2810 3324 2893 l‘rimum,
3378 2833 3537 2880 cum
3580 2810 3791 2878 dicit:
3872 2835 3904 2874 ι
3941 2811 4238 2900 Propter

2687 2941 2927 2986 nomen
2958 2927 3180 2986 tuum.
3218 2942 3252 2984 ι
3298 2917 3718 2999 Secundum,
3767 2940 3923 2987 cum
3990 2917 4229 2985 addit:

2690 3052 2726 3089 α
2761 3026 3106 3111 Quoniam
3141 3026 3405 3094 suavis,
3452 3055 3486 3088 κ

2777 3133 2952 3204 Dicit
2980 3157 3188 3227 ergo:
3261 3133 3376 3205 Sic
3415 3134 3511 3204 illi
3567 3135 3819 3204 faciunt
3861 3155 3878 3203 3
3932 3163 3965 3200 α
3992 3137 4090 3205 Et
4127 3146 4231 3217 tu,

2684 3247 2980 3315 Domine
3011 3271 3045 3310 π
3105 3245 3351 3314 animae
3382 3267 3581 3327 mem,
3616 3270 3651 3311 a
3682 3247 3979 3316 Domine
4020 3272 4054 3312 n
4088 3268 4235 3313 cor·

2687 3354 2894 3446 poris,
2966 3376 3106 3422 non
3182 3355 3279 3422 sis
3323 3354 3610 3431 otiosus,
3671 3352 3786 3422 sed
3829 3381 3864 3418 ι
3904 3356 4024 3442 sac
4087 3375 4236 3421 me-

2683 3486 2865 3540 eum,
2903 3491 2935 3526 n
2969 3463 3130 3555 quia
3171 3485 3312 3531 non
3377 3471 3451 3530 tu
3526 3460 3713 3530 solus
3742 3463 4070 3553 operaria,
4111 3461 4232 3531 sed

2683 3593 2811 3662 ego
2876 3577 3127 3647 tecum,
3187 3580 3253 3639 et
3321 3578 3394 3638 tu
3463 3592 3754 3639 mecum.
3819 3570 4023 3641 Joan.
4084 3593 4225 3648 xiv,

2691 3681 2811 3748 103
2846 3681 3057 3748 Pater
3086 3680 3157 3747 in
3190 3702 3299 3747 me
3324 3701 3633 3756 manens,
3667 3681 3810 3771 ipse
3844 3680 4024 3768 lacit
4069 3702 4230 3771 ope-

2683 3812 2785 3855 ra.
2834 3785 3081 3876 Supra,
3114 3788 3184 3855 iu
3219 3786 3401 3856 Psal.
3456 3809 3709 3866 mxxv,
3746 3788 3824 3856 ¹7
3862 3807 3878 3855 3
3914 3788 4058 3855 Fac
4086 3809 4233 3855 me-

2680 3918 2833 3962 cum
2862 3895 3140 3984 siqnum
3191 3896 3262 3962 in
3325 3893 3603 3962 bonum.
3647 3892 3824 3974 Quid
3866 3894 4116 3961 mirum
4169 3896 4228 3961 si

2681 4002 2836 4070 dicit
2881 4001 3090 4069 Filius
3146 4000 3333 4070 Patri
3383 4025 3535 4079 suo,
3588 4030 3621 4063 a«
3680 4004 3799 4093 lac
3853 4024 4139 4077 mecum,
4187 4029 4224 4066 n

2682 4111 2841 4203 qnia
2882 4110 3103 4201 ipsum
3147 4109 3439 4178 liberum
3504 4110 3860 4180 arbitrium
3890 4132 4045 4178 cum
4078 4109 4224 4179 Deo

2679 4230 3021 4312 operatur.
3058 4219 3192 4288 lad
3229 4219 3541 4288 Corinth.
3588 4242 3685 4303 ιιι,
3716 4220 3795 4289 93
3836 4220 3962 4289 Dei
3984 4241 4226 4288 sumus

2679 4325 3061 4417 adjutores.

2770 4568 2802 4601 ι
2858 4542 3149 4632 Propter
3195 4561 3438 4607 nomen
3505 4549 3726 4607 tuum.
3809 4565 3843 4605 ι
3904 4537 4074 4606 Ecce
4119 4559 4223 4605 se·

2676 4645 3001 4717 cundum.
3080 4645 3291 4727 Quasi
3366 4647 3616 4717 diceret
3685 4670 3703 4717 3
3771 4646 3956 4730 Dixi,
4033 4646 4218 4736 quod

2676 4778 2947 4826 mecum
2988 4755 3223 4839 faciae,
3271 4762 3504 4824 tamen
3536 4778 3672 4824 uon
3701 4753 4014 4841 excludo,
4049 4757 4217 4848 quin

2677 4861 2805 4931 hoc
2899 4864 3119 4955 ipsum
3205 4861 3438 4943 facias,
3512 4893 3546 4927 α
3614 4874 3900 4956 propter
3970 4886 4214 4933 nomen

2675 4982 2896 5050 tuum,
2969 4999 3003 5033 n·
3082 4992 3222 5038 non
3306 4971 3566 5039 meritis
3650 4969 4208 5061 praecedentibus.

2672 5078 2873 5149 Nulla
2938 5078 3120 5148 enim
3178 5080 3420 5147 merita
3482 5087 3990 5170 praecessemnt,
4057 5082 4215 5172 qui-

1016 5185 1277 5263 ticat,in
1307 5206 1446 5278 quo
1475 5181 2214 5263 detrahebant,«mala
2243 5186 2571 5259 adversus
2668 5189 2797 5259 bus
2852 5198 3079 5281 posset
3124 5199 3366 5259 natura
3430 5187 3731 5258 humana
3794 5188 3882 5259 ad
3949 5198 4209 5259 tantam

1014 5294 1324 5362 animam
1351 5314 1576 5363 meam
1630 5318 1665 5360 ι
1697 5291 2026 5374 dicentes,
2087 5295 2343 5365 scilicet
2381 5299 2563 5390 quod
2667 5296 3136 5366 excellentiam
3175 5295 3556 5366 sublimari.
3599 5294 3782 5364 Psal.
3817 5319 4016 5378 cxm,
4060 5298 4135 5365 ¹1
4186 5318 4204 5368 :

1013 5425 1154 5471 non
1181 5399 1425 5471 habuit
1454 5410 1858 5495 potestatem
1899 5404 2289 5476 resumendi
2316 5428 2563 5501 corpus
2664 5407 2959 5498 Propter
3017 5426 3264 5473 nomen
3340 5413 3539 5473 tuum
3610 5402 3990 5495 vivificabis
4052 5427 4198 5474 nos.

1082 5629 1102 5668 ¹
1133 5625 1437 5688 ctmauh.
1470 5641 1624 5697 xxvi,
1641 5625 1733 5686 48.

2734 5638 2760 5675 ⁸
2784 5637 2869 5697 Cf.
2903 5639 3030 5696 Act.
3061 5651 3101 5707 ι,
3136 5639 3221 5692 18.
