5008 6329
677 3325 839 3372 vnn-b·
856 3329 994 3376 Chri·

675 3380 737 3425 ati
753 3385 994 3433 vomant-

702 3445 763 3479 τι
791 3445 839 3482 ot
865 3438 964 3484 effl-

760 3492 909 3537 cacia.

1838 361 2552 435 COMMENTARIUS
2601 364 2697 432 IN
2745 364 3183 435 PSALMUM
3234 364 3433 435 CXL.

1049 536 1314 625 faciam
1346 549 1624 620 montes,
1657 551 1721 607 et
1740 542 1971 619 colles,
2008 551 2136 611 etc.
2169 542 2330 622 Job,
2354 564 2595 616 xxvm,

1056 644 1136 709 19
1181 665 1197 711 ε
1242 647 1396 713 Non
1449 648 1929 739 adaequabitur
1976 652 2058 726 ei,
2123 672 2300 717 verae
2347 650 2603 716 scilicet

1050 753 1422 842 sapientiae‚
1458 760 1767 848 topazius
1824 759 1906 824 de
1944 758 2341 847 AEffliopia,
2375 756 2603 823 omnis

1051 862 1306 931 scilicet
1370 866 1637 933 claritas
1724 863 2218 954 philosophica.
2289 862 2595 953 Sapient.

1047 993 1165 1048 vu,
1208 973 1248 1039 9
1285 995 1301 1040 ε
1341 973 1554 1041 Omne
1582 994 1833 1038 aurum
1869 974 1938 1037 in
1966 974 2476 1062 comparatione
2506 973 2603 1039 il-

1050 1077 1184 1145 lius
1212 1101 1423 1146 arena
1450 1088 1547 1145 est
1576 1079 1854 1168 exiqua.
1901 1078 2009 1158 Et,
2054 1077 2183 1146 lsa.
2231 1102 2421 1161 xxix,
2460 1081 2544 1145 14
2580 1103 2595 1147 :

1042 1185 1308 1253 Peribit
1374 1187 1716 1276 sapientia
1800 1208 1843 1252 a
1905 1186 2331 1277 sapientibus
2413 1186 2592 1276 ejus,

1044 1290 1260 1362 Exod.
1321 1317 1440 1375 vn,
1515 1296 1620 1373 12,
1683 1293 1896 1387 Virga
1961 1297 2192 1363 Aaron
2242 1295 2599 1363 devoravit

1043 1403 1271 1493 virgas
1301 1424 1686 1492 magorum.
1710 1402 1964 1472 Jerem.
1998 1427 2084 1480 m,
2110 1404 2220 1483 30,
2253 1402 2417 1470 dicit
2441 1402 2599 1469 Phi-

1040 1508 1369 1600 losophus
1404 1534 1419 1578 :
1454 1509 1826 1579 Absorbuit
1880 1534 2011 1590 me,
2073 1510 2380 1578 Christus
2409 1509 2600 1577 scili-

1041 1624 1169 1695 cet,
1202 1618 1404 1706 quasi
1440 1617 1667 1685 draco.

1133 1858 1166 1898 α
1199 1833 1499 1902 Audient
1520 1832 1720 1900 verbo
1758 1854 1934 1899 mea.
1974 1860 2006 1894 »
2050 1832 2112 1898 H
2122 1836 2180 1900 ic
2216 1839 2595 1923 tanguntur

1038 1947 1519 2030 promoventes
1548 1960 1770 2006 causae
1801 1936 1886 2006 ad
1917 1937 2060 2006 haec
2087 1939 2292 2007 bona.
2330 1937 2589 2018 Prima,

1036 2050 1254 2115 virtus
1284 2048 1497 2116 divini
1535 2047 1725 2114 verbi
1749 2056 1814 2114 et
1841 2048 2202 2114 sermonis.
2242 2044 2588 2127 Secunda,

1035 2154 1254 2221 virtus
1285 2155 1616 2244 martyrii,
1649 2162 1717 2221 et
1748 2156 1984 2221 mortis
2014 2163 2435 2233 sanctorum,
2462 2152 2587 2237 ibi,

1032 2268 1098 2337 y.
1144 2261 1182 2326 7
1219 2283 1234 2327 ε
1274 2288 1309 2322 α
1343 2261 1538 2329 Sicut
1565 2260 1971 2328 crassitudo.
2011 2287 2044 2323 n

1122 2366 1304 2436 Dicit
1334 2390 1495 2459 ergo
1531 2389 1546 2437 t
1585 2365 1701 2436 Sic
1747 2366 2025 2435 audient
2062 2367 2353 2435 libenter
2408 2389 2588 2459 prae-

1032 2472 1467 2553 dicationem,
1512 2482 1577 2543 et
1614 2473 1784 2541 nihil
1829 2472 2236 2564 reputabunt
2275 2471 2590 2564 philoso-

1029 2577 1207 2671 phiae
1225 2582 1653 2672 sapientiam,
1679 2590 1745 2649 et
1759 2579 1891 2650 hoc
1913 2581 2049 2660 fiet,
2086 2611 2119 2645 «
2141 2582 2473 2672 quoniam
2497 2604 2521 2649 .·
2545 2607 2581 2644 n

1027 2685 1138 2757 hic
1179 2712 1500 2758 resume:
1570 2719 1602 2753 α
1632 2691 1960 2780 quoniam
2026 2690 2311 2757 audient
2376 2689 2584 2758 verba

1024 2818 1201 2876 mea,
1246 2822 1283 2860 »
1334 2796 1855 2887 praedicationis,
1912 2825 1945 2860 «
1976 2799 2307 2889 quoniam
2325 2808 2585 2889 potue-

1024 2910 1210 2984 runt,
1249 2926 1282 2967 a
1317 2901 1431 2969 illa
1451 2900 1686 2985 verba,
1729 2902 1797 2969 id
1819 2911 1943 2981 est,
1978 2904 2388 2994 potestativa
2427 2903 2581 2972 fue·

1024 3020 1204 3079 runt.
1241 3010 1564 3093 Audient,
1608 3015 1913 3104 inquam,
1973 3014 2209 3082 auditu
2248 3012 2582 3082 obedien·

1019 3119 1131 3188 tiae
1162 3120 1489 3190 interiori.
1527 3120 1656 3190 lsa.
1702 3144 1810 3202 tv,
1844 3123 1885 3189 2
1930 3144 1944 3190 :
1979 3121 2258 3207 Audite,
2292 3121 2581 3191 audien·

1020 3240 1118 3296 tes
1155 3251 1283 3298 me.
1326 3228 1531 3299 Joan.
1563 3253 1709 3314 vm,
1761 3231 1843 3298 47
1884 3254 1898 3298 :
1942 3232 2080 3316 Qui
2142 3253 2230 3299 esc
2275 3233 2419 3298 Deo
2449 3239 2571 3309 est,

1022 3336 1225 3406 verba
1252 3339 1386 3406 Dei
1425 3337 1647 3406 audit.
1683 3338 1910 3408 Verba
1946 3338 2223 3430 quidem
2255 3337 2572 3407 Ecclesiae

1022 3447 1092 3512 in
1130 3446 1688 3536 praedicatoribus
1718 3448 2127 3539 potestativa
2155 3456 2339 3526 sunt,
2374 3454 2442 3516 et
2468 3446 2575 3516 ef-

1018 3551 1273 3622 ficacia.
1319 3552 1536 3624 Eccle.
1598 3577 1743 3635 vm,
1779 3557 1819 3622 4
1855 3577 1870 3621 ε
1930 3555 2169 3624 Sermo
2210 3554 2411 3622 illius
2430 3576 2570 3646 po-

1014 3670 1254 3730 testate
1271 3661 1523 3754 plenus
1570 3674 1689 3731 est.
1739 3662 1996 3731 Tamen
2044 3666 2115 3732 in
2155 3685 2273 3731 ore
2313 3661 2566 3733 Christi

1013 3792 1175 3839 vere
1240 3774 1648 3862 potestativa
1695 3773 1993 3854 fuerunt,
2050 3773 2226 3842 sicut
2284 3795 2465 3866 aqua
2493 3772 2567 3841 in

1011 3877 1162 3968 ipso
1201 3877 1412 3959 fonte,
1473 3879 1714 3949 Matth.
1758 3903 1875 3957 vu,
1911 3881 1996 3949 29
2028 3902 2054 3950 .·
2101 3882 2283 3949 Erat
2319 3880 2566 3949 docens

1007 4004 1140 4059 eos,
1180 3983 1359 4051 sicut
1405 3994 1807 4076 potestatem
1863 3983 2144 4067 liabens,
2196 4007 2338 4053 non
2387 3985 2564 4054 sicut

1007 4086 1262 4158 Scribae
1301 4097 1370 4159 et
1413 4089 1762 4159 Pharisaei.
1811 4090 2187 4171 Sanabant,
2244 4089 2553 4182 Sapient.

1004 4218 1145 4275 xv1,
1194 4198 1317 4265 12:
1351 4198 1586 4288 Neque
1637 4198 1873 4277 herba,
1922 4221 2141 4290 neque
2192 4199 2556 4291 malaqma

997 4305 1273 4372 sanavit
1334 4326 1469 4382 eos,
1533 4303 1657 4372 sed
1707 4316 1893 4387 tuus,
1955 4308 2272 4384 Domine,
2301 4328 2554 4393 sermo,

999 4411 1124 4500 qui
1156 4422 1361 4478 sanat
1399 4412 1658 4479 omnia.
1705 4410 2182 4494 vivificabant,
2212 4414 2415 4483 Joan.
2450 4436 2549 4500 vn,

999 4518 1084 4586 69
1129 4539 1145 4585 :
1205 4520 1522 4597 Domine,
1573 4518 1671 4587 ad
1721 4542 1922 4611 quem
1973 4519 2282 4591 ibimus?
2344 4521 2552 4592 verba

994 4627 1151 4695 vitae
1185 4637 1450 4696 aetemae
1494 4627 1724 4697 habes.
1770 4627 2321 4711 lnssammabant,
2383 4630 2543 4701 Luc.

991 4757 1180 4815 xxxv,
1216 4736 1300 4803 32
1325 4758 1342 4803 :
1374 4737 1614 4806 Nonne
1638 4761 1756 4806 cor
1779 4749 2089 4806 nostrum
2122 4739 2373 4807 ardens
2396 4752 2548 4808 erat

993 4843 1062 4909 in
1082 4842 1302 4922 nobis,
1336 4842 1419 4912 de
1444 4843 1635 4924 Jesu,
1668 4844 1836 4913 dum
1869 4846 2261 4937 loqueretur
2289 4848 2359 4916 in
2398 4849 2540 4929 via,

989 4960 1052 5017 et
1090 4952 1385 5042 aperiret
1411 4950 1605 5020 nobis
1634 4955 2040 5046 Scripturas
2063 4953 2105 5021 P

1082 5308 1115 5348 α
1148 5283 1345 5353 Sicut
1370 5283 1776 5351 crassitudo.
1805 5309 1839 5350 n
1864 5284 1991 5355 llic
2015 5286 2316 5378 tangitur
2334 5311 2540 5359 causa

986 5389 1309 5473 secunda,
1341 5389 1596 5459 scilicet
1644 5411 1828 5459 mors
1871 5399 1939 5459 et
1976 5392 2328 5486 dissipatio
2374 5420 2540 5466 san-

985 5504 1276 5576 ctorum.
1303 5506 1637 5592 quantum
1658 5496 1743 5566 ad
1771 5521 2056 5590 corpora
2082 5510 2192 5571 :et
2219 5515 2537 5577 construe

984 5626 1203 5695 usque
1246 5606 1367 5687 ibi,
1402 5632 1438 5673 ι
1485 5607 1667 5692 Quia
1705 5605 1804 5673 ad
1836 5617 1924 5687 te,
1957 5611 2275 5681 Domine.
2325 5638 2358 5679 a

1073 5712 1173 5780 lta
1211 5713 1490 5783 audient
1516 5711 1724 5781 verba
1779 5718 2209 5804 potestativa,
2273 5741 2355 5787 ex
2394 5744 2534 5813 quo

4139 361 4260 427 471

2713 552 3082 632 sequentur
3131 542 3580 631 praecedentia
3632 541 3863 608 bona:
3918 547 3982 607 et
4030 540 4257 614 etiam,

2715 674 2748 714 α
2791 673 2942 716 ossa
2971 660 3231 725 nostra,
3272 674 3306 715 n
3340 672 3417 717 ac
3446 648 3768 727 litteram,
3816 677 3844 711 «ι
3871 656 4029 716 sunt
4067 645 4263 713 dissi·

2703 766 2875 845 pata
2931 778 3122 823 secus
3180 759 3555 846 infernum,
3596 781 3628 820 n
3692 758 3761 822 in
3818 752 4101 830 mund0,
4145 751 4261 842 qui

2709 887 2919 956 prope
2962 866 3302 934 infernum
3333 875 3456 934 est.
3500 866 3587 933 Et
3623 864 3755 932 hoc
3794 888 3827 928 α
3859 864 4035 929 sicut
4070 884 4262 929 cras-

2704 972 2938 1041 situdo
2979 985 3173 1042 terrae
3202 985 3448 1064 erupta
3504 983 3626 1052 est,
3664 1000 3696 1035 »
3738 970 3848 1038 vel
3894 977 4122 1058 erepta
4160 976 4260 1035 est

2713 1113 2745 1146 «
2777 1107 2985 1174 super
3021 1095 3306 1165 terram,
3360 1108 3394 1149 n
3437 1083 3690 1150 faciens
3736 1082 3951 1170 ipsam
3999 1079 4260 1147 foecun-

2707 1189 2889 1260 dare.
2925 1189 3135 1269 Quasi
3167 1191 3419 1258 diceret
3463 1211 3478 1254 ε
3533 1188 3740 1268 Quasi
3780 1187 4087 1277 quaedam
4122 1187 4258 1252 im-

2705 1299 3059 1388 pinguatio
3129 1296 3477 1379 Ecclesiae,
3537 1305 3612 1362 ut
3671 1293 4251 1383 multiplicaretur,

2705 1414 2770 1470 et
2812 1404 3272 1482 fructificaret,
3307 1413 3410 1472 est
3439 1425 3625 1471 mors
3657 1410 3887 1469 nostra
3914 1423 4033 1490 per
4073 1421 4255 1465 mar-

2703 1513 2982 1600 tyrium,
3037 1520 3104 1579 et
3150 1511 3503 1601 dissipatio
3553 1509 3836 1578 ossium.
3906 1506 4248 1588 Judicum,

2699 1641 2842 1696 xvx,
2879 1620 2989 1696 30,
3045 1616 3428 1687 Samson...
3482 1616 3707 1685 multo
3748 1616 3987 1707 plures
4042 1614 4252 1680 inter-

2696 1730 2863 1819 fecit
2892 1731 3214 1808 moriens,
3247 1751 3458 1819 quam
3486 1738 3646 1795 ante
3672 1728 3865 1794 vivus
3892 1724 4249 1794 occiderat.

2700 1834 2955 1904 Mortes
2995 1837 3179 1904 enim
3227 1844 3620 1903 sanctorum
3669 1843 3829 1901 sunt
3873 1831 4068 1900 valde
4106 1830 4254 1898 fru-

2698 1943 2973 2026 ctiferae,
2994 1945 3196 2014 Joan.
3234 1967 3354 2024 xu,
3388 1946 3472 2012 25
3501 1944 3627 2012 :Si
3650 1954 3875 2010 autem
3905 1951 4251 2009 mortuum

2695 2053 2939 2140 suerit,
2972 2052 3231 2121 scilicet
3248 2074 3539 2144 granum
3572 2049 3919 2127 frumenti,
3947 2047 4246 2115 multum

2694 2161 3000 2248 fructum
3032 2161 3259 2250 affert.
3290 2158 3450 2238 Job,
3493 2181 3588 2238 xi,
3628 2159 3704 2224 17
3743 2179 3758 2223 :
3806 2157 3972 2226 Cum
4004 2165 4069 2221 te
4084 2177 4249 2223 con-

2692 2278 3049 2359 sumptum
3085 2268 3469 2358 putaveris,
3527 2265 3767 2333 orieris
3821 2273 3895 2330 ut
3939 2263 4241 2351 Lucifer.

2696 2370 2828 2440 Isa.
2862 2396 3054 2454 xvm,
3086 2375 3127 2441 7
3165 2394 3183 2444 ε
3233 2375 3315 2443 In
3374 2385 3674 2466 tempore
3729 2371 3857 2439 illo
3908 2370 4250 2461 deseretur

2694 2503 2946 2549 munus
2972 2484 3274 2550 Domino
3303 2483 3722 2550 exercituum
3768 2503 3812 2546 a
3840 2477 4105 2572 populo
4135 2476 4235 2543 di-

2692 2588 2889 2656 vulso
2911 2599 2975 2655 et
3012 2588 3419 2669 dilacerato,
3461 2611 3505 2654 a
3533 2586 3795 2678 populo
3852 2583 4171 2667 terribili,
4202 2606 4244 2650 a

2690 2699 2941 2765 sanctis
2979 2696 3233 2765 scilicet
3273 2694 3711 2787 Martyribus,
3745 2693 3904 2785 quia
3933 2715 4088 2761 ossa
4116 2713 4240 2759 eo-

2690 2827 2843 2872 rum
2873 2803 3200 2895 dissipata
3230 2801 3674 2894 pullularunt.
3712 2798 3841 2867 lsa.
3876 2821 4054 2875 vax,
4104 2797 4183 2866 14
4215 2815 4233 2865 ε

2685 2913 2783 2979 Et
2803 2934 2955 2979 ossa
2976 2920 3223 2988 vestra,
3249 2910 3451 3002 quasi
3469 2906 3706 2988 herba,
3726 2903 4233 2996 qerminabunt.

2686 3017 2873 3087 Bene
2939 3027 3169 3086 autem
3234 3040 3422 3085 secus
3502 3017 3851 3104 infernum
3926 3012 4241 3080 dicuntur

2685 3123 3051 3218 dissipata,
3112 3125 3273 3217 quia
3323 3123 3392 3191 in
3483 3120 3742 3190 mundo
3798 3119 4232 3211 dissipantur.

2684 3231 2981 3302 Mundus
3012 3234 3196 3301 enim
3228 3232 3425 3324 quasi
3455 3229 3735 3322 quidam
3767 3228 4069 3296 infernus
4104 3236 4230 3296 est.

2683 3339 3013 3411 Proverb.
3060 3364 3107 3423 1,
3156 3342 3237 3410 12
3284 3363 3300 3408 :
3358 3338 3882 3430 Deqluttiamus
3936 3360 4088 3406 eum
4141 3337 4233 3404 si-

2679 3460 2792 3518 cut
2815 3452 3128 3542 infernus
3155 3451 3513 3519 viventem.
3547 3447 3974 3538 Degluttiunt
4003 3453 4229 3513 autem

2678 3565 2949 3625 sanctos
2977 3566 3335 3648 tamquam
3366 3555 3509 3647 lupi
3549 3578 3735 3623 oves.
3773 3551 4014 3631 Matth,
4040 3575 4108 3629 x,
4135 3553 4173 3618 3
4209 3573 4225 3618 :

2675 3666 2851 3733 Ecce
2877 3687 3000 3755 eqo
3046 3666 3247 3733 mitto
3304 3687 3420 3733 vos
3463 3664 3642 3731 sicut
3696 3684 3847 3729 oves
3890 3661 3961 3727 in
4007 3657 4228 3726 medio

2675 3771 3026 3865 luporum.

2728 4137 2794 4174 ·«
2839 4110 3022 4194 Quia
3070 4107 3169 4175 ad
3211 4117 3301 4189 te,
3343 4105 3659 4175 Domine.
3705 4128 3741 4165 n
3785 4100 3912 4169 llic
3966 4109 4067 4169 est
4102 4122 4215 4168 se-

2668 4216 2890 4286 cunda
2935 4239 3093 4308 pars
3129 4212 3443 4283 secundm
3491 4211 3726 4303 partis,
3760 4210 3829 4277 in
3886 4232 4019 4301 qua
4047 4210 4215 4299 petit

2664 4328 2911 4394 animae
2951 4325 3163 4415 ipsius
3210 4320 3617 4397 custodiam,
3680 4341 3763 4389 ne
3814 4319 4213 4411 illaqueetur

2662 4457 2704 4503 a
2740 4432 3040 4517 diabolo,
3084 4434 3258 4501 sicut
3299 4429 3461 4499 mali
3504 4448 3523 4499 t
3566 4437 3632 4498 et
3692 4428 4008 4497 dicuntur
4044 4429 4201 4500 duo.

2661 4541 2923 4620 Primo,
2957 4542 3127 4633 petit
3155 4538 3560 4608 custodiam.
3599 4535 3940 4614 Secundo,
3974 4548 4209 4607 osten-

2660 4648 2757 4716 dit
2802 4646 3128 4716 custodiae
3194 4643 3697 4723 necessitatem,
3749 4640 3867 4724 ibi,
3933 4648 3997 4719 5.
4069 4642 4201 4712 10:

2660 4782 2696 4823 ι
2732 4755 2993 4825 Cadent
3021 4755 3093 4822 in
3124 4750 3482 4822 retiaculo.
3522 4775 3555 4816 a

2745 4864 2823 4932 In
2856 4865 3074 4955 prima
3105 4861 3267 4930 duo.
3307 4860 3568 4937 Primo,
3615 4862 3780 4951 petit
3808 4861 4130 4931 custodiri
4161 4886 4202 4931 a

2654 4970 2799 5040 Deo
2847 4968 3268 5060 simpliciter.
3307 4964 3625 5034 Secundo
3654 4987 3841 5042 vero,
3879 4964 4204 5034 determi-

2651 5086 2768 5146 nat
2796 5099 2838 5145 a
2866 5074 3117 5167 quibus
3145 5073 3309 5143 velit
3337 5093 3491 5141 eam
3522 5071 3843 5140 custodiri
3887 5072 4203 5162 speciali-

2650 5195 2778 5265 ter,
2811 5184 2934 5262 ibi,
2964 5191 3030 5262 5.
3065 5184 3107 5251 9
3147 5204 3165 5251 :
3219 5207 3255 5248 ι
3291 5181 3574 5252 Custodi
3625 5202 3731 5248 me
3771 5202 3816 5247 a
3865 5178 4133 5271 laqueo.
4162 5207 4195 5248 ι

2740 5292 2817 5361 In
2908 5292 3133 5382 prima
3217 5289 3380 5360 duc.
3469 5286 3729 5364 Primo,
3823 5291 4196 5377 persuasio.

2653 5400 3000 5480 Secundo,
3091 5398 3358 5488 petitio,
3438 5395 3559 5476 ibi,
3674 5423 3708 5456 ιι
3785 5396 3938 5464 Non
4002 5401 4199 5490 aule·

2647 5531 2789 5578 ras.
2833 5534 2867 5569 »v

2736 5613 3110 5685 Persuadet
3139 5620 3368 5681 autem
3396 5630 3438 5676 a
3465 5605 3734 5676 duobus
3776 5631 3791 5676 :
3825 5609 3912 5679 ab
3969 5611 4196 5680 inten-

2646 5722 2835 5791 tione
2865 5734 3073 5805 recta,
3127 5740 3335 5814 quam
3375 5714 3607 5807 dirigit
3635 5715 3706 5782 in
3752 5717 4000 5805 Deum,
4051 5724 4119 5785 et
4153 5737 4195 5783 a
