5008 6329
669 350 753 415 ⁴38
1674 339 1751 403 D.
1805 336 2002 401 ALB.
2058 333 2270 400 MAG.
2326 329 2533 396 ont).
2588 325 2878 391 PRAED.

670 524 1044 616 Postquam
1105 518 1460 611 praemissa
1534 519 1635 578 est
1702 507 2038 588 liberati0‚
2108 504 2216 571 hic

670 635 1106 725 subjungitur
1160 625 1429 697 liberati
1488 621 1881 689 sublimatio
1930 641 1943 685 :
1998 625 2063 685 et
2111 616 2218 684 di-

670 754 916 812 cuntur
957 742 1117 809 duo.
1174 736 1434 813 Primo,
1478 730 1868 799 sublimatio
1895 726 2149 817 Joseph
2180 748 2220 793 a

669 872 855 941 rege.
920 841 1263 918 Secundo,
1317 837 1747 906 sublimantis
1812 835 2095 903 intentio
2154 839 2218 900 et

673 957 851 1032 finis,
886 953 1006 1031 ibi,
1037 958 1101 1026 ᾗ.
1128 950 1213 1016 22
1260 971 1274 1015 :
1315 971 1349 1013 a
1389 948 1478 1015 [Jc
1506 945 1829 1013 erudiret.
1877 970 1911 1005 ι)

763 1062 841 1128 ln
879 1059 1101 1149 prima
1137 1057 1301 1135 duc,
1345 1053 1721 1123 secundum
1760 1051 1894 1118 duo
1948 1050 2020 1116 in
2065 1049 2219 1138 qui-

675 1170 802 1237 bus
831 1189 991 1236 eum
1012 1163 1432 1233 sublimavit.
1470 1159 1728 1235 Primo,
1766 1159 1834 1224 in
1875 1155 2219 1223 conferen-

677 1278 763 1346 do
796 1277 865 1345 in
903 1276 1187 1344 domum
1210 1292 1408 1340 suam
1438 1267 1843 1365 dominium.
1874 1260 2216 1339 Secunde,

678 1391 749 1455 in
781 1408 1065 1477 regnum
1098 1391 1164 1451 et
1202 1390 1454 1447 terram
1491 1384 1701 1444 totam
1743 1374 2218 1464 principatum,

681 1495 800 1570 ibi,
848 1517 881 1558 α
924 1493 1019 1558 Et
1041 1486 1453 1579 principem.
1493 1507 1524 1547 n

769 1598 947 1666 Dicit
977 1616 1142 1685 ergo
1189 1614 1203 1658 :
1243 1590 1359 1659 Sic
1396 1588 1602 1658 solvit
1640 1610 1823 1668 eum,
1867 1595 1932 1654 et
1970 1584 2227 1652 dimisit

680 1708 762 1776 de
818 1725 1109 1783 carcere,
1162 1707 1229 1768 et
1276 1706 1431 1789 post
1487 1724 1516 1759 ιι
1553 1697 1902 1763 constituit
1956 1715 2136 1775 enm,
2186 1716 2220 1753 »

680 1814 963 1882 firmiter
1015 1805 1454 1884 stabiliendo,
1506 1828 1540 1870 e
1582 1803 1936 1871 dominum
1986 1802 2228 1867 domus

679 1941 842 1988 suae.
867 1945 897 1982 a
941 1916 1187 1984 GeneS.
1221 1935 1359 1992 xm,
1394 1912 1475 1978 41
1515 1932 1531 1976 :
1566 1910 1909 1979 Constitui
1938 1919 2000 1975 te
2026 1928 2230 1997 super

685 2027 1072 2094 universam
1104 2032 1360 2089 terram
1382 2019 1710 2108 Aqupti.

775 2369 809 2408 ι
848 2342 935 2410 Ut
984 2337 1308 2407 erudiret.
1349 2360 1381 2399 ι
1429 2333 1555 2401 llic
1599 2328 1999 2404 secundum,
2059 2325 2233 2394 scili-

684 2457 788 2521 cet
833 2445 1268 2516 sublimantis
1338 2439 1658 2518 intentio,
1724 2457 1875 2527 quae
1932 2432 2233 2522 tangitur

681 2554 1020 2649 duplicata
1061 2549 1534 2625 instructione,
1568 2543 1821 2613 scilicet
1853 2540 2231 2609 Pharaonis

679 2677 743 2733 et
764 2659 1149 2754 principum
1201 2655 1286 2724 de
1316 2653 1744 2724 somniorum
1776 2646 2222 2739 expositione.

679 2771 762 2840 Et
793 2765 1119 2844 secundo,
1153 2762 1341 2855 quod
1370 2760 1594 2848 majus
1625 2766 1751 2837 est,
1789 2758 2092 2846 ipsorum
2127 2774 2232 2819 sa-

680 2876 1013 2973 pientium
1082 2880 1150 2940 et
1206 2869 1676 2958 conjectorum
1741 2862 2051 2954 [Egypth
2112 2858 2227 2949 qui

676 3008 799 3079 per
825 3004 1021 3052 senes
1042 2979 1427 3071 signantur,
1454 2973 1574 3048 ibi,
1601 2998 1635 3037 ι
1658 2973 1754 3040 Et
1771 2991 1957 3038 senes
1984 2967 2162 3057 ejus.
2189 2992 2223 3029 ιο

769 3092 946 3159 Dicit
985 3109 1150 3179 ergo
1194 3106 1211 3151 ε
1249 3082 1367 3151 Sic
1410 3078 1805 3149 sublimavit
1836 3074 2223 3144 liberatum.

680 3200 788 3270 Ad
826 3197 989 3292 quid
1025 3198 1062 3264 't
1093 3221 1127 3260 ι
1168 3194 1257 3262 Ut
1284 3189 1590 3260 erudiret
1601 3187 1951 3281 principes
1974 3183 2154 3273 ejus,
2191 3211 2223 3244 n

682 3306 945 3399 supple,
988 3300 1396 3378 Pharaonis,
1432 3323 1467 3360 α
1498 3296 1678 3364 sicut
1704 3292 2167 3383 semetipsum,
2190 3314 2224 3351 ιο

682 3418 753 3485 in
790 3412 1218 3483 somniorum
1256 3402 1715 3496 expositione,
1760 3403 1828 3470 in
1867 3407 2061 3468 terrae
2098 3419 2233 3489 gu-

682 3521 1104 3592 bernatione.
1168 3516 1416 3584 Genes.
1460 3532 1598 3590 xm,
1640 3510 1725 3578 33
1769 3516 1836 3576 et
1863 3507 1948 3576 34
1990 3527 2008 3574 ε
2052 3508 2231 3575 I’ro-

683 3630 909 3700 videat
973 3648 1096 3694 rea·
1177 3623 1405 3691 virum
1467 3618 1842 3710 sapientem
1898 3622 1962 3681 ct
2020 3609 2230 3679 indn-

681 3740 1048 3823 strium,...
1070 3733 1195 3827 qm’
1231 3729 1608 3800 constituat
1652 3724 2053 3818 proepositos
2097 3742 2228 3813 per

683 3854 959 3918 cunctas
997 3841 1329 3932 regiones,
1352 3843 1421 3905 et
1460 3855 1702 3904 omnes
1730 3829 2052 3901 obediant
2080 3830 2167 3897 ei.

776 3981 814 4021 α
844 3955 939 4023 Et
965 3970 1154 4020 senes
1190 3945 1372 4037 ejus,
1413 3971 1447 4006 »z
1488 3941 1606 4034 qui
1637 3928 1826 4010 erant
1853 3938 2234 4029 sapientio-

686 4086 819 4150 res,
859 4068 926 4131 et
975 4055 1216 4129 divini.
1248 4050 1409 4132 Job,
1443 4072 1567 4135 xix,
1616 4050 1693 4117 12
1738 4069 1755 4114 ε
1796 4047 1877 4116 In
1925 4045 2234 4137 antiquis

685 4181 783 4243 est
821 4165 1192 4261 sapientia,
1238 4169 1304 4230 et
1350 4160 1423 4227 in
1467 4154 1690 4225 multo
1728 4162 2027 4246 tempore
2056 4175 2235 4245 pru-

684 4279 942 4349 dentia,
987 4302 1022 4337 κ
1064 4267 1527 4342 Prudentiam
1555 4263 1843 4332 doceret.
1888 4286 1922 4328 ι
1948 4258 2086 4330 Sed
2115 4258 2231 4329 ubi

685 4384 991 4459 docuerit
1014 4400 1212 4450 senes
1234 4372 1693 4468 prudentiam,
1716 4371 1770 4439 si
1803 4392 1942 4439 non
1970 4369 2235 4461 legatur

685 4501 756 4568 in
795 4500 984 4564 textu
1020 4486 1374 4565 historico,
1404 4479 1817 4553 credendum
1848 4486 2075 4558 tamen
2103 4486 2228 4558 est,

684 4609 860 4677 sicut
877 4602 1039 4671 dicit
1059 4597 1328 4677 Glossa,
1368 4599 1638 4660 tantum
1674 4587 1899 4656 virum
1922 4608 2059 4655 non
2089 4594 2233 4655 tan·

683 4724 832 4783 tum
863 4701 1327 4779 ministrandis
1366 4693 1857 4790 temporalibus
1894 4694 2228 4763 intentum

683 4820 913 4897 luisse,
936 4813 1056 4884 sed
1077 4812 1283 4881 etiam
1322 4802 1814 4901 spiritualibus,
1864 4809 1942 4870 ut
1966 4800 2229 4894 sapien·

685 4939 787 5001 tes
814 4923 1098 5018 AEgypti
1138 4918 1223 4989 ab
1253 4939 1496 4987 eorum
1536 4935 1713 4981 vana
1742 4918 2089 4981 revocaret
2118 4934 2232 4978 sa-

684 5039 961 5136 pientia.

338 5159 661 5212 comnrm.
776 5150 954 5221 llinc
988 5148 1216 5214 autem
1258 5135 1686 5213 instruimur,
1728 5132 1913 5225 quod
1960 5132 2229 5203 Praelati

417 5219 579 5267 ‘tem

686 5281 892 5350 super
937 5252 1223 5323 domum
1294 5242 1446 5321 Dei,
1488 5249 1556 5311 et
1609 5253 1856 5310 terram
1912 5237 2229 5309 Ecclesiae

685 5366 934 5438 debent
974 5386 1016 5430 a
1061 5359 1207 5427 Deo
1253 5351 1604 5423 constitui.
1668 5349 1923 5420 Jerem.
1975 5373 2023 5428 ι,
2087 5349 2166 5418 10
2206 5370 2225 5421 z

684 5482 858 5550 Ecce
898 5468 1223 5543 conutitm’
1250 5475 1339 5544 te,
1366 5485 1505 5531 non
1525 5461 1725 5541 alius,
1751 5484 1957 5554 super
1972 5470 2225 5551 ρωπίας,

685 5601 747 5658 et
772 5609 979 5677 snper
997 5602 1232 5667 reyna.
1263 5575 1367 5655 lit,
1396 5575 1462 5641 in
1499 5572 1677 5642 l‘sal.
1713 5596 1787 5652 ιι,
1811 5576 1877 5648 6,
1901 5571 2232 5663 gloriatur

686 5712 763 5770 ut
816 5699 988 5767 bene
1045 5690 1391 5758 institutus
1439 5682 1671 5754 dicens
1722 5708 1737 5752 ε
1791 5686 1942 5775 Iz'qo
1999 5690 2223 5750 antem

2318 500 2731 569 constitutus
2800 518 2953 562 sum
3017 518 3136 560 rex
3166 495 3250 560 ab
3307 517 3380 560 eo
3418 511 3623 581 super
3659 490 3860 569 Sion,

2319 622 2447 681 etc.
2492 609 2600 677 Ad
2648 606 2810 698 quid
2848 608 2882 673 ⁴?
2938 605 3091 672 Non
3136 605 3220 669 ad
3269 600 3752 669 luxuriandum
3803 606 3869 667 et

2319 720 2864 814 expendendum·
2891 719 2957 784 in
2997 715 3353 805 superfluis
3392 713 3573 778 bona
3620 710 3865 777 domus

2317 830 2623 908 Domini,
2667 826 2784 895 sed
2834 825 2917 893 ad
2964 820 3461 896 instruendum,
3513 826 3577 885 et
3617 838 3864 907 regen-

2320 939 2508 1005 dum.
2555 933 2939 1002 Bet-nardus
2975 954 2989 998 :
3039 957 3072 996 a
3103 930 3414 997 Timeant
3459 925 3697 994 Clerici
3728 923 3867 989 mi-

2327 1071 2359 1110 «
2396 1044 2587 1111 nistri
2620 1041 2961 1116 Ecclesiae,
3009 1040 3121 1127 qui
3158 1040 3223 1104 in
3258 1045 3435 1103 terra
3474 1041 3866 1100 sanctorum

2338 1176 2367 1211 «
2397 1169 2601 1238 quam
2631 1144 3001 1235 possident,
3062 1152 3200 1209 tam
3245 1143 3474 1229 inique
3515 1144 3753 1228 agunt,
3797 1141 3873 1200 ut

2329 1281 2362 1321 a
2405 1252 2782 1344 stipendiiS,
2808 1272 2960 1341 quae
2983 1249 3109 1317 sibi
3131 1248 3439 1316 susticere
3466 1247 3864 1335 potuissent,

2335 1392 2365 1425 α
2396 1361 2680 1429 minime
2702 1359 3025 1436 contenti,
3051 1355 3423 1447 superflua,
3453 1353 3701 1444 quibus
3727 1373 3871 1419 sus-

2334 1502 2367 1536 «
2399 1471 2702 1540 tentandi
2752 1477 2942 1538 erant
2971 1490 3317 1558 pauperes,
3359 1466 3565 1555 impie
3594 1463 3873 1531 sacrile-

2333 1608 2366 1649 α
2399 1603 2617 1673 geque
2647 1581 2774 1648 sibi
2822 1580 3176 1658 retineant,
3219 1587 3279 1643 et
3324 1578 3390 1643 in
3440 1598 3602 1641 usus
3633 1596 3870 1663 super-

2344 1719 2373 1754 «
2410 1690 2538 1757 hiae
2568 1708 2708 1754 suae
2746 1694 2944 1775 atque
2985 1682 3292 1761 luxuria»,
3337 1682 3591 1748 victum
3626 1701 3875 1770 paupe-

2336 1825 2369 1862 «
2403 1818 2558 1864 rum
2610 1813 3008 1862 consumere
3058 1813 3194 1857 non
3235 1799 3577 1866 verentur,
3622 1787 3872 1878 duplici

2336 1937 2368 1972 α
2404 1906 2704 1999 profecto
2763 1905 3113 1994 iniquitate
3171 1912 3546 1992 peccauteS,
3601 1900 3759 1990 quia
3808 1907 3875 1966 et

2346 2046 2376 2082 α
2414 2018 2637 2086 aliena
2666 2015 3012 2105 diripiunt,
3047 2022 3114 2080 et
3140 2013 3347 2081 sacris
3377 2012 3447 2078 in
3486 2012 3626 2079 suis
3656 2012 3835 2100 turpi
3861 2048 3876 2062 ·

2338 2148 2372 2190 e
2415 2120 2764 2191 tudinibus
2802 2119 3196 2187 abuntutur.
3236 2143 3268 2182 ι

2426 2229 2660 2296 I‘otest
2689 2228 2892 2295 etiam
2923 2226 3168 2315 exponi
3201 2225 3281 2290 de
3308 2223 3506 2290 beato
3546 2223 3776 2303 Petro,
3812 2230 3878 2291 et

2333 2333 2836 2404 successoribus
2884 2334 3054 2423 ejus,
3107 2357 3278 2423 quos
3318 2331 3628 2399 Christus
3675 2353 3880 2420 super

2333 2445 2728 2523 Ecclesiam,
2763 2445 2900 2511 imo
2931 2448 3133 2533 super
3169 2441 3505 2533 principes
3535 2439 3877 2508 Ecclesia-

2333 2580 2486 2624 rum
2525 2556 2894 2632 constituit,
2959 2565 3032 2620 ut
3096 2553 3395 2620 erudiret
3465 2553 3810 2642 principes
3852 2575 3873 2616 .·

2331 2666 2734 2758 Episcopos,
2795 2675 2862 2734 et
2912 2664 3241 2732 l'raelatos
3307 2664 3388 2731 de
3446 2663 3875 2729 somniorum

2332 2776 2641 2852 veritate,
2685 2774 2914 2842 omnia
2947 2782 3293 2864 tamquam
3352 2772 3622 2839 somnia
3671 2767 3878 2862 repu-

2330 2878 2563 2948 tando.
2619 2880 2771 2948 Act.
2825 2900 2920 2958 ιιι,
2953 2884 2994 2944 ti
3028 2899 3044 2945 ε
3079 2882 3481 2968 Arqcntnm,
3515 2886 3579 2942 ct
3620 2898 3873 2943 aurum

2331 3006 2466 3051 non
2497 2992 2595 3051 est
2633 2982 2828 3051 milei.

2423 3115 2457 3154 ι
2490 3091 2586 3158 Et
2627 3112 2837 3170 senes,
2885 3114 2917 3153 s
2970 3090 3298 3158 Doctores
3354 3087 3436 3156 de
3486 3088 3872 3178 prudentia,

2332 3199 2518 3292 quod
2564 3200 2823 3268 bonum
2869 3208 2966 3269 est
3009 3199 3347 3289 eligendo,
3392 3199 3575 3289 quod
3615 3199 3875 3267 malum

2329 3319 2432 3380 est
2466 3310 2818 3403 fugiendo,
2850 3333 2989 3380 non
3019 3309 3100 3379 de
3129 3310 3498 3401 cupiditate
3538 3319 3603 3378 et
3626 3333 3877 3400 paren·

2330 3430 2476 3491 tum
2507 3423 2759 3492 carnali
2806 3422 3185 3491 dilectione.
3235 3422 3393 3499 Sed,
3429 3422 3557 3490 lsa.
3592 3443 3727 3501 avi,
3766 3424 3872 3502 10,

2333 3533 2577 3601 dicitur
2609 3560 2626 3602 ι
2670 3533 3142 3624 Speculatores
3180 3533 3334 3622 esus
3380 3535 3537 3602 cccci
3590 3556 3823 3601 onaetecs
3853 3557 3875 3601 .·

2334 3641 2721 3733 speculator
2757 3642 2827 3710 in
2866 3640 3193 3709 altissimo
3239 3642 3486 3710 domus
3533 3644 3742 3711 totius
3778 3651 3878 3711 est

2334 3748 2769 3817 constitutus.

2426 4061 2461 4103 ι
2494 4039 2591 4106 Et
2619 4036 2902 4104 intravit
2938 4035 3179 4103 Israel.
3220 4063 3252 4098 ι
3287 4035 3408 4104 llic
3458 4037 3732 4104 tertium
3763 4045 3878 4105 to-

2336 4145 2470 4214 tius
2508 4142 2689 4213 illius
2726 4143 2961 4235 partis,
3009 4141 3079 4210 in
3121 4164 3256 4233 qua
3283 4143 3511 4233 agitur
3555 4142 3638 4211 de
3668 4143 3877 4215 bene·

2335 4255 2490 4326 ficio
2530 4257 2601 4326 in
2649 4253 2977 4324 descensu
3021 4252 3090 4321 in
3122 4251 3501 4344 ,Egyptum
3541 4250 3870 4324 exhibito.

2334 4367 2536 4437 Dicto
2572 4365 2756 4435 enim
2784 4364 2868 4435 de
2889 4362 3367 4457 provocatione
3397 4363 3481 4432 ad
3503 4362 3878 4449 desertum,

2333 4473 2587 4545 scilicet
2619 4470 3005 4542 inductione
3025 4469 3249 4549 lamis,
3282 4478 3346 4538 et
3378 4469 3720 4564 descripto
3751 4473 3876 4541 mi·

2334 4581 2552 4650 nistre
2599 4577 3060 4671 protectionis,
3118 4575 3226 4645 bic
3282 4576 3690 4647 describitur
3737 4589 3880 4649 ter-

2335 4692 2536 4770 tium,
2566 4686 2820 4758 scilicet
2847 4685 3081 4779 populi
3119 4685 3472 4756 descensio
3515 4686 3584 4756 in
3615 4688 3880 4781 ,Egyp-

2334 4812 2480 4873 tum
2530 4824 2547 4870 ε
2588 4808 2654 4875 et
2684 4805 3054 4892 tanguntur
3089 4797 3250 4867 duo.
3287 4798 3547 4878 Primo,
3590 4799 3880 4870 descen-

2332 4937 2450 4984 sus
2500 4913 2571 4981 in
2600 4920 2849 4981 terram
2878 4908 3185 5002 AEgypti.
3214 4907 3558 4990 Secundo,
3601 4934 3881 5001 posses-

2332 5020 2436 5091 sio
2465 5029 2691 5104 terrae,
2751 5026 2817 5087 et
2862 5016 3124 5087 cultura
3169 5016 3351 5087 illius
3402 5026 3558 5108 post
3594 5018 3883 5089 descen·

2331 5149 2514 5207 sum,
2555 5125 2677 5211 ibi,
2719 5150 2754 5192 ι
2785 5122 3134 5197 EtJaeob.
3179 5151 3213 5187 n

2418 5238 2537 5307 Ait
2583 5259 2748 5331 ergo
2781 5258 2799 5308 ι
2836 5235 2949 5306 Sic
2995 5237 3179 5304 venit
3216 5235 3456 5321 fames,
3509 5246 3576 5305 et
3621 5237 3877 5333 Josepb

2330 5343 2690 5415 antecessit
2741 5366 2758 5413 ε
2817 5350 2883 5413 et
2945 5350 3106 5409 tunc
3160 5341 3440 5410 intravit
3510 5340 3724 5412 Jacob
3809 5347 3880 5413 in

2330 5457 2744 5551 AEgyptum,
2777 5478 2915 5524 nou
2951 5451 3164 5536 solus,
3197 5450 3318 5519 sed
3356 5475 3514 5522 cum
3555 5456 3877 5524 omnibus

2332 5570 2495 5637 suis.
2560 5567 2806 5637 Geucs.
2851 5587 3025 5642 xcvi,
3069 5564 3109 5627 6
3169 5565 3301 5631 et'i
3351 5588 3366 5633 ε
3421 5566 3606 5632 l'cne't
3659 5565 3875 5634 Jacob

2342 5682 2412 5749 in
2439 5683 2834 5771 AEqyptum
2864 5696 3016 5744 cnm
3047 5675 3237 5742 omm'
3259 5677 3514 5743 semine
3536 5698 3687 5753 suo,
3729 5677 3883 5767 filii
