5008 6329
711 254 791 321 36
1701 259 1786 325 D.
1838 259 2039 325 ALB.
2093 258 2311 325 MAG.
2364 258 2572 326 ORD.
2620 262 2920 328 -PRAED.

705 424 742 489 4
786 448 800 492 :
849 426 1461 518 Complicabuntur
1494 432 1674 496 sicut
1705 428 1880 494 liber
1956 428 2129 495 coeli.
2178 427 2255 493 In
2362 428 2628 496 hiscum
2698 434 3020 499 remansit
3091 433 3175 500 ad
3246 431 3680 499 nutriendum
3746 452 3896 510 n05‚

702 529 805 600 his
869 545 1093 602 autem
1160 537 1404 602 altiora
1470 543 1631 601 sunt
1695 533 1831 601 duo
1909 533 2256 601 charitatis
2361 535 2616 603 scilicet
2669 538 2735 602 in
2792 548 3210 605 sacramento
3260 538 3509 605 altaris,
3575 537 3666 601 111
3727 538 3894 626 Reg.

701 650 1048 730 praeccpta.
1085 640 1320 706 Matth.
1358 663 1527 718 xxn,
1564 641 1650 708 40
1687 642 1812 708 :In
1840 642 1949 708 his
1987 643 2255 715 duobus
2358 669 2501 722 vm,
2545 647 2622 712 12
2659 668 2673 713 :
2716 649 3055 713 Dominus
3085 648 3262 714 dixit
3302 658 3377 714 ut
3426 645 3767 713 habitaret
3826 647 3898 711 in

700 748 1043 813 mandatis
1074 747 1388 812 universa
1431 746 1545 813 lex
1566 748 1842 838 pendet,
1877 759 1941 816 et
1962 751 2255 840 prophe·
2355 752 2637 819 nebula.
2683 752 2883 820 Eccli.
2929 775 3110 831 xuu,
3154 755 3236 817 24
3298 776 3314 818 ε
3365 753 3709 820 Medicina
3748 773 3898 816 om-

702 866 807 920 tae.
841 853 924 918 Et
954 851 1097 918 haee
1133 855 1484 942 superiora
1512 858 1709 946 aquis
1741 865 2088 947 teguntur,
2122 859 2251 923 sei·
2355 859 2551 923 nium
2583 861 2653 924 in
2681 860 3119 947 festinatione
3154 857 3437 924 nebulae.
3485 858 3560 924 In
3593 856 3770 924 nube
3802 879 3897 923 re·

697 960 851 1025 licet
918 957 1171 1047 Spiritu
1229 970 1491 1042 sancto,
1556 965 1675 1053 qui
1731 963 1979 1031 dicitur
2042 985 2246 1052 aqua,
2356 963 2549 1031 dibit.
2629 963 2788 1031 Luc.
2867 988 3005 1041 xxi,
3087 966 3166 1031 2'1'
3241 985 3255 1031 ε
3330 966 3510 1031 Tunc
3575 963 3897 1029 videbunt

695 1066 894 1135 Joan.
937 1091 1054 1150 vu,
1098 1069 1182 1136 38
1239 1077 1309 1137 et
1346 1071 1430 1137 39
1485 1092 1500 1136 :
1543 1072 1682 1154 Qui
1725 1070 1940 1136 eredit
1995 1072 2067 1135 in
2116 1092 2245 1148 me,
2350 1068 2587 1155 filium
2624 1070 2920 1136 nominis
2973 1074 3338 1136 venientem
3398 1071 3466 1135 in
3523 1067 3700 1135 nube
3741 1091 3895 1135 cum

697 1174 872 1240 sicut
901 1175 1066 1242 dicit
1101 1177 1495 1265 Scriptura,
1543 1176 1850 1264 flumina
1896 1176 1979 1242 de
2024 1186 2252 1244 ventre
2344 1186 2682 1266 potestate
2718 1200 2999 1267 mayna‚
3041 1188 3105 1244 et
3133 1177 3516 1265 majestate.

695 1283 848 1370 ejus
880 1283 1102 1370 fluent
1129 1305 1328 1371 aquae
1363 1284 1553 1348 vivae.
1598 1284 1746 1349 Hoc
1795 1292 2027 1350 autom
2066 1284 2248 1351 dixit

695 1391 778 1458 de
804 1391 1094 1481 Spiritu,
1139 1411 1340 1479 quem
1370 1393 1720 1480 accepturi
1755 1402 1951 1459 erant
1979 1392 2247 1460 creden-

694 1507 789 1563 tes
817 1497 888 1562 in
917 1517 1097 1564 eum.

783 1735 814 1771 α
854 1707 989 1792 Qui
1021 1708 1226 1798 ponis
1269 1707 1544 1775 nubem.
1583 1732 1618 1773 ι
1659 1706 1791 1775 flio
1836 1705 2237 1779 secundum,

692 1814 762 1880 in
792 1836 927 1903 quo
949 1812 1238 1881 ostendit
1260 1812 1386 1879 Dei
1416 1812 2000 1903 magnificentiam
2032 1831 2244 1899 quan-

694 1927 834 1985 tum
872 1918 956 1985 ad
994 1919 1241 1986 coelum
1271 1941 1528 1986 aereum
1567 1941 1691 2009 per
1719 1917 1857 1985 duo
1898 1940 2049 2006 quae
2091 1927 2245 1984 tan-

688 2027 808 2114 git,
852 2047 999 2117 quae
1034 2026 1219 2093 Deus
1266 2026 1339 2092 in
1387 2024 1506 2093 illo
1544 2025 1729 2093 facit.
1780 2024 2015 2092 Nubes
2070 2046 2244 2092 eon-

687 2142 944 2223 gregat.
978 2134 1045 2200 in
1085 2133 1332 2223 quibus
1362 2133 1571 2201 etiam
1600 2132 1931 2211 ascendit,
1964 2140 2032 2200 et
2068 2153 2245 2199 ven-

689 2250 793 2308 tos
856 2249 1058 2322 creat,
1129 2243 1376 2333 quibus
1439 2241 1748 2310 velocius
1815 2242 2048 2320 currit,
2118 2242 2237 2320 ibi,

690 2375 722 2414 ι
761 2350 895 2435 Qui
922 2347 1266 2418 ambulas,
1316 2377 1347 2412 α

780 2458 952 2526 Dicit
977 2481 1138 2549 ergo
1173 2480 1190 2525 :
1229 2457 1343 2526 Sic
1372 2457 1780 2550 magnificus
1801 2481 1873 2528 es
1904 2458 1975 2526 in
2005 2457 2243 2526 firma-

686 2575 940 2648 mento,
983 2566 1151 2635 coelo
1190 2567 1449 2636 seilicet
1485 2566 1777 2646 sidereo,
1813 2576 1881 2636 et
1921 2566 2243 2658 magnifi-

685 2696 827 2752 cus,
869 2699 904 2739 ι
944 2674 1091 2763 qui,
1131 2701 1167 2738 υ
1202 2674 1270 2741 id
1316 2683 1442 2755 est,
1496 2675 1659 2765 quia
1685 2683 1764 2742 tu
1809 2699 1844 2739 ι
1887 2673 2165 2751 nubem,
2204 2698 2237 2738 ι

688 2803 889 2870 quam
912 2781 1073 2848 iacis
1103 2782 1172 2847 in
1202 2804 1387 2865 aere,
1418 2790 1489 2849 et
1515 2803 1925 2871 congregas.
1953 2807 1988 2847 ι
2013 2804 2247 2849 ascen-

702 2889 833 2964 dis.
886 2917 918 2949 ι»
951 2889 1022 2955 iu
1061 2897 1174 2955 tua
1214 2888 1640 2967 ascensione,
1680 2909 1845 2957 vero
1882 2886 1969 2955 ab
1998 2889 2239 2956 intimo

690 2993 903 3062 nubes
937 2994 1190 3063 elevas.
1219 2994 1478 3063 Jerem.
1512 3017 1584 3075 x,
1632 2994 1715 3062 13
1757 3015 1774 3062 :
1827 2993 2080 3063 Elevat
2116 3016 2236 3063 ne·

690 3099 887 3169 butas
915 3101 1001 3170 ab
1030 3100 1585 3170 extremitatibus
1630 3109 1853 3172 terrae.
1907 3098 2006 3169 111
2065 3099 2236 3191 Reg.

687 3229 875 3287 xvm,
916 3209 999 3275 44
1033 3231 1049 3275 ε
1084 3210 1257 3277 Ecce
1282 3206 1630 3277 nubecula
1659 3230 1888 3300 parva
1916 3207 2242 3276 ascende-

690 3313 803 3380 bat
838 3315 922 3381 de
948 3316 1150 3382 mari.
1186 3313 1270 3381 Et
1297 3315 1369 3382 in
1408 3313 1591 3384 nube
1628 3312 1957 3396 ascendit,
1991 3314 2145 3383 Act.
2187 3335 2235 3393 1,

686 3427 726 3489 9
761 3444 778 3489 :
817 3420 1045 3490 Nubes
1103 3422 1399 3513 suscepit
1456 3444 1613 3490 eum
1687 3420 1778 3489 ab
1843 3419 2065 3489 oculis
2137 3442 2235 3488 eo-

689 3550 865 3595 rum.

343 3654 576 3702 oontnu
614 3652 662 3697 ι-
775 3633 859 3702 Et
889 3643 1070 3714 nota.
1104 3634 1289 3724 quod
1339 3632 1679 3703 Dominus
1716 3633 1790 3701 in
1829 3631 2012 3703 nube
2050 3632 2241 3702 venit

346 3706 661 3812 ’m‘
690 3742 774 3810 ad
817 3765 968 3819 nos,
1018 3764 1223 3832 quam
1262 3741 1569 3811 aseendit
1594 3740 1931 3811 mundum
1969 3742 2241 3831 ingres-

689 3872 910 3933 surus,
942 3849 1193 3917 seilicet
1216 3871 1493 3917 carnem
1522 3870 1747 3918 suam.
1786 3845 1923 3928 lea,
1953 3869 2096 3927 nx,
2144 3849 2173 3915 1
2215 3869 2233 3916 z

686 3957 1007 4026 Ascendet
1041 3958 1382 4025 Dominus
1431 3978 1642 4049 super
1691 3953 1944 4024 nubem
1995 3955 2232 4037 levem,

682 4063 745 4135 e’t
774 4065 1193 4158 inqredietur
1218 4068 1645 4157 Aigyptum.
1680 4063 1762 4133 ln
1790 4064 2030 4134 eadem
2055 4064 2236 4133 nube

680 4182 1120 4242 conversatus
1156 4180 1261 4240 est
1300 4173 1477 4240 inter
1513 4193 1667 4241 nos.
1699 4170 1922 4241 Exod.
1972 4194 2114 4249 xiv,
2153 4172 2234 4238 19

683 4289 748 4348 et
773 4282 887 4361 2⁰,
928 4277 1246 4348 columna
1289 4279 1472 4371 ignis
1515 4286 1584 4347 et
1640 4276 1845 4348 nubis
1882 4286 2031 4348 erat
2075 4300 2233 4348 eum

683 4384 837 4454 filiis
872 4382 1103 4465 lsrael,
1160 4384 1348 4476 ipsos
1407 4391 1774 4475 protegens
1841 4390 1910 4451 et
1961 4403 2229 4474 regens.

684 4491 759 4559 ln
788 4490 965 4560 nube
1001 4490 1168 4560 abiit
1194 4514 1237 4561 a
1286 4489 1515 4575 nobis,
1547 4490 1726 4558 sicut
1750 4490 1903 4580 jam
1944 4488 2229 4560 dictum.

679 4598 789 4682 Et,
818 4597 1097 4666 Numer.
1133 4621 1205 4679 x,
1238 4598 1325 4667 34
1359 4619 1380 4666 ε
1421 4594 1656 4668 Nubes
1699 4596 1995 4667 Domini
2025 4619 2236 4688 super

678 4730 787 4776 eos
812 4716 959 4774 erat
978 4728 1107 4797 per
1122 4707 1304 4777 diem
1322 4729 1481 4776 eum
1504 4702 1908 4774 itu-ederent.
1936 4702 2035 4772 lv
2056 4703 2228 4796 neg.

679 4838 751 4893 n,
789 4816 893 4896 11,
925 4812 1109 4882 Elias
1136 4808 1442 4881 ascendit
1483 4810 1555 4878 in
1601 4806 1852 4878 coelum
1898 4808 1972 4877 in
2011 4807 2235 4877 turbi-

678 4943 788 5000 ne,
817 4918 951 4989 hoc
988 4928 1115 4999 est,
1148 4919 1220 4986 in
1250 4916 1456 4985 nubo.
1489 4914 1725 4985 Nubes
1764 4914 1965 4985 nobis
1995 4914 2234 4985 deser·

676 5027 870 5095 viunt
905 5024 994 5094 ad
1028 5021 1458 5114 irrigandum
1497 5020 1744 5102 n03‚de
1773 5020 2052 5113 quibus,
2092 5020 2226 5091 1⁸⁸.

679 5160 785 5217 u,
825 5138 866 5204 8
911 5156 928 5201 :
967 5134 1104 5218 Qui
1152 5141 1315 5201 sunt
1368 5132 1511 5213 isti,
1551 5130 1677 5223 qui
1733 5139 1810 5197 ut
1857 5128 2071 5198 nubes
2107 5152 2233 5198 vo-

680 5243 852 5326 lant,
886 5250 1014 5310 etc.
1044 5237 1182 5307 :7511
1208 5247 1335 5317 est,
1377 5233 1722 5329 Apostoli.
1754 5233 1836 5305 In
1874 5235 2055 5305 nube
2101 5258 2235 5304 no·

748 5509 766 5545 ¹
798 5507 883 5564 Cf.
914 5509 1125 5567 Genea.
1152 5522 1315 5572 xvm.
1345 5508 1371 5562 ¹
1406 5511 1468 5563 et
1495 5523 1627 5580 seq.

744 5597 768 5634 ¹
801 5597 1045 5665 ibidem,
1074 5614 1253 5667 xxxii,
1280 5598 1351 5651 24
1380 5602 1443 5652 et
1460 5613 1590 5668 seq.

2446 1420 2479 1454 «
2535 1392 2673 1474 Qui
2723 1390 3042 1457 ambulas
3094 1413 3297 1480 super
3339 1413 3605 1481 pennas
3660 1399 3894 1457 vento·-

2348 1497 2772 1566 rum.»Eece
2810 1496 3695 1576 secuudum.Quasidice1-et
3737 1518 3752 1564 ε
3783 1497 3897 1564 Sic

2346 1613 2419 1671 tu
2453 1627 2527 1672 es
2571 1631 2602 1666 α
2624 1605 2747 1694 qui
2774 1603 3095 1671 ambulas
3109 1627 3314 1696 super
3341 1615 3692 1671 ventorum
3718 1627 3900 1695 pen-

2346 1734 2496 1788 nas,
2537 1735 2570 1775 ι
2615 1710 2681 1778 id
2719 1720 2844 1795 est,
2881 1711 3178 1779 velocius
3225 1734 3431 1802 quam
3465 1710 3561 1777 illi
3615 1718 3889 1778 currant

2345 1824 2419 1884 tu
2458 1816 2672 1885 curris
2715 1840 2731 1884 ε
2783 1817 2960 1884 unde
2981 1816 3163 1908 quod
3192 1815 3357 1897 dixi,
3399 1840 3601 1906 supet·
3641 1817 3893 1885 nubem

2346 1923 2683 2000 ascendis,
2728 1946 2865 1990 non
2907 1934 3179 2014 propter
3227 1923 3668 2013 indigentiam
3700 1931 3890 1989 tumn

2347 2030 2480 2099 hoe
2546 2031 2713 2112 dixi,
2773 2031 2891 2098 sed
2955 2041 3229 2121 propter
3292 2029 3739 2121 prophetiam.
3814 2029 3890 2097 ln

2348 2138 2705 2214 l'sal.xvn,
2749 2140 2818 2204 11
2862 2159 2879 2207 :
2929 2139 3191 2206 Votavit
3225 2161 3431 2229 super
3451 2162 3712 2229 pennas
3741 2161 3894 2205 ven-

2346 2254 2601 2311 torum.
2645 2243 2731 2311 Et
2777 2244 2862 2310 ab
2918 2267 2998 2311 eo
3049 2254 3146 2312 est
3195 2244 3533 2311 discursus
3575 2243 3887 2324 nubium,

2350 2349 2530 2417 unde
2590 2349 2722 2418 inis
2788 2372 2923 2416 non
2962 2349 3240 2438 indiget.
3302 2349 3576 2416 Denter.
3648 2371 3886 2426 xxxin,

2348 2461 2473 2525 26:
2507 2457 3024 2547 Maynificentia
3047 2459 3200 2545 ejus
3229 2457 3621 2524 discurrunt
3652 2455 3886 2534 nubes,

2347 2588 2552 2643 verm,
2596 2573 2661 2632 et
2698 2564 3042 2644 litterales,
3084 2574 3147 2633 et
3178 2563 3582 2656 spirituales

2438 2918 2472 2953 α
2522 2891 2659 2974 Qui
2682 2890 2862 2980 lacis
2893 2887 3212 2979 Anyelos.
3252 2914 3284 2952 n
3329 2884 3453 2954 llio
3482 2885 3881 2966 secundum,

2345 2993 2603 3061 scilicet
2642 2993 2757 3061 iun
2786 3015 2940 3083 pars
3004 2992 3072 3059 in
3113 3014 3246 3082 qua
3278 2999 3692 3059 monstratur
3738 3013 3884 3058 nm·

2344 3103 2638 3192 guiticus
2665 3109 2738 3171 et
2764 3099 3236 3191 magnificatus
3284 3099 3357 3167 in
3394 3099 3885 3191 superioribus,

2346 3217 2681 3299 quantum
2719 3208 2805 3277 ad
2855 3216 3194 3277 creaturas
3252 3205 3684 3275 rationabiles
3745 3229 3760 3274 :
3823 3215 3891 3275 et

2345 3313 2665 3380 dicuntur
2702 3311 2861 3381 duo.
2921 3310 3173 3389 Prinne,
3217 3310 3401 3403 quod
3441 3310 3589 3378 illas
3628 3309 3712 3379 ad
3757 3310 3893 3377 mi-

2347 3420 2773 3490 nistrandum
2821 3418 3113 3489 ordinat.
3161 3417 3502 3503 Secundo,
3545 3419 3728 3510 quod
3760 3419 3891 3486 mi·

2342 3526 2709 3595 nisti-antes
2737 3549 2970 3594 amore
3001 3527 3107 3593 sui
3137 3524 3581 3594 nihilominus
3628 3524 3893 3593 innam-

2344 3642 2513 3713 mat.
2546 3633 2667 3716 ibi,
2711 3662 2744 3699 ι
2771 3636 2867 3702 ΕΙ
2905 3634 3274 3703 ministro&
3324 3661 3356 3699 n

2434 3742 2612 3812 Dicit
2651 3767 2815 3834 ergo
2860 3767 2876 3811 :
2922 3743 3032 3812 Sic
3085 3744 3554 3834 magnificatus
3592 3767 3689 3821 es,
3732 3743 3892 3837 quia

2343 3847 2473 3917 hoc
2504 3849 2669 3917 facis
2696 3850 2768 3917 in
2797 3847 2984 3917 coelis
3019 3871 3036 3916 ε
3068 3858 3133 3916 et
3168 3876 3199 3912 α
3233 3850 3378 3939 qni,
3412 3879 3443 3909 ι
3477 3849 3542 3917 id
3571 3858 3694 3927 est,
3731 3848 3893 3941 quia

2344 3965 2418 4023 tu
2459 3981 2494 4021 ι
2546 3956 2729 4046 sacis
2765 3955 3063 4047 Anqelos
3098 3965 3276 4035 tuos,
3329 3982 3362 4016 ιο
3406 3954 3470 4022 id
3531 3966 3656 4034 est.
3709 3979 3892 4024 uun-

2343 4063 2475 4130 tios
2504 4071 2660 4131 tuos
2687 4061 3016 4152 (Angelus
3063 4060 3247 4130 enim
3295 4070 3397 4129 est
3439 4085 3690 4131 nomen
3730 4062 3891 4130 ossi·
3939 4082 4106 4148 unq-u
4128 4093 4212 4129 a·

2341 4170 2453 4251 cii,
2498 4191 2637 4238 non
2666 4173 2948 4256 natus-w)⁸
2994 4196 3025 4231 α
3058 4170 3369 4261 spiritns,
3407 4195 3439 4233 n
3475 4168 3540 4235 id
3567 4177 3689 4245 est.
3724 4167 3887 4237 sub·
3915 4144 4222 4292 :rna-“2⁸:213

2339 4279 2625 4347 stantius
2662 4277 3070 4369 spirituales.
3113 4302 3226 4346 ens
3271 4276 3597 4345 mittendo
3627 4277 3712 4345 ud
3752 4278 3890 4345 mi-

2340 4383 2767 4453 nistrandum
2810 4385 2932 4452 eis.
2984 4383 3090 4453 Ad
3130 4383 3336 4453 ltebr.
3381 4406 3427 4466 ι,
3477 4384 3553 4451 Η
3589 4402 3606 4453 :
3647 4384 3890 4453 Nonne

2339 4511 2573 4559 omnes
2612 4499 2778 4559 sunt
2830 4487 3410 4558 administratorii
3441 4489 3753 4581 spiritus,
3814 4489 3886 4557 in

2340 4596 2798 4666 ministerium
2829 4597 3023 4665 missi
3059 4604 3338 4687 propter
3374 4620 3484 4664 eos
3510 4596 3636 4689 qui
3666 4596 3889 4666 laaere·

2339 4702 2627 4772 dilatem
2674 4705 2946 4797 capient
2988 4704 3244 4773 salutis
3277 4704 3319 4772 :²
3379 4702 3888 4774 Nuntius-erunt

2336 4808 2635 4879 Abrahoe
2666 4808 3088 4880 voluntatem
3120 4809 3240 4879 Dei
3272 4809 3354 4878 de
3396 4810 3702 4878 sodoma
3729 4810 3890 4878 sub·

2337 4917 2692 4996 vertenda.
2741 4926 2806 4985 et
2841 4915 3026 4985 Isaac
3062 4918 3447 4985 nascituro·
3492 4939 3510 4984 ε
3563 4923 3630 4984 et
3670 4915 3887 4985 Jacob

2339 5021 2551 5093 locuti
2581 5034 2789 5092 sunt*
2829 5044 2847 5094 ε
2890 5034 2957 5093 et
3004 5022 3287 5117 Moysen
3314 5022 3577 5114 delego
3610 5022 3732 5093 nei
3781 5024 3888 5092 in·

2338 5139 2732 5201 struxerunt
2769 5149 2794 5185 ⁸
2853 5142 2969 5201 :et
3035 5131 3279 5200 Manue
3327 5129 3536 5200 locuti
3590 5141 3749 5199 suut
3802 5130 3888 5200 de

2342 5237 2483 5307 mio
2531 5240 2901 5320 nascituro,
2937 5238 3265 5307 Sanisene
3292 5236 3545 5306 scilicet
3573 5258 3594 5293 ι
3642 5259 3658 5305 :
3707 5245 3775 5307 et
3815 5237 3888 5306 in

2407 5505 2433 5543 ⁸
2461 5504 2645 5563 Exod.
2676 5520 2820 5571 ιω,
2844 5503 2868 5557 1
2902 5507 3106 5575 etseq.

2408 5593 2434 5630 ⁴
2456 5594 2756 5665 iudicum,
2787 5608 2908 5659 xm.
2938 5597 2972 5649 9
3002 5599 3062 5649 et
3090 5609 3215 5666 seq.
