5008 6329
682 279 804 346 192

935 467 1006 520 et
1051 466 1158 532 tu,
1189 437 1558 518 Jordanis,
1607 434 1778 528 quia
1827 454 2218 504 conversus

936 581 1011 628 es
1044 547 1489 625 retrorsum?

714 671 780 739 6.
826 667 1137 740 Montes,
1196 651 1608 726 exsultastis
1666 650 1851 721 sicut
1900 649 2156 718 arietes
2185 650 2217 714 ‘2

933 787 1028 854 et,
1070 766 1315 843 colles,
1360 761 1550 832 sicut
1596 758 1762 853 agni
1793 756 2083 827 ovium?

715 908 780 973 7.
830 882 898 949 A
944 875 1118 946 facie
1161 870 1459 944 Domini
1505 885 1705 941 mota
1744 883 1852 936 est
1896 883 2106 941 terra,
2173 882 2213 929 a

930 983 1103 1054 facie
1138 980 1269 1051 Dei
1299 978 1524 1050 Jacob
1561 999 1577 1047 ε

710 1098 776 1167 8.
829 1093 975 1185 Qui
1034 1088 1390 1162 convertit
1455 1101 1736 1177 petram
1801 1082 1871 1147 in
1961 1095 2212 1168 stagna

928 1221 1307 1294 aquarum,
1374 1213 1444 1266 et
1508 1210 1766 1283 rupem
1825 1187 1898 1256 in
1973 1187 2210 1254 fontes

928 1327 1308 1403 aquarum.

717 1550 776 1595 1.
829 1519 1036 1592 NON
1099 1511 1437 1600 NOBIS,
1496 1509 1932 1590 DOMINE‚
1987 1506 2204 1579 NON

927 1621 1232 1696 NOBIS
1271 1646 1285 1690 :
1322 1622 1450 1692 sed
1484 1618 1763 1690 nomini
1794 1635 1921 1688 tuo
1943 1616 2032 1684 da
2062 1615 2210 1706 glo-

924 1735 1130 1815 riam,

708 1870 772 1918 2.
828 1844 1061 1938 Super
1115 1836 1618 1913 misericordia
1666 1853 1789 1906 tua
1838 1851 1907 1904 et
1945 1832 2210 1902 verita-

924 1972 993 2023 te
1023 1970 1186 2021 tua:
1223 1945 1614 2039 nequando
1637 1943 1880 2015 dicant
1910 1958 2202 2035 gentes:

929 2057 1072 2133 Ubi
1109 2073 1217 2126 est
1259 2056 1462 2125 Deus
1518 2052 1817 2122 eorum?

709 2173 775 2241 3.
823 2171 1018 2238 Deus
1093 2180 1339 2234 autem
1413 2175 1661 2230 noster
1754 2157 1829 2227 in
1906 2155 2091 2226 coelo
2183 2174 2201 2224 ε

923 2272 1167 2346 omnia
1209 2288 1694 2363 quaecumque
1742 2263 1972 2335 voluit
2010 2262 2200 2332 fecit.

701 2407 769 2474 4.
825 2381 1226 2457 Simulacra
1302 2374 1633 2470 gentium
1700 2389 2079 2463 argentum
2134 2385 2206 2438 et

922 2506 1208 2563 aurum,
1260 2502 1482 2574 opera
1543 2497 1901 2550 manuum
1968 2474 2204 2545 homi·

921 2614 1098 2665 num
1136 2590 1183 2660 ¹.

705 2711 773 2781 5.
825 2703 932 2777 Os
989 2700 1283 2783 habent,
1346 2713 1417 2767 et
1476 2717 1621 2768 non
1687 2692 2128 2787 loquentur¹
2180 2714 2197 2759 ε

921 2809 1172 2881 oculos
1204 2804 1500 2887 habent,
1533 2820 1604 2873 et
1635 2824 1782 2872 non
1825 2799 2197 2870 videbunt.

699 2924 768 2993 6.
815 2921 1049 2990 Aures
1108 2914 1405 2993 habent,
1467 2928 1538 2982 et
1592 2932 1735 2980 non
1821 2907 2118 2979 audient
2179 2927 2197 2977 ε

918 3046 1126 3097 nares
1155 3020 1452 3105 habent,
1485 3034 1554 3089 et
1584 3040 1731 3088 non
1762 3016 2194 3087 odorabunt.

696 3162 762 3232 7.
813 3137 1074 3208 Manus
1108 3129 1403 3210 habent,
1446 3144 1516 3199 et
1556 3147 1701 3197 nou
1745 3124 2192 3220 palpabunt:

913 3241 1131 3337 pedes
1190 3236 1486 3317 habent,
1554 3251 1625 3305 et
1682 3256 1828 3306 non
1870 3231 2194 3303 ambula·

909 3349 1089 3419 bunt
1132 3369 1149 3415 ε
1185 3365 1332 3415 non
1366 3341 1786 3414 clamabunt
1823 3338 1897 3410 in
1945 3354 2198 3432 guttu-

909 3478 982 3529 re
1032 3477 1189 3526 SUO.

986 3891 1079 3960 ΙΝ
1127 3886 1572 3959 PsALMUM
1621 3885 1842 3956 cxln

1142 4125 1674 4174 conuenturum

1129 4454 1167 4493 α
1207 4423 1533 4499 Alleluia
1560 4427 1607 4497 ⁸.
1659 4450 1695 4493 ι

729 4777 764 4819 ι
793 4753 878 4821 In
930 4749 1122 4819 exilu
1167 4745 1397 4816 Israel
1434 4743 1521 4814 de
1581 4746 1925 4837 AEqyplo.
1976 4769 2009 4803 n
2055 4740 2188 4809 llic

639 4867 740 4932 eet
769 4856 1082 4928 Psalmus
1136 4852 1554 4925 centesimus
1594 4850 1903 4921 decimus
1946 4849 2188 4917 tertius

711 5108 731 5147 ¹
761 5105 942 5176 Infra,
967 5119 1190 5175 cxxxiv,
1224 5104 1312 5159 ¹5.

711 5196 737 5234 ’
765 5194 1027 5269 sapient.
1047 5210 1140 5263 xv,
1165 5195 1255 5249 15.

710 5283 1091 5353 ’Bar-uehat,
1128 5284 1216 5339 Π.

708 5371 735 5409 ⁴
763 5373 921 5430 Dans
949 5372 1037 5429 les
1058 5371 1340 5445 Septente
1381 5372 1443 5426 et
1492 5366 1550 5424 la
1599 5364 1867 5442 vulgate,
1898 5363 2050 5421 dens
2095 5361 2185 5420 les

639 5463 903 5522 versione
958 5460 1264 5535 syriaque,
1316 5456 1706 5531 ethiopienne
1738 5461 1800 5514 et
1861 5452 2066 5524 arabe,
2125 5457 2188 5511 et

641 5553 835 5613 meme
860 5552 1011 5610 dans
1038 5567 1120 5609 un
1148 5549 1378 5607 certain
1410 5546 1660 5605 nombre
1701 5547 1777 5604 de
1823 5542 2188 5603 manuscrits

643 5644 926 5716 hebr-eux,
971 5641 1061 5700 les
1087 5641 1245 5699 deux
1288 5654 1573 5714 psaumes
1617 5636 1785 5696 cxlv
1813 5641 1875 5693 et
1916 5636 2062 5693 CXV
2102 5633 2184 5692 du

1546 264 1631 331 D.
1687 261 1884 331 ALB.
1938 258 2154 327 MAG.
2209 256 2416 327 ORD.
2469 257 2769 328 PRAED.

2374 433 2443 503 8.
2500 429 2794 503 Similes
2844 432 2988 503 illis
3046 435 3218 504 fiant
3263 435 3391 526 qui
3449 435 3719 506 faciunt
3766 458 3872 520 ea,

2599 558 2668 610 et
2717 562 2970 610 ornnes
3022 541 3146 632 qui
3186 542 3559 611 confidunt
3609 543 3683 612 in
3742 544 3867 613 eis,

2374 670 2443 738 9.
2502 648 2781 717 Domus
2815 648 3035 718 Israel
3066 648 3377 741 speravit
3407 647 3479 716 in
3507 647 3822 734 Domino
3851 672 3865 717 ε

2597 756 2883 846 adjutor
2936 777 3188 827 eorum
3232 773 3301 824 et
3349 771 3709 846 protector
3758 779 3873 825 eo-

2597 886 2758 934 rum
2799 884 2930 935 est.

2338 993 2443 1038 10.
2500 971 2779 1040 Domus
2836 976 3080 1043 Aaron
3130 973 3441 1066 speravit
3491 972 3561 1042 in
3618 973 3869 1044 Domi-

2592 1099 2687 1147 no
2730 1099 2747 1148 :
2783 1078 3069 1169 adjutor
3112 1102 3361 1150 eorum
3402 1098 3472 1150 et
3508 1099 3871 1172 protector

2593 1207 2844 1256 eorum
2877 1205 3010 1258 est.

2333 1318 2438 1363 11.
2492 1293 2645 1384 Qui
2669 1293 2927 1366 timent
2970 1295 3369 1366 Dominum
3399 1317 3869 1389 speraverunt

2593 1401 2664 1471 in
2722 1401 3037 1473 Domino
3089 1422 3106 1472 t
3162 1403 3447 1492 adjutor
3491 1426 3743 1474 eorum
3800 1424 3869 1476 et

2586 1530 2950 1603 protector
2989 1535 3241 1583 eorum
3272 1531 3401 1583 est.

2330 1645 2353 1689 1
2372 1642 2436 1688 2.
2495 1619 2855 1689 Dominus
2884 1642 3165 1691 memor
3194 1620 3330 1690 fuit
3363 1621 3620 1707 nostri,
3651 1640 3723 1693 et
3752 1624 3870 1694 be-

2589 1726 2861 1798 nedixit
2903 1728 3138 1797 nobis.

2500 1833 2875 1905 Benedixit
2933 1835 3184 1905 domui
3239 1837 3456 1906 Israel
3514 1861 3530 1906 :
3578 1837 3870 1907 benedi-

2586 1940 2687 2011 xit
2719 1940 2970 2012 domui
3008 1943 3280 2014 Aaron.

2328 2052 2435 2120 13.
2495 2049 2869 2121 Benedixit
2916 2051 3260 2121 omnibus
3292 2051 3415 2145 qui
3441 2052 3701 2124 timent
3727 2057 3870 2125 Do-

2587 2156 2898 2244 minum,
2923 2158 3209 2250 pusillis
3237 2181 3405 2229 cum
3436 2160 3862 2250 maioribus.

2327 2285 2434 2352 14.
2487 2261 2801 2353 Adiiciat
2855 2265 3213 2335 Dominus
3260 2288 3478 2360 super
3526 2289 3682 2351 vos,
3737 2292 3869 2339 su-

2587 2391 2713 2463 per
2751 2393 2879 2442 vos
2901 2389 2972 2442 et
3001 2393 3219 2465 super
3248 2373 3435 2444 filios
3464 2394 3768 2447 vestros.

2328 2485 2434 2552 15.
2494 2477 2862 2550 Benedicti
2901 2502 3033 2550 vos
3071 2502 3111 2549 a
3158 2481 3496 2566 Domino,
3530 2483 3656 2575 qui
3699 2484 3866 2556 fecit

2583 2587 2851 2658 coelum
2872 2605 2942 2657 et
2962 2604 3253 2658 terram.

2326 2696 2434 2765 16.
2487 2690 2778 2764 Coelum
2818 2691 2997 2793 coeli·
3020 2692 3332 2764 Domino
3365 2716 3383 2762 ε
3419 2713 3684 2768 terram
3725 2720 3861 2769 au-

2583 2817 2729 2870 tem
2766 2798 2966 2870 dedit
3014 2798 3180 2870 filiis
3229 2801 3634 2901 hominum.

2321 2933 2430 3000 ¹7·
2483 2906 2655 2979 Non
2694 2906 2965 2978 mortui
3015 2907 3414 2981 laudabunt
3445 2928 3538 2992 te,
3602 2912 3863 2983 Domi-

2584 3037 2673 3085 ne
2701 3034 2725 3071 ⁸
2766 3037 2784 3084 :
2831 3037 3064 3110 neque
3094 3037 3351 3087 omnes
3391 3016 3517 3110 qui
3557 3019 3855 3091 descen·

2582 3122 2767 3194 dunt
2808 3121 2879 3193 in
2915 3120 3308 3195 infernum.

2322 3231 2426 3302 18.
2481 3228 2628 3303 Sed
2672 3252 2803 3301 nos
2825 3231 2949 3324 qui
2984 3230 3323 3313 vivimus,
3359 3233 3856 3307 benedicimus

2579 3337 2924 3422 Domino,
2966 3361 3049 3409 ex
3081 3338 3215 3411 hoc
3246 3363 3464 3428 nunc,
3508 3359 3580 3413 et
3622 3364 3855 3436 usque

2577 3444 2651 3515 in
2685 3445 3061 3517 saeculum.

2296 3769 2368 3836 in
2424 3776 2571 3837 toto
2625 3765 2827 3854 libro,
2878 3767 3184 3839 decimus
3233 3771 3471 3841 tertius
3536 3775 3607 3842 in
3645 3775 3842 3845 tertia
3868 3780 4192 3892 nawen

2294 3881 2486 3966 parte
2542 3873 2724 3955 libri,
2774 3876 2847 3944 in
2911 3898 3048 3969 quo
3099 3880 3241 3970 agit
3304 3878 3386 3948 de
3439 3878 3642 3948 laude
3714 3880 3842 3951 Dei
3868 3887 4193 3991 &Qffi

2295 4003 2421 4073 pro
2495 3982 2943 4052 conversione
3020 3983 3437 4056 Judaeorum.
3525 3986 3613 4056 Et
3684 3990 3845 4080 quia
3910 3995 4149 4044 domm·

2297 4087 2575 4158 illorum
2614 4091 2971 4160 conversio
3027 4100 3130 4162 est
3183 4091 3459 4185 duplex,
3501 4093 3635 4164 alia
3697 4118 3844 4188 par·

2299 4197 2603 4267 ticuluris
2649 4199 2969 4269 inchoata
3019 4202 3088 4269 in
3141 4201 3490 4293 primitiva
3543 4202 3846 4275 Ecclesia

2299 4313 2366 4375 et
2394 4327 2614 4399 usque
2642 4328 2828 4376 nunc
2851 4308 3274 4391 continuata,
3329 4308 3466 4379 eliu
3493 4333 3658 4380 vero
3696 4313 3848 4381 uni-

2295 4410 2581 4482 versalis
2609 4412 2681 4482 in
2720 4413 2854 4483 fine
2910 4414 3148 4484 mundi
3203 4415 3451 4498 fienda,
3484 4427 3728 4510 agetur
3762 4418 3844 4488 de

2297 4525 2614 4613 utraque,
2644 4521 3017 4615 praepoeito
3054 4520 3255 4593 titulo
3310 4525 3477 4594 satie
3504 4527 3839 4618 exposito,

2296 4626 2554 4698 scilicet
2587 4653 2622 4695 ι
2653 4628 2995 4700 Alleluia.
3023 4657 3058 4694 »ι

2383 4845 2472 4916 Et
2496 4843 2826 4917 dividitur
2888 4847 3204 4917 psalmus
3259 4848 3332 4918 iu
3386 4847 3557 4919 duee
3618 4862 3846 4944 partes

2293 5101 2452 5155 texte
2475 5096 2674 5156 actuel
2702 5098 2778 5156 de
2808 5097 2867 5157 la
2896 5097 3063 5159 Bible
3108 5099 3435 5177 hebr-alque
3464 5106 3607 5160 sont
3643 5104 3847 5164 renuis
3891 5115 3905 5134 ·

2292 5202 2370 5245 en
2399 5203 2482 5245 un
2527 5187 2680 5246 seul.
2732 5188 2809 5247 Le
2857 5190 3124 5265 premier
3160 5191 3269 5249 des
3311 5191 3467 5249 deux
3523 5208 3844 5255 monceaux

2293 5277 2536 5336 celebre
2586 5278 2644 5337 la
2697 5280 3018 5353 puissance
3056 5281 3132 5340 de
3185 5281 3352 5355 Dieu,
3412 5280 3555 5342 telle
3606 5290 3847 5344 eurtout

2292 5367 2514 5442 qu’elle
2543 5384 2609 5426 se
2653 5370 2971 5429 manifesta
3002 5371 3155 5428 dane
3194 5369 3284 5430 les
3310 5372 3655 5432 merveillee
3681 5375 3756 5433 de
3787 5376 3845 5433 la

2295 5458 2479 5516 sortia
2510 5457 2836 5534 d'Egypte3
2895 5460 2951 5518 le
2984 5460 3206 5519 second
3244 5461 3428 5521 invite
3465 5462 3782 5522 l’lsruelite
3808 5465 3845 5522 a

2291 5555 2608 5623 rapporter
2638 5555 2799 5609 toute
2839 5549 3027 5626 gleire
3068 5551 3108 5610 a
3146 5552 3293 5610 Dieu
3342 5559 3403 5612 et
3445 5554 3483 5613 a
3521 5559 3737 5614 mettre
3767 5572 3842 5613 en

2291 5639 2378 5697 lui
2409 5657 2477 5697 aa
2506 5642 2843 5713 constance,
2873 5657 2949 5700 en
2979 5642 3310 5717 meprisant
3338 5644 3426 5702 les
3463 5643 3656 5702 idoles
3704 5661 3844 5703 sans
