5008 6329
706 312 833 376 442

799 508 831 548 c
865 483 1205 550 Dominus
1241 480 1570 548 retribuet
1593 504 1723 571 pro
1754 503 1882 548 me.
1924 507 1956 542 »
1989 478 2118 546 Hic
2148 500 2252 546 se-

1706 310 1791 375 D.
1848 310 2045 375 ALB.
2100 306 2319 373 MAG.
2373 308 2580 375 ORD.
2634 311 2927 379 PRAED.

2366 484 2592 550 Deum
2641 481 3005 549 retribuere
3067 480 3581 549 tribulationem
3642 484 3726 549 iis
3789 507 3909 574 qut

703 590 1023 670 cundum,
1084 589 1155 654 in
1223 611 1359 679 quo
1437 589 1734 658 ostendit
1808 589 2045 657 salutis
2101 612 2258 657 mo·
2367 613 2484 658 vos
2515 590 2880 658 tribulant.

700 696 887 775 dum,
922 695 1030 762 vel
1063 719 1301 764 causas
1331 705 1491 766 tres.
1530 697 1789 775 Prima,
1853 696 2061 763 debiti
2139 719 2257 764 so-

696 802 865 868 lutio
897 824 1019 890 pro
1059 825 1305 894 genere
1337 805 1665 872 humano.
1725 802 2064 879 Secunda,
2117 802 2254 867 mi-

695 909 1072 978 sericordiae
1137 913 1563 979 continuatio
1616 913 1685 975 in
1747 908 2245 991 conservandO,

695 1014 813 1091 ibi,
853 1041 886 1082 α
930 1019 1244 1097 Domine,
1288 1016 1762 1084 misericordia
1812 1027 1959 1083 tua.
1999 1043 2032 1079 ιο
2081 1015 2251 1083 Ter-

694 1125 810 1202 tia,
882 1124 1148 1192 dilectio
1226 1123 1311 1191 ad
1366 1131 1749 1193 creaturam
1816 1146 2036 1203 suam,
2124 1123 2247 1209 ibi,

700 1257 733 1295 ι
772 1231 993 1321 Opera
1022 1253 1384 1298 manuum.
1424 1257 1459 1294 »

786 1338 959 1405 Dicit
988 1361 1150 1429 ergo
1195 1361 1210 1405 :
1250 1338 1363 1409 Sic
1403 1340 1571 1418 dixi,
1610 1341 1795 1431 quod
1836 1341 2103 1408 salvum
2139 1362 2248 1407 me

692 1444 872 1524 fecit,
925 1447 1069 1533 jam
1128 1470 1246 1536 spe
1314 1447 1712 1515 certissima.
1827 1446 2250 1526 Quomodo?

693 1549 868 1629 Quia
909 1577 942 1615 ι
977 1555 1320 1620 Dominus
1350 1553 1678 1621 retribuet
1702 1576 1832 1644 pro
1863 1575 1993 1630 me,
2042 1579 2075 1619 ι)
2139 1552 2251 1620 de-

693 1659 908 1726 bitum
949 1658 1277 1727 solvendo
1308 1683 1693 1750 poenarum,
1740 1661 1825 1727 ad
1873 1683 2041 1751 quas
2109 1684 2248 1729 non

694 1767 982 1836 sufficio.
1021 1766 1177 1847 Job,
1248 1791 1343 1845 tx,
1379 1769 1419 1836 3
1467 1771 1670 1836 :Non
1723 1773 1978 1860 poterit
2033 1773 2096 1836 ei
2152 1794 2252 1837 re-

692 1875 1020 1964 spondere
1060 1899 1275 1942 unum
1301 1900 1431 1967 pro
1466 1879 1686 1943 mitte.
1751 1877 1956 1944 Mich.
2001 1903 2095 1960 vt,
2143 1881 2182 1945 6
2229 1903 2244 1946 :

697 1982 886 2067 Quid
919 1984 1208 2075 diqnum
1249 1988 1537 2074 offeram
1563 1990 1856 2053 Domino
1884 1986 1924 2051 f)
1951 1987 2248 2055 curvabo

686 2115 867 2183 qettu
898 2095 1038 2161 Deo
1077 2094 1365 2162 ezeelso.
1411 2095 1517 2162 Ad
1560 2095 1854 2165 Roman.
1898 2119 2041 2172 vm,
2106 2097 2241 2187 32:

690 2204 830 2270 Pro
861 2202 1056 2270 nobis
1093 2204 1414 2272 omnibus
1444 2205 1742 2272 tradidit
1793 2205 2027 2273 illum.
2084 2205 2110 2271 1
2163 2204 2249 2272 ad

691 2308 996 2376 Corinth.
1041 2333 1138 2393 v1,
1180 2312 1266 2377 20
1302 2336 1318 2377 :
1359 2294 1619 2402 ‘Empti
1667 2314 1851 2379 enim
1899 2316 2059 2380 estis
2097 2335 2253 2402 pre-

693 2419 788 2484 tio
838 2439 1113 2507 maqno.
1165 2419 1370 2489 Eccli.
1425 2442 1614 2496 xxix,
1683 2423 1768 2488 20
1822 2443 1838 2486 ε
1929 2422 2250 2490 Gratiam

689 2527 1123 2616 fidejussoris
1150 2553 1235 2597 ne
1270 2529 1706 2599 obliviscaris
1740 2554 1762 2597 .·
1815 2530 2005 2598 dedit
2065 2532 2250 2599 enim

683 2660 812 2726 pro
841 2647 906 2705 te
932 2640 1242 2706 animam
1271 2662 1474 2707 suam
1508 2664 1530 2707 .·
1561 2663 1702 2709 non
1736 2648 2011 2730 poteras
2052 2640 2253 2708 retri-

690 2745 920 2827 buere,
956 2745 1192 2835 etipse
1226 2745 1563 2814 retribuit.
1607 2746 1738 2815 Vel
1786 2750 1881 2815 sic
1929 2770 1945 2815 ε
1993 2771 2026 2812 c
2097 2748 2252 2815 Do-

691 2854 918 2919 minus
957 2852 1307 2921 retribuet.
1370 2881 1404 2915 n
1455 2851 1638 2921 Psal.
1696 2876 1861 2933 xxx,
1916 2855 2052 2920 24:
2119 2856 2251 2921 Do·

691 2959 920 3024 minus
958 2958 1283 3027 retribuet
1338 2959 1780 3028 abundanter
1829 2958 2249 3050 facientibus

688 3065 1106 3158 superbiam.
1153 3068 1235 3136 Et
1263 3067 1425 3151 hoc,
1463 3097 1497 3129 «ι
1519 3091 1657 3161 pro
1707 3091 1815 3136 me
1847 3092 1868 3136 .·
1908 3097 1940 3132 α
1969 3091 2111 3138 non
2142 3068 2251 3136 in-

691 3176 1064 3245 tromittam
1129 3200 1264 3246 me.
1334 3176 1444 3244 Ad
1508 3177 1806 3246 Roman.
1867 3200 1992 3258 xit,
2075 3179 2155 3246 17
2231 3195 2249 3246 ε

691 3284 897 3350 Nulli
925 3282 1192 3351 malum
1226 3307 1356 3375 pro
1388 3286 1579 3353 malo
1620 3285 2040 3354 reddentes¹.
2116 3283 2255 3351 Sed

691 3389 874 3458 Deus
904 3391 1160 3460 reddet.
1197 3390 1477 3460 Deuter.
1512 3415 1729 3470 xxxii,
1775 3394 1860 3461 33
1896 3416 1910 3458 :
1966 3395 2126 3461 Mea
2156 3401 2255 3459 est

696 3497 898 3582 ultio,
930 3507 994 3564 et
1031 3521 1152 3590 eqo
1182 3498 1563 3567 retribuam
1599 3501 1667 3566 in
1706 3510 2033 3591 tempore.
2069 3497 2133 3566 11
2165 3499 2251 3567 ad

691 3603 992 3678 Thessal.
1060 3626 1111 3691 t,
1171 3607 1215 3674 6
1275 3625 1293 3675 ε

1362 3608 1447 3676 Si
1502 3606 1790 3697 justum
1864 3617 1964 3674 est
2061 3605 2258 3698 apud

2455 834 2489 869 (ι
2549 810 2867 886 Domine,
2927 807 3392 873 misericordia
3459 814 3602 871 tua.
3652 832 3685 866 υ
3736 803 3907 871 Ecce

2361 914 2758 982 secundum.
2796 915 3002 994 Quasi
3033 915 3283 983 diceret
3323 938 3337 981 :
3387 913 3501 981 Sic
3565 913 3907 980 Dominus

2361 1022 2710 1103 retribuet,
2773 1046 2893 1091 nec
2947 1031 3223 1114 propter
3264 1021 3392 1089 hoc
3431 1020 3719 1090 cessabit
3760 1022 3907 1110 ejus

2360 1133 2848 1217 misericordia,
2883 1135 3020 1200 imo
3052 1155 3091 1199 o
3130 1141 3228 1215 tu,
3267 1157 3299 1196 α
3342 1132 3655 1208 Domine,
3698 1130 3909 1195 mise-

2359 1242 2662 1307 ricordia
2711 1251 2855 1309 tua.
2913 1268 2946 1302 »
2998 1241 3202 1308 Eccli.
3253 1263 3360 1318 x1.,
3421 1241 3496 1306 17
3569 1261 3583 1305 ε
3661 1239 3905 1306 Gratia

2356 1351 2536 1417 sicut
2565 1349 2939 1439 paradisus
2969 1350 3039 1415 in
3073 1346 3550 1430 benedictione,
3607 1356 3669 1412 et
3698 1346 3908 1412 mise-

2358 1457 2661 1524 ricordia
2701 1459 2769 1523 in
2796 1457 3123 1524 seeculum
3147 1465 3526 1547 permanet.

2457 1695 2489 1727 α
2561 1665 2782 1755 Opera
2847 1686 3207 1730 manuum.
3263 1688 3296 1727 to
3367 1663 3538 1731 Ecce
3596 1664 3896 1731 tertium.

2360 1776 2570 1856 Quasi
2628 1775 2922 1842 diceret:
2988 1773 3102 1842 Sic
3158 1773 3380 1840 solves
3446 1773 3778 1852 debitum,
3839 1781 3904 1840 et

2358 1883 2891 1952 misericordiam
2925 1880 3301 1963 exhibebis,
3347 1883 3616 1971 proprie
3654 1889 3842 1948 tuam
3880 1902 3895 1945 :

2360 2002 2450 2073 et,
2501 2016 2543 2062 o
2601 1994 2919 2071 Domine,
2991 2017 3024 2058 α
3093 2015 3297 2083 opera
3373 2013 3711 2058 manuum
3749 2000 3903 2057 tua-

2359 2124 2542 2187 rum,
2609 2126 2642 2166 »
2703 2123 2854 2191 quae
2912 2122 3040 2166 nos
3105 2121 3368 2176 sumuS,
3421 2123 3454 2161 ι
3532 2121 3616 2164 ne
3671 2097 3902 2187 despi-

2360 2211 2524 2288 cias,
2562 2236 2595 2269 »
2654 2208 2769 2275 sed
2812 2207 3051 2296 diligas
3109 2228 3401 2296 semper,
3435 2214 3502 2272 et
3570 2214 3899 2295 quantum

2361 2325 2462 2386 est
2514 2317 2583 2382 in
2631 2324 2696 2383 te
2743 2335 3170 2405 promoveas.
3220 2311 3349 2379 Isa.
3407 2335 3587 2390 thv,
3649 2313 3689 2377 8
3734 2334 3748 2376 ε
3815 2313 3907 2378 Et

2360 2448 2566 2503 nune,
2629 2424 2940 2500 Domine,
2980 2431 3184 2512 pater
3222 2430 3446 2488 noster
3489 2444 3557 2486 es
3616 2430 3716 2499 tu,
3786 2440 3909 2486 nos

2360 2555 2515 2600 vero
2549 2531 2775 2598 lutum
2816 2556 2839 2598 .·
2877 2539 2940 2597 et
2975 2530 3177 2617 fictor
3204 2538 3428 2594 noster
3451 2537 3553 2603 tu,
3597 2537 3662 2593 et
3699 2549 3905 2617 opera

2360 2659 2697 2706 manuum
2719 2648 2994 2705 tuarum
3022 2657 3250 2701 omnes
3276 2657 3422 2701 nos.
3456 2630 3638 2700 Psal.
3673 2654 3902 2712 cxvnt,

2361 2745 2447 2811 73
2491 2765 2508 2811 z
2552 2745 2804 2810 Manus
2843 2750 2974 2808 tuae
3035 2743 3339 2828 fecerunt
3409 2761 3539 2815 me,
3596 2747 3660 2804 et
3717 2737 3906 2828 plas-

2361 2858 2722 2919 mat-erunt
2775 2847 2947 2916 me¹.
2993 2847 3150 2914 llaec
3218 2867 3381 2936 ergo
3413 2867 3619 2935 opera
3650 2866 3741 2912 ne
3766 2844 3883 2911 de·

2358 2957 2630 3048 spicias,
2655 2958 2711 3024 si
2734 2957 2961 3045 jacent
3002 2956 3069 3021 in
3102 2953 3245 3021 luto
3288 2952 3645 3043 praesentis
3686 2953 3900 3018 mise-

2360 3066 2510 3149 riae,
2567 3063 2684 3132 sed
2721 3064 2939 3154 magis
2991 3061 3333 3129 dexteram
3387 3060 3683 3149 porrige.
3740 3057 3901 3136 Job,

2360 3195 2506 3258 xiv,
2543 3173 2624 3240 ¹5
2657 3192 2672 3237 ε
2712 3171 2917 3261 Operi
2962 3190 3293 3237 manuum
3359 3177 3641 3235 tuarum
3667 3166 3909 3258 porri-

2359 3304 2477 3373 qes
2508 3280 2882 3358 dexteram,
2911 3276 2994 3344 ad
3025 3273 3476 3365 eripiendum,
3512 3281 3576 3341 et
3607 3276 3677 3340 in
3707 3283 3909 3341 aeter-

2364 3410 2526 3455 nam
2588 3386 2877 3477 gloriam
2944 3381 3436 3461 deducendum,
3507 3382 3655 3470 ipso
3742 3401 3911 3469 prae-

2364 3503 2610 3572 stante,
2646 3492 2761 3583 qui
2793 3499 2890 3560 est
2923 3489 3269 3558 benedicta
3298 3487 3571 3557 dextera
3603 3495 3743 3566 tua,
3777 3495 3903 3555 etc.

1823 4046 2291 4123 PSALMUS
2323 4047 2800 4121 CXXXVIII.

1106 4355 1355 4443 Sciens
1400 4355 1628 4425 Deum
1668 4351 1857 4423 nihil
1888 4352 2142 4434 latere,
2182 4377 2387 4424 suam
2421 4354 2494 4425 in
2531 4378 2688 4426 eum
2720 4354 3056 4445 fiduciam
3085 4355 3509 4449 profitetur.

760 4697 817 4743 1.
874 4673 956 4743 In
989 4669 1235 4754 finem,
1282 4669 1623 4740 Psalmus
1658 4668 1921 4740 David.

885 4777 1219 4860 Domine,
1271 4777 1597 4871 probasti
1659 4800 1808 4858 me,
1860 4793 1929 4848 et
1990 4795 2270 4868 cogno-

967 4883 1135 4954 visti
1166 4906 1284 4955 me
1326 4907 1344 4954 ι

752 5015 819 5062 2.
869 4992 985 5062 Tu
1024 4990 1427 5084 cognovisti
1470 4988 1875 5060 sessionem
1908 5009 2148 5060 meam
2197 5006 2266 5058 et

975 5094 1579 5167 resurrectionem
1620 5116 1885 5164 meam.

707 5203 827 5273 -3.
885 5201 1306 5273 Intellexisti
1376 5201 1856 5296 cogitationes
1911 5222 2110 5271 meas
2175 5199 2264 5269 de

975 5309 1185 5403 longe
1220 5331 1237 5380 ε
1284 5314 1622 5381 semitam
1664 5330 1903 5378 meam
1934 5325 2005 5378 et
2065 5305 2266 5377 funi-

971 5418 1219 5489 culum
1270 5441 1517 5490 meum
1561 5416 2008 5510 investigasti
2044 5438 2061 5484 ε

784 5673 804 5709 ¹
834 5672 920 5729 Cl'.
955 5671 1003 5730 ll
1034 5669 1105 5727 ad
1138 5668 1406 5726 Corinth.
1441 5686 1558 5740 vm,
1588 5672 1676 5726 2¹.

2419 4690 2491 4757 4.
2548 4666 2642 4738 Et
2687 4690 2942 4739 omnes
3000 4666 3148 4738 vias
3221 4689 3419 4738 meas
3485 4663 3909 4757 praevidisti,

2645 4775 2813 4864 quia
2857 4796 2999 4845 non
3061 4790 3165 4844 est
3223 4795 3461 4846 sermo
3535 4771 3608 4844 in
3668 4772 3916 4867 lingua

2642 4905 2827 4954 mea.

2426 4996 2492 5063 5.
2550 4989 2761 5071 Ecce,
2810 4989 3140 5068 Domine,
3175 5006 3252 5059 tu
3299 4988 3701 5081 cognovisti
3756 5010 3922 5059 om-

2650 5097 2794 5176 nia,
2848 5094 3243 5166 novissima
3302 5112 3370 5165 et
3430 5094 3749 5187 antiqua.
3803 5095 3918 5164 Tu

2648 5202 2972 5275 formasti
3025 5225 3168 5282 me,
3219 5220 3289 5273 et
3346 5200 3652 5295 posuisti
3705 5223 3925 5294 super

2644 5333 2762 5382 me
2792 5333 3094 5382 manum
3128 5329 3353 5380 tuam.

2419 5422 2490 5492 6.
2541 5417 2900 5491 Mirabilis
2929 5416 3112 5488 facta
3168 5434 3273 5486 est
3313 5414 3612 5486 scicntia
3659 5433 3782 5487 tua
3832 5439 3918 5488 cx

2495 5666 2584 5725 Cf.
2612 5665 2741 5735 tob,
2773 5682 2832 5733 x,
2862 5662 2916 5719 8.
