5008 6329
396 1701 588 1771 1⁴5

359 4917 548 4987 146

719 320 846 387 322

713 491 1050 560 ferventer
1098 507 1328 553 orasse
1365 506 1489 573 pro
1532 482 1698 573 legis
1756 481 2099 549 intellectu
2148 504 2260 548 re·-

711 594 1065 689 quirendo.
1121 590 1461 669 Secundo,
1524 612 1648 679 pro
1697 586 2133 676 adimplendo
2186 587 2256 654 in

708 723 910 794 opere
952 698 1394 784 intellectum,
1450 697 1567 776 ibi,
1621 704 1687 772 5.
1737 695 1861 761 148
1925 716 1940 760 ε
2005 721 2037 755 «
2090 694 2256 761 Cla-

705 812 890 878 mavi
928 808 1024 876 ad
1058 819 1142 875 te.
1188 836 1219 870 υ

791 916 868 983 In
929 916 1152 1006 prima
1191 915 1338 981 tria.
1389 912 1644 989 Prim0,
1706 907 2066 976 confitetur
2094 931 2253 977 mo-

698 1025 861 1093 dum
921 1047 1056 1115 quo
1097 1023 1342 1101 oravit,
1404 1019 1563 1109 quia
1614 1041 1772 1086 cum
1829 1018 2125 1085 clamore
2184 1025 2249 1084 et

696 1135 917 1203 cordis
955 1132 1366 1220 integritate.
1416 1125 1756 1209 Secunde,
1801 1127 1962 1217 quid
2002 1148 2247 1194 orave-

695 1244 805 1319 rit,
843 1240 957 1317 ibi,
1000 1264 1033 1303 α
1065 1237 1358 1305 Exaudi
1396 1260 1523 1303 me.
1561 1262 1596 1298 n
1639 1236 1889 1318 Tertio,
1934 1233 2018 1301 ad
2050 1234 2238 1324 quid,

693 1347 814 1430 ibi,
851 1373 885 1412 α
916 1347 1455 1436 Justificationes
1479 1356 1659 1411 tuas.
1700 1370 1733 1405 ιι

777 1667 892 1733 Ait
932 1687 1092 1755 ergo
1127 1686 1142 1729 ε
1181 1663 1235 1730 Ο
1270 1661 1586 1736 Domine,
1630 1686 1665 1723 α
1706 1660 2028 1727 clamavi.
2076 1684 2109 1725 ιι
2156 1659 2234 1727 In

687 1773 817 1842 hoc
865 1773 1088 1841 fervor
1135 1769 1560 1859 intelligitur,
1610 1769 1725 1858 qui
1765 1767 1892 1835 fuit
1935 1767 2006 1833 in
2044 1765 2235 1858 Moy-

685 1903 757 1950 se
801 1882 847 1966 ¹,
890 1888 958 1948 et
994 1880 1063 1945 in
1113 1880 1317 1946 Anna
1362 1873 1411 1955 ¹,
1454 1883 1520 1944 et
1566 1876 1637 1941 in
1693 1873 2006 1942 Susanna
2046 1881 2094 1941 ⁸.
2145 1874 2230 1942 Et

683 1985 836 2064 hoc,
875 2012 910 2049 «
943 1987 1016 2052 in
1043 1984 1244 2052 corde
1282 2005 1453 2060 meo,
1492 2008 1526 2044 ιι
1560 2002 1701 2048 non
1731 1981 1801 2047 in
1832 1979 2055 2048 cordis
2083 2002 2232 2071 par·

678 2102 770 2178 te,
805 2095 977 2162 sicut
1011 2090 1369 2182 Josaphat,
1413 2089 1475 2157 11
1525 2086 1749 2156 Paral.
1792 2111 1910 2168 xx,
1945 2089 1984 2156 3
2042 2110 2057 2155 ε
2102 2090 2228 2156 Jo-

676 2203 928 2293 saplaeat
992 2210 1225 2268 autem
1301 2201 1544 2266 timore
1620 2196 2056 2288 perterritus,
2118 2204 2227 2262 to-

680 2317 824 2375 turn
852 2331 924 2375 se
949 2306 1243 2374 contulit
1272 2304 1367 2371 ad
1395 2303 1782 2393 roqandurn
1812 2303 2219 2385 Dominum,

675 2416 848 2483 sicut
869 2412 1132 2491 Daniel,
1168 2419 1235 2478 et
1253 2413 1383 2487 sui,
1421 2408 1686 2476 Daniel.
1722 2430 1818 2486 ιιι,
1848 2408 1926 2473 41
1977 2429 1993 2473 ε
2023 2408 2223 2476 Nunc

671 2523 1026 2615 sequimur
1053 2531 1119 2587 te
1147 2521 1217 2585 in
1248 2529 1387 2586 toto
1417 2517 1650 2585 corde:
1682 2525 1745 2584 et
1782 2518 2099 2584 timemus
2129 2524 2213 2595 te,

675 2640 738 2698 et
766 2629 1140 2721 quaerimus
1165 2626 1420 2715 faciem
1461 2633 1680 2692 tuam.

768 2871 797 2906 «ι
823 2842 1115 2912 Exaudi
1143 2864 1272 2908 me.
1321 2866 1354 2905 ιι
1398 2840 1528 2908 llic
1564 2840 1962 2907 secundum.
2004 2838 2214 2919 Quasi

661 2951 968 3019 diceret:
1045 2946 1160 3016 Sic
1199 2947 1421 3016 clamo
1484 2969 1500 3014 :
1563 2954 1630 3015 et
1683 2943 1816 3015 hoc
1859 2945 2108 3028 clamo,
2171 2969 2212 3015 o

673 3085 702 3121 c«
746 3057 1055 3135 Domine,
1106 3053 1364 3122 exaudi
1401 3075 1585 3121 me.»
1619 3050 1888 3120 Daniel.
1932 3075 2026 3130 ix,
2067 3055 2143 3120 17
2190 3075 2207 3121 ε

654 3162 968 3243 Exaudi,
991 3166 1176 3231 Deus
1204 3172 1453 3239 noster,
1470 3161 1847 3230 orationem
1869 3161 2050 3229 servi
2079 3163 2205 3230 tui.

652 3275 872 3352 Jonae,
906 3295 979 3353 ιι,
1044 3273 1084 3339 3
1149 3294 1165 3339 :
1239 3270 1562 3340 Clamavi
1619 3269 1704 3337 de
1757 3269 2208 3340 tribulatione

654 3403 806 3448 mea
832 3379 930 3446 ad
953 3379 1360 3457 Dominum,
1393 3387 1457 3445 et
1495 3376 1853 3445 exaudivit
1891 3399 2018 3444 me.

741 3622 777 3661 a
815 3595 1383 3685 Justificationes.
1419 3619 1454 3661 ι
1487 3594 1660 3664 Ecce
1688 3597 1990 3664 tertium.
2026 3595 2205 3676 Qua,

648 3705 706 3773 si
737 3704 987 3773 diceret
1029 3726 1046 3771 ε
1084 3701 1200 3771 Sic
1240 3706 1475 3795 rogavi
1523 3713 1599 3770 ut
1636 3703 2018 3772 exaudires.
2066 3704 2201 3773 Sed

651 3812 737 3881 ad
770 3811 933 3904 quid
983 3811 1087 3878 vis
1129 3812 1496 3879 exaudiri?
1531 3811 1638 3879 Ad
1688 3809 1843 3894 hoc,
1894 3820 1969 3880 ut
2013 3838 2047 3875 ιι
2092 3835 2202 3880 re-

646 3922 948 4014 quiram,
1011 3943 1046 3985 »
1116 3941 1419 4010 quaeram
1477 3917 1758 3999 scilicet,
1815 3925 1883 3986 et
1948 3920 2195 3988 iterum

646 4051 976 4122 quaeram,
1046 4057 1083 4093 ι
1130 4026 1674 4117 justificationes
1720 4035 1901 4094 tuas.
1964 4050 1999 4092 ι
2060 4025 2189 4095 lsa.

641 4159 785 4215 xxi,
826 4139 904 4204 12
947 4157 964 4204 :
1015 4137 1099 4205 Si
1133 4135 1470 4226 quaeritis,
1509 4134 1814 4226 querite.
1861 4131 1921 4200 ΙΙ
1963 4133 2186 4207 l’aral.

643 4267 880 4325 xxxw,
933 4245 973 4313 3
1027 4266 1045 4312 τ
1093 4244 1270 4314 Cum
1319 4243 1548 4311 adhuc
1601 4252 1768 4311 esset
1815 4265 2022 4336 puer,
2060 4242 2192 4314 Jo-

640 4352 776 4420 sias
802 4349 1079 4430 scilicet,
1122 4350 1325 4442 caepit
1359 4371 1660 4440 querere
1702 4350 1926 4417 Deum
1963 4350 2190 4442 patris

637 4458 753 4527 sui
788 4457 1045 4543 David,
1089 4457 1157 4525 id
1204 4466 1331 4535 est,
1382 4456 1705 4524 mandata
1740 4464 1809 4525 et
1851 4466 2189 4550 praecepta

640 4565 813 4654 ejus,
856 4585 1009 4655 quae
1039 4561 1560 4654 justificationes
1589 4560 1715 4630 Dei
1742 4569 1925 4632 sunt.

734 4910 771 4952 a
818 4883 1138 4955 Clamavi
1181 4882 1280 4949 ad
1313 4892 1378 4950 te
1416 4902 1445 4951 .·
1489 4879 1767 4948 salvum
1812 4902 1920 4948 me
1956 4881 2097 4970 sac.
2144 4904 2179 4946 ι

641 4994 769 5063 llic
796 4991 1094 5061 secundo
1123 4988 1488 5060 confitetur
1519 5010 1593 5056 se
1621 4986 1961 5056 ferventer
1987 5008 2184 5055 oras-

633 5124 731 5179 se,
767 5123 888 5190 pro
918 5096 1264 5190 implendo
1295 5093 1479 5186 quod
1508 5093 1707 5162 fuerit
1736 5091 2175 5163 intellectum.

632 5207 958 5300 Impletur
994 5213 1227 5274 autem
1264 5201 1567 5274 cavendo
1607 5200 1894 5286 malum,
1936 5209 2005 5270 et
2048 5198 2181 5269 hoc

630 5315 992 5385 confitetur
1034 5314 1260 5404 primo
1304 5332 1378 5380 se
1426 5308 1713 5378 firmiter
1748 5329 2025 5400 rogasse
2058 5331 2075 5377 ε
2110 5315 2180 5378 et

697 5604 719 5642 ¹
747 5599 834 5660 Cf.
863 5589 1043 5653 Exod.
1074 5604 1189 5657 xlv,
1230 5589 1319 5643 15.

695 5691 721 5732 s
757 5693 782 5752 1
811 5689 952 5760 neg.
983 5695 1023 5750 ι.
1067 5679 1134 5735 10
1162 5678 1225 5733 et
1250 5689 1378 5748 seq.

1688 309 1770 377 D.
1825 310 2021 378 ALB.
2078 311 2293 378 MAG.
2347 312 2554 381 ORD.
2609 312 2903 380 PRAED.

2363 481 2671 550 faciendo
2728 482 3015 561 bonum,
3069 490 3135 550 et
3188 482 3319 552 hoc
3376 484 3737 552 confitetur
3802 505 3917 551 se·-

2362 588 2611 671 cundo,
2646 588 2762 673 ibi,
2801 615 2835 654 α
2886 592 2972 657 Ut
3000 590 3404 656 custodiam.
3446 614 3477 652 »

2449 697 2565 763 Ait
2600 720 2763 787 ergo
2809 719 2823 763 :
2863 697 2976 764 Sic
3015 697 3303 764 clamavi
3345 705 3419 765 ut
3457 697 3574 764 des
3614 698 3907 787 gratiam

2356 806 2742 894 requirendi
2777 828 2792 871 ε
2835 813 2902 872 et
2939 806 3169 884 etiam,
3218 829 3258 873 o
3309 806 3626 886 Domine,
3679 832 3714 869 α
3756 807 3909 874 cla-

2357 913 2545 976 mavi
2572 911 2668 977 ad
2704 922 2788 990 te,
2833 940 2863 972 n
2913 911 3178 1001 supple,
3224 934 3360 979 non
3391 913 3477 979 ad
3526 912 3765 990 alium,
3793 913 3906 980 di·-

2353 1039 2513 1083 cens
2557 1042 2571 1083 :
2635 1042 2668 1081 α
2722 1019 3016 1087 Salvum
3056 1042 3162 1087 me
3194 1021 3336 1108 sac,
3380 1047 3411 1079 »
3469 1041 3509 1085 a
3558 1018 3742 1085 malo
3791 1042 3901 1087 me

2350 1123 2846 1207 conservand0,
2917 1146 3057 1192 non
3124 1134 3385 1193 tantum
3465 1148 3709 1214 poenae,
3778 1127 3898 1194 sed

2347 1231 2552 1297 etiam
2599 1232 2837 1321 culpae.
2897 1231 3140 1302 Matth.
3201 1256 3340 1311 xiv,
3385 1234 3467 1300 30
3512 1255 3528 1300 :
3592 1235 3686 1300 Et
3742 1256 3898 1301 cum

2344 1339 2648 1428 coepisset
2676 1340 2915 1428 merqi,
2951 1339 3280 1407 clamavit
3325 1340 3551 1406 dicens
3581 1362 3603 1406 .·
3647 1342 3898 1408 Domi-

2342 1468 2446 1521 ne,
2489 1446 2765 1513 salvum
2817 1468 2925 1513 me
2986 1449 3126 1537 sac.
3173 1445 3501 1525 Quamvis
3553 1448 3735 1515 enim
3777 1449 3892 1538 ju-

2341 1553 2777 1622 stificationes
2834 1556 3283 1645 requisierim‚
3345 1563 3412 1622 et
3449 1555 3599 1623 illas
3648 1555 3894 1624 intelli·

2338 1683 2524 1749 gam,
2581 1672 2810 1730 tamen
2859 1661 3194 1754 superbus
3248 1686 3427 1743 sum,
3479 1665 3536 1729 si
3588 1686 3711 1753 per
3756 1662 3888 1732 hoc

2337 1765 2586 1835 salvari
2634 1790 2744 1836 me
2792 1769 3107 1837 dixerim.
3152 1768 3519 1860 Gregorius
3584 1792 3599 1838 :
3656 1797 3690 1833 α
3752 1768 3885 1848 Qui

2339 1898 2372 1937 α
2407 1895 2492 1940 ex
2522 1876 2827 1959 scientia,
2863 1897 3069 1965 quam
3098 1872 3326 1952 habet,
3359 1876 3667 1967 erigitur,
3704 1876 3882 1944 unde

2338 2008 2372 2047 α
2406 1981 2605 2052 debet
2634 1985 2830 2074 erigi,
2854 1993 3255 2053 excaecatur.
3279 2010 3307 2044 n
3352 1984 3481 2052 isa.
3518 2007 3703 2064 mu,
3746 1987 3816 2051 11
3858 2008 3874 2053 ε

2331 2092 2484 2180 qu
2531 2092 2892 2173 Dominus,
2933 2102 2999 2161 et
3025 2116 3159 2161 non
3190 2104 3285 2160 est
3314 2092 3568 2184 absque
3586 2116 3697 2161 me
3722 2094 3883 2163 Sal·

2332 2208 2551 2264 vator.

2426 2333 2457 2366 α
2494 2306 2585 2373 Ut
2609 2306 3016 2384 custodiam,
3084 2331 3116 2372 »
3160 2330 3361 2398 opere
3408 2307 3871 2398 adimplendo,

2331 2440 2363 2473 «
2424 2412 2758 2480 mandata
2814 2422 2961 2492 tua,
3036 2443 3067 2474 ι»
3133 2415 3292 2504 quia
3346 2416 3442 2483 sic
3508 2415 3872 2485 mandasti.

2326 2518 2508 2586 Psal.
2551 2542 2776 2599 ωιιίιι,
2821 2521 2888 2601 4,
2931 2544 3136 2611 supra
3183 2520 3423 2590 eodem
3459 2545 3474 2589 τ
3520 2525 3620 2591 Tu
3669 2545 3875 2590 man-

2324 2626 2510 2694 dasti
2536 2627 2869 2695 mandata
2899 2637 3022 2695 tua
3050 2628 3381 2695 custodiri
3409 2630 3638 2697 nimis.

2410 2973 2445 3008 α
2488 2947 2799 3014 Praeveni
2826 2948 2898 3015 in
2935 2950 3357 3017 maturitate.
3393 2974 3427 3013 ι
3460 2949 3585 3018 llic
3614 2973 3866 3019 secun-

2319 3051 2405 3120 da
2443 3075 2598 3143 pars
2634 3054 2844 3122 totius
2891 3057 3247 3124 octonarii.
3285 3055 3653 3148 Postquam
3677 3062 3862 3126 enim

2317 3160 2668 3231 confessus
2706 3173 2807 3231 est
2845 3187 3077 3234 orasse
3108 3189 3179 3233 se
3218 3166 3556 3235 ferventer
3581 3192 3707 3260 pro
3762 3170 3863 3237 in·

2315 3268 2692 3360 telligentia
2722 3270 2890 3360 legis
2927 3281 2991 3339 et
3034 3272 3453 3364 impletione,
3499 3273 3609 3343 hic
3657 3277 3868 3344 conti-

2314 3385 2494 3444 tetur
2532 3399 2761 3445 orasse
2792 3401 2864 3446 se
2896 3378 3224 3447 instanter
3252 3389 3314 3447 vt
3362 3379 3673 3449 sollicite.
3710 3380 3863 3449 Duo

2314 3505 2476 3577 ergo
2525 3485 2860 3556 dicuntur.
2922 3486 3182 3562 Primo.
3242 3489 3535 3557 ostendit
3582 3491 3649 3557 in
3709 3515 3861 3559 ora-

2312 3592 2494 3660 tione
2543 3592 2746 3661 fuisse
2803 3594 3220 3670 instantiam,
3281 3617 3436 3663 cum
3507 3597 3653 3686 ipso
3717 3596 3861 3664 cla-

2311 3699 2604 3767 more-de
2626 3722 2763 3789 quo
2794 3722 3025 3790 supra,
3051 3723 3170 3767 seu
3192 3700 3479 3770 fervore.
3508 3703 3852 3781 SecundO,

2306 3805 2758 3896 vigilantiam,
2834 3813 2904 3874 et
2956 3806 3661 3897 circumspectionem,
3731 3810 3852 3894 ibi,

2302 3917 2367 3987 5.
2411 3911 2536 3978 148
2570 3933 2586 3977 ε
2631 3937 2667 3976 ι
2702 3913 3184 3980 l'raevenerunt
3219 3913 3407 3981 oculi
3434 3916 3592 3983 mei.
3638 3939 3673 3981 ι

2395 4015 2471 4084 In
2501 4019 2722 4108 prima
2758 4017 2921 4086 duo.
2966 4017 3227 4097 Primo,
3260 4023 3562 4111 tangitur
3594 4024 3854 4092 orantis

2301 4124 2645 4193 instantia.
2700 4123 3045 4205 Secundo,
3088 4129 3421 4197 instantiae
3460 4152 3692 4213 causa,
3728 4131 3847 4212 ibi,

2300 4258 2336 4297 a
2382 4234 2566 4318 Quia
2594 4235 2664 4301 in
2698 4233 2902 4302 verba
2927 4244 3076 4303 tua.
3122 4262 3156 4301 ι

2383 4339 2567 4408 Dicit
2594 4361 2756 4431 ergo
2794 4337 2963 4410 :Sic
3000 4342 3189 4409 oravi
3220 4342 3555 4421 ardenter,
3598 4354 3665 4412 et
3704 4344 3851 4415 cla-

2296 4447 2578 4530 maud0,
2611 4457 2676 4517 et
2703 4449 2910 4517 etiam
2952 4475 2988 4514 α
3032 4454 3333 4542 pra-veni
3360 4453 3431 4520 in
3470 4455 3850 4521 maturita-

2293 4562 2383 4633 te,
2420 4579 2454 4618 ι
2486 4551 2619 4623 hoc
2650 4563 2776 4635 est,
2818 4556 2979 4635 cito,
3021 4564 3086 4625 et
3126 4557 3207 4626 de
3239 4569 3433 4628 nocte
3470 4583 3486 4628 :
3530 4590 3563 4623 α
3601 4570 3667 4630 et
3693 4562 3849 4631 cla-

2293 4665 2483 4732 mavi
2515 4691 2549 4728 »
2584 4666 2653 4734 in
2691 4667 3025 4736 oratione.
3065 4667 3312 4737 Thi-en.
3348 4692 3421 4748 ιι,
3472 4672 3552 4739 19
3596 4694 3613 4740 :
3659 4673 3847 4742 Con-

2289 4794 2520 4863 surqe,
2542 4773 2759 4842 lauda
2779 4774 2852 4842 in
2880 4784 3073 4844 nocte
3100 4777 3169 4844 in
3193 4778 3538 4870 principio
3567 4780 3846 4870 viqilia-

2290 4901 2474 4948 rum.
2513 4878 2700 4949 Sicut
2728 4879 2971 4959 Jacob,
3006 4881 3249 4950 Genes.
3285 4907 3498 4967 xxxii,
3534 4888 3619 4954 24
3663 4910 3680 4956 ε
3732 4890 3844 4957 Vir

2295 4987 2693 5056 luctabatur
2750 5011 2907 5057 cum
2962 5013 3039 5057 eo
3097 5012 3308 5083 usque
3360 5017 3583 5063 mane.
3649 4996 3842 5064 Sicut

2290 5093 2638 5176 Ezechias,
2670 5099 2785 5188 qui
2826 5095 3119 5182 dicebat,
3176 5097 3304 5167 Isa.
3353 5123 3639 5181 xxxvm,
3681 5103 3760 5169 14
3813 5124 3833 5171 ε

2287 5202 2487 5272 Sicut
2506 5204 2756 5295 pullus
2791 5204 3190 5274 hirundinis
3214 5207 3312 5274 sic
3338 5207 3685 5280 clamabo.
3722 5208 3837 5281 Sic

2288 5310 2470 5379 enim
2511 5319 2804 5402 oportet.
2841 5309 3148 5403 Sapient.
3181 5334 3323 5392 xvi,
3375 5315 3462 5382 28
3496 5336 3512 5383 ε
3552 5317 3835 5410 Oportet

2351 5576 2376 5614 ⁸
2408 5576 2640 5636 Daniel.
2674 5583 2803 5648 xm,-
2826 5576 2918 5637 ⁴2.

3957 2979 4143 3048 1⁴7
