5008 6329
1930 495 2635 566 COMMENTARIUS
2683 498 2779 564 IN
2827 499 3272 573 PSALMUM
3323 509 3520 577 CXL.
4223 513 4355 581 467

1132 662 1294 729 Luc.
1332 685 1521 747 xwii,
1563 666 1591 731 1
1635 687 1649 732 :
1690 667 1969 756 Oportet
2023 690 2281 758 semper
2334 688 2553 742 orare,
2617 675 2679 730 et
2880 694 2914 734 a
2945 674 3240 741 Exaudi
3277 700 3405 756 me,
3438 705 3470 744 »
3500 680 3678 747 bona
3709 685 3881 750 ratio
3910 683 4138 750 :audit
4165 685 4350 748 enim

1018 800 1027 809 ·
1131 792 1267 836 non
1296 770 1599 858 deficere.
1647 772 1709 840 11
1749 773 1832 840 ad
1868 773 2169 841 Thessal.
2212 796 2280 849 V,
2331 773 2406 837 17
2454 793 2467 835 :
2514 772 2678 839 Sine
2786 774 2966 843 Deus
3023 778 3316 851 libenter
3374 787 3743 854 clamorem
3805 791 4344 880 conquestioniS,

826 899 1063 955 prophet·
1133 881 1628 949 intermissione
1701 893 1911 950 orate.
2000 882 2128 948 Hic
2228 881 2434 970 igitur
2509 883 2676 969 petit
2782 881 2861 950 de
2887 887 3250 973 qu0,Joel,
3279 914 3323 971 1,
3357 894 3434 958 19
3462 914 3475 957 ε
3504 894 3617 959 Ad
3632 903 3715 970 te,
3744 898 4060 973 Domine,
4089 896 4350 964 clama-

780 951 1104 1051 iii’gun‘v'ieffiuii
1130 988 1314 1075 quod
1338 990 1650 1078 superius
1708 988 1922 1078 petiit,
1993 985 2243 1052 scilicet
2298 986 2568 1053 liberari
2635 1010 2672 1053 a
2781 988 2886 1070 bo,
2922 995 3090 1082 quia
3134 997 3313 1085 iqnis
3377 999 3669 1064 comedit
3730 1003 4033 1090 speciosa
4074 1002 4343 1069 deserti.

777 1059 1088 1212 εἶθ’ἔυοῖῗζ
1127 1095 1576 1184 praesentibus
1641 1095 1927 1161 miseriis
2002 1092 2204 1180 hujus
2278 1094 2537 1174 mundi,
2598 1103 2672 1162 ut
2777 1099 2858 1166 Et
2888 1101 3259 1171 clamorem
3295 1109 3739 1187 necessitatis,
3778 1134 3915 1200 quo
3957 1111 4348 1180 clamabant

951 1180 993 1216 ¹⁵⁹
1124 1207 1337 1294 possit
1377 1205 1625 1272 divinis
1655 1202 1969 1269 laudibus
1999 1202 2273 1270 liberius
2310 1225 2574 1270 vacare.
2773 1204 2892 1271 filii
2933 1207 3166 1286 lsrael,
3205 1210 3423 1281 Exod.
3457 1237 3554 1296 111,
3609 1216 3646 1279 Ἰ
3687 1238 3702 1282 :
3788 1218 3942 1283 Vidi
4000 1219 4347 1306 afflictio-

2771 1335 2922 1378 nem
2960 1317 3217 1405 populi
3253 1322 3389 1386 mei
3448 1322 3518 1386 in
3572 1324 3917 1413 AEqypto,
3954 1336 4019 1392 et
4085 1324 4345 1391 clamo-

1201 1422 1577 1511 Praeposito
1609 1442 1770 1508 ergo
1812 1419 2011 1487 titulo
2042 1421 2389 1488 communi
2420 1428 2486 1487 et
2514 1419 2664 1508 pla·
2769 1437 2911 1481 rem
2975 1417 3156 1506 esne,
3220 1422 3381 1509 quia
3440 1423 3607 1490 dura
3655 1427 4061 1494 necessitate
4112 1429 4344 1516 oppri-

1105 1552 1220 1608 κιο,
1255 1538 1331 1596 ut
1358 1537 1569 1619 patet,
1606 1554 1640 1591 α
1687 1529 2014 1595 Psalmus
2041 1526 2294 1604 David,
2334 1551 2365 1589 ι
2402 1550 2661 1616 suppo·
2770 1522 3081 1590 mebatur
3119 1527 3187 1593 in
3218 1527 3548 1619 AEgypto,
3584 1533 3852 1600 audivi.
3921 1532 4057 1601 Sed
4107 1534 4336 1602 liben-

1100 1638 1285 1703 nitur
1334 1635 1651 1702 Psalmus
1682 1636 1752 1702 in
1784 1635 1951 1703 duas
1993 1643 2215 1724 partes
2262 1633 2543 1700 divisus.
2579 1634 2656 1700 ln
2764 1629 2898 1695 tius
2926 1630 3126 1699 valde
3170 1633 3539 1703 clamorem
3592 1637 4004 1717 devotioniS,
4056 1640 4136 1707 de
4196 1663 4333 1730 quo

776 3478 1056 3583 ἥρωῶιείη

1096 1746 1322 1835 prima
1351 1743 1536 1810 enim
1597 1743 1846 1810 excitat
1901 1741 2232 1829 judicem.
2306 1739 2651 1818 SecundO,

1094 1852 1389 1919 excitato
1421 1850 1682 1938 judice,
1717 1848 2039 1938 explanat
2078 1847 2239 1937 quid
2270 1856 2476 1937 petat,
2533 1847 2648 1925 ibi,

1089 1965 1153 2034 ᾗ.
1194 1959 1232 2025 3
1272 1979 1286 2023 :
1333 1984 1367 2018 «
1404 1957 1620 2037 Pone,
1655 1955 1974 2032 Domine,
2028 1953 2433 2020 custodiam.
2482 1980 2515 2014 »ι

1181 2065 1258 2131 ln
1301 2064 1524 2153 prima
1550 2065 1681 2129 tria
1709 2062 2052 2130 dicuntur.
2080 2061 2337 2139 Prim0,
2384 2062 2550 2151 petit
2578 2069 2652 2128 ut

1089 2172 1324 2240 audiat
1352 2172 1762 2240 orationem.
1810 2169 2153 2250 Secunde,
2198 2169 2378 2259 quod
2437 2191 2648 2236 exau-

1088 2280 1350 2349 diendae
1427 2280 1755 2360 attendat,
1834 2279 1953 2358 ibi,
2027 2303 2059 2344 α
2153 2278 2434 2345 Intende
2500 2278 2647 2344 voci

1088 2412 1272 2458 mese.
1313 2388 1627 2469 »Terti0,
1670 2397 1744 2455 ut
1799 2396 2143 2477 acceptam
2185 2385 2430 2455 habeat
2488 2393 2641 2476 post

1084 2498 1559 2572 attentionem,
1598 2495 1715 2572 ihi,
1765 2503 1829 2573 5.
1874 2499 1912 2562 2
1966 2522 1998 2560 ι
2052 2496 2422 2583 Diriqatur
2477 2516 2636 2562 ora·

1087 2608 1212 2676 tio.
1251 2633 1284 2666 ¹>

1170 2717 1246 2783 In
1280 2716 1499 2806 prima
1539 2715 1675 2782 duo
1722 2714 2063 2783 dicuntur.
2148 2714 2401 2796 Primo,
2458 2737 2632 2804 prae-

1078 2824 1288 2891 mittit
1328 2825 1690 2900 rationem,
1727 2844 1932 2913 quare
1964 2821 2206 2890 debeat
2232 2822 2475 2889 audiri.
2514 2819 2636 2889 Se-

1075 2931 1324 3010 cundo,
1367 2932 1555 3000 addit
1585 2932 2121 3012 exsecutionem,
2157 2929 2273 3012 ibi,
2312 2956 2345 2996 α
2388 2932 2630 2998 Exau-

1079 3039 1155 3107 di
1192 3063 1322 3109 me.
1371 3066 1404 3106 s

1173 3363 1353 3431 Dicit
1379 3386 1544 3453 ergo
1581 3384 1596 3430 ε
1645 3389 1677 3429 α
1720 3366 2041 3442 Domine,
2072 3363 2395 3441 clamavi,
2432 3388 2464 3428 ι
2490 3372 2629 3431 tam

1083 3470 1200 3538 diu
1240 3479 1365 3548 est,
1400 3492 1542 3538 non
1574 3470 1779 3538 modo
1828 3469 2049 3537 clamo
2125 3471 2367 3560 primo,
2443 3499 2475 3530 «ι
2539 3469 2638 3536 ad

1082 3587 1168 3655 te,
1209 3603 1242 3641 κ
1275 3586 1343 3644 et
1371 3599 1510 3644 uon
1551 3576 1635 3644 ad
1667 3576 1902 3644 alium.
1943 3575 2017 3643 ln
2047 3575 2174 3644 hoc
2220 3575 2400 3666 quod
2438 3575 2625 3660 dicit,

1082 3682 1354 3761 Clamo,
1400 3691 1736 3750 monstrat
1763 3682 2144 3750 orationem
2182 3704 2373 3749 suam
2422 3680 2629 3751 fuisse

1073 3790 1418 3860 devotam.
1457 3788 1534 3856 ln
1575 3788 1707 3857 hoc
1734 3788 1920 3879 quod
1959 3788 2143 3867 dicit,
2175 3788 2289 3858 Ad
2323 3799 2408 3868 te,
2440 3788 2628 3857 dire-

1074 3906 1258 3967 ctam
1296 3919 1311 3965 :
1346 3905 1414 3965 et
1436 3905 1718 3988 propter
1755 3895 1911 3974 hoc,

1074 4164 1236 4223 aussi
1266 4164 1528 4222 allusion
1560 4164 1595 4220 ῑι
1625 4169 1779 4221 cette
1811 4164 2244 4221 circonstance.
2268 4165 2423 4219 Pour
2453 4164 2627 4239 Bing-

1076 4253 1376 4326 stenberg,
1425 4252 1482 4308 le
1537 4251 1848 4325 psalmiste
1894 4257 1985 4307 est
2028 4267 2166 4307 sous
2225 4251 2623 4325 l'impression

1073 4342 1146 4400 de
1174 4360 1241 4399 ce
1292 4341 1396 4414 qui
1456 4358 1519 4396 se
1553 4356 1728 4413 passa
1765 4339 1800 4396 a
1857 4340 1915 4396 la
1967 4356 2215 4396 caverne
2274 4339 2619 4413 d'Engaddi,

1070 4432 1282 4504 llteg„
1314 4445 1462 4487 xxiv.
1492 4428 1537 4484 ll
1569 4444 1721 4484 nous
1743 4426 1971 4484 semble
2001 4427 2180 4501 qu'on
2200 4430 2464 4501 pourrait
2480 4426 2626 4486 don·

1072 4536 1182 4577 ner
1209 4533 1328 4575 une
1363 4533 1530 4574 asses
1568 4514 1864 4590 plausible
1894 4516 2250 4590 explication
2279 4533 2355 4573 en
2382 4533 2447 4574 se
2485 4534 2620 4591 rap·

1071 4606 1279 4682 pelant
1303 4622 1372 4663 ce
1403 4605 1503 4678 qui
1538 4610 1628 4660 est
1660 4607 1923 4671 racoute,
1950 4604 1969 4661 l
2001 4606 2165 4678 neg..
2195 4621 2354 4675 xxm,
2376 4607 2467 4673 26,
2497 4608 2567 4661 27
2596 4623 2615 4675 ;

1070 4698 1251 4757 David
1281 4702 1374 4754 est
1402 4713 1507 4753 sur
1537 4696 1593 4752 la
1624 4703 1948 4771 montagne
1979 4712 2055 4754 au
2083 4696 2282 4753 desert
2301 4695 2374 4754 de
2408 4699 2608 4765 Maon3

1067 4788 1108 4845 il
1138 4792 1231 4845 est
1258 4788 1439 4843 cerne
1463 4791 1523 4841 et
1543 4784 1585 4841 il
1604 4801 1672 4842 va
1693 4785 1819 4841 etz-e
1846 4786 1992 4858 pris,
2019 4785 2216 4858 quand
2242 4803 2319 4843 on
2343 4802 2617 4844 annnnce

1066 4878 1102 4936 a
1131 4878 1269 4936 Saul
1291 4894 1409 4936 une
1440 4875 1738 4950 irruption
1770 4875 1876 4933 des
1906 4875 2238 4933 Philistins.
2271 4878 2535 4935 Aussitbt
2562 4879 2616 4936 le

1070 4968 1158 5026 roi
1188 4975 1249 5027 et
1274 4985 1370 5026 ses
1401 4984 1548 5042 gens
1576 4983 1641 5023 se
1679 4965 2040 5039 precipitem
2068 4981 2216 5039 pour
2258 4968 2458 5024 courir
2500 4984 2616 5025 aux

1068 5057 1365 5123 ennemis,
1401 5062 1463 5113 et
1503 5054 1685 5113 David
1720 5061 1812 5112 est
1871 5054 2418 5112 momentanEment
2461 5055 2617 5113 deli-

1064 5151 1185 5205 vre.
1218 5150 1305 5205 En
1336 5152 1468 5204 tout
1496 5162 1598 5203 cas
1624 5163 1705 5203 on
1738 5151 1882 5220 peut
1906 5144 2187 5202 conclure
2216 5143 2287 5201 de
2308 5145 2366 5202 la
2391 5145 2615 5204 lecture

1067 5237 1144 5294 du
1178 5243 1335 5294 texte
1364 5252 1481 5309 que
1510 5234 1690 5291 David
1718 5236 1969 5291 entoure
1998 5233 2348 5299 d'ennemis,
2376 5251 2452 5291 ne
2482 5242 2618 5292 veut

1066 5331 1239 5405 point
1267 5330 1468 5386 imiter
1485 5329 1621 5386 leur
1644 5326 1859 5385 mallee
1890 5333 1948 5381 et
1977 5326 2223 5398 conjure
2251 5325 2305 5382 le
2332 5326 2618 5400 Seigneur

1065 5421 1138 5478 de
1166 5419 1224 5476 le
1254 5420 1530 5493 proteger
1561 5433 1576 5473 ε
1608 5433 1675 5473 sa
1706 5416 1902 5489 priere
1923 5417 2106 5491 recoit
2126 5417 2317 5472 meme
2341 5432 2423 5473 un
2452 5433 2615 5473 com·

1063 5513 1448 5570 mencement
1471 5506 1872 5571 d'execution,
1893 5511 2101 5562 autaut
2118 5506 2197 5563 du
2216 5506 2408 5563 moins
2432 5505 2615 5581 qu'on

1064 5604 1206 5675 peut
1237 5597 1292 5653 le
1322 5594 1721 5669 comprendre
1759 5611 1835 5651 au
1895 5595 1946 5663 §a
2001 5596 2058 5653 6.
2100 5596 2174 5653 Le
2231 5612 2474 5669 psaume
2526 5603 2618 5653 est

1064 5686 1311 5747 difficile
1336 5685 1375 5742 a
1406 5685 1743 5758 expliquer,
1769 5688 1898 5739 tant
1928 5681 1963 5738 ὰ
1993 5698 2169 5741 cause
2192 5683 2265 5740 de
2296 5684 2610 5743 l’obscuri·

1065 5781 1125 5837 te
1152 5780 1228 5837 de
1244 5777 1547 5853 plusieurs
1568 5784 1792 5835 versets
1822 5791 1940 5850 que
1993 5774 2068 5832 de
2119 5774 2479 5850 l'ignorance
2535 5780 2612 5835 ou

1066 5882 1220 5925 nous
1246 5878 1509 5924 summes
1536 5862 1645 5920 des
1686 5864 2128 5922 circonstances
2179 5863 2442 5940 precisas
2467 5863 2616 5922 deut

2763 1734 2896 1814 hic,
2931 1746 2998 1804 et
3028 1738 3247 1806 Exod.
3282 1764 3421 1820 xiv,
3467 1746 3568 1823 15,
3606 1744 3860 1812 dictum
3893 1756 3995 1814 est
4022 1746 4107 1814 ad
4137 1747 4334 1837 Moy-

2760 1865 2881 1910 sen
2957 1866 3037 1910 ex
3117 1845 3483 1917 devotione
3540 1852 3764 1919 cordis
3846 1852 4262 1921 clamantem
4312 1878 4328 1922 :

2763 1951 2953 2035 Quid
2976 1952 3243 2021 clamas
3273 1957 3371 2022 ad
3405 1980 3511 2024 me
3541 1957 3582 2025 ‚9
3613 1959 3694 2026 Et
3725 1968 4005 2050 propter
4059 1960 4192 2030 hoe
4233 1963 4333 2030 di-

2757 2059 2954 2138 citur,
2989 2058 3121 2127 Isa.
3177 2085 3361 2142 uviu,
3424 2071 3463 2133 ¹.)
3522 2066 3826 2147 Vocabis‚
3877 2078 3940 2135 et
3979 2071 4329 2139 Dominus

2754 2164 3103 2252 exaudiet,
3137 2168 3499 2254 clamabi-5,
3543 2180 3607 2238 et
3656 2173 3835 2240 dicet
3866 2198 3889 2241 .·
3948 2177 4124 2242 Ecce
4190 2177 4327 2243 ad-

2749 2293 2934 2343 sum.

2841 2487 3182 2556 «Intende
3221 2494 3391 2558 voci.
3441 2522 3472 2553 ι»
3511 2492 3681 2561 Ecce
3761 2497 4170 2581 secundum,
4244 2499 4314 2568 in

2748 2619 2886 2686 quo
2917 2600 3084 2687 petit
3124 2602 3309 2691 quod
3367 2603 3696 2673 intendat.
3751 2605 3834 2672 Et
3885 2607 4139 2696 prim0,
4201 2633 4321 2699 pe-

2745 2706 2847 2770 tit.
2887 2702 3234 2791 SecundO,
3278 2709 3688 2779 determinat
3728 2721 4022 2803 tempuS,
4089 2736 4316 2803 quan-

2745 2808 2830 2876 do
2923 2812 3277 2900 potissime
3362 2814 3606 2883 debeat
3703 2818 4088 2898 intendere,
4190 2820 4311 2902 ibi,

2746 2942 2778 2980 ι
2820 2921 2992 2985 Cum
3047 2919 3464 2988 clamavere.
3515 2951 3548 2984 n

2829 3026 2947 3092 Ait
2976 3047 3141 3118 ergo
3180 3049 3195 3094 ε
3232 3028 3346 3096 Sic
3385 3031 3656 3108 exaudi,
3722 3041 3790 3098 et
3845 3034 4054 3101 etiam
4120 3063 4153 3098 «
4206 3038 4309 3103 in·

2739 3132 2937 3202 tende
2965 3136 3114 3202 voci
3142 3158 3329 3204 meae.
3378 3162 3411 3203 ι
3444 3136 3711 3207 Daniel.
3756 3162 3850 3223 ix,
3893 3142 3974 3208 19
4010 3144 4305 3212 :Exau-

2739 3240 2816 3308 di
2879 3244 3224 3311 Domine:
3248 3243 3558 3335 placare,
3593 3249 3937 3316 Domine:
3992 3251 4294 3329 attende,

2737 3362 2803 3420 et
2863 3354 3005 3441 sac.
3086 3352 3444 3433 Quando?
3521 3384 3553 3420 α
3628 3357 3807 3426 Cum
3899 3358 4293 3429 clamavero

2740 3462 2838 3528 ad
2899 3473 2986 3535 te.
3034 3488 3067 3526 κ
3102 3462 3518 3531 clamoribus
3585 3467 3945 3555 praedictis,
3981 3477 4048 3536 et
4094 3471 4309 3559 potis-

2740 3572 2912 3639 sime
2980 3573 3034 3639 si
3092 3571 3481 3641 clamavero
3555 3574 3857 3645 elamore
3925 3576 4173 3657 laudis»,
4209 3579 4295 3646 de

2742 3703 2908 3772 quo,
2939 3680 3071 3749 Isa.
3105 3705 3202 3766 vi,
3237 3683 3319 3750 3:
3368 3684 3788 3753 Clamabunt
3843 3686 4028 3754 alter
4057 3689 4156 3754 ad
4180 3689 4301 3757 al-

2738 3798 2960 3856 terum
2994 3812 3017 3856 .·
3090 3790 3416 3878 Sanctus,
3446 3804 3752 3878 sanctus,
3794 3805 4105 3877 sanctae,
4167 3805 4301 3867 ete.

2735 4166 2873 4218 veut
2900 4159 3103 4233 parler
3133 4160 3188 4217 le
3210 4160 3541 4234 psalmisto.
3574 4163 3910 4220 Otshausen
3952 4170 4013 4221 et
4043 4163 4300 4238 Hupseld

2735 4249 3055 4323 regardent
3083 4248 3139 4305 le
3161 4255 3318 4307 texte
3338 4267 3573 4308 comme
3621 4268 3941 4326 corrompu
3976 4268 3992 4321 ς
4034 4252 4126 4309 les
4184 4252 4299 4310 dis·

2734 4341 2970 4398 sscultes
2991 4340 3135 4413 qu'il
3159 4345 3440 4414 presente
3456 4358 3532 4398 ue
3563 4340 3842 4400 sussssent
3859 4343 4300 4403 certainement

2733 4450 2840 4509 pas
2860 4449 3015 4507 pour
3037 4431 3342 4505 legitimer
3370 4439 3523 4489 cette
3549 4433 3823 4506 opinion.

2805 4524 2880 4579 Le
2911 4537 3162 4595 psaume
3192 4538 3257 4578 se
3288 4528 3566 4595 rapporte
3597 4539 3675 4579 au
3706 4523 3919 4579 Hessie
3979 4525 4298 4589 souffrant,

2731 4628 2962 4669 comme
2997 4611 3052 4667 le
3084 4609 3414 4683 precedent
3441 4616 3501 4666 et
3530 4610 3584 4667 le
3628 4611 3889 4678 suivant,
3950 4617 4013 4668 et
4053 4611 4298 4688 l'Eglise

2730 4716 2805 4757 en
2836 4698 2945 4755 tait
2973 4698 3030 4755 le
3061 4697 3259 4754 meme
3289 4713 3489 4772 usage.
3525 4698 3631 4753 Les
3677 4700 4073 4757 constitutions
4129 4716 4296 4774 apos·

2730 4789 2989 4863 totiques,
3021 4804 3140 4854 vm,
3169 4788 3263 4852 35,
3296 4787 3353 4844 le
3402 4788 3773 4861 prescrivent
3819 4804 4055 4848 comme
4109 4791 4297 4848 chant

2729 4879 2809 4935 du
2840 4876 2983 4934 seir.
3018 4876 3077 4933 S.
3097 4875 3148 4933 J.
3180 4874 3604 4948 chrysostome
3635 4891 3709 4931 en
3736 4874 3940 4933 donne
3971 4876 4030 4934 la
4050 4878 4293 4936 raison:

2728 4991 2757 5017 «
2802 4966 2967 5023 Multi
3000 4969 3254 5039 possunt
3283 4964 3539 5021 inveniri
3561 4965 3776 5037 psalmi
3805 4966 3910 5040 qui
3949 4968 4294 5041 vespertino

2726 5081 2755 5110 a·
2806 5055 3063 5129 tempori
3120 5055 3499 5112 conveniant.
3550 5056 3678 5112 Non
3754 5062 4076 5129 propterea
4128 5057 4294 5113 hunc

2728 5171 2756 5197 «ι
2780 5144 3076 5220 psalmum
3111 5143 3504 5200 decreverunt
3530 5149 3755 5215 patres,
3812 5143 3920 5201 sed
3980 5149 4292 5218 tamquam

2727 5261 2757 5289 «
2792 5235 3053 5292 salutare
3080 5233 3327 5306 aliquod
3356 5235 3749 5307 pharmacum
3793 5240 3853 5290 et
3911 5240 4291 5308 peccatorum

2733 5350 2762 5380 ιι
2794 5323 3121 5400 piaculum,
3155 5328 3220 5379 ut
3250 5324 3302 5380 is
3333 5323 3674 5388 'diceretur,
3733 5323 4203 5390 constituerunt,
4234 5329 4303 5381 ut

2734 5435 2760 5466 ι
2792 5428 3188 5488 quascumque
3215 5410 3436 5468 sordes
3455 5418 3558 5468 aut
3588 5410 3838 5469 macule
3867 5409 4097 5469 tuerint
4122 5428 4158 5470 a
4187 5429 4298 5469 no-

2730 5529 2759 5559 «
2793 5504 2885 5561 bis
2916 5508 3039 5559 toto
3072 5500 3170 5558 die
3197 5509 3511 5575 suscepta‘,
3545 5502 3688 5557 dum
3712 5500 3805 5557 vel
3833 5500 3895 5558 in
3923 5500 4054 5559 foro
4084 5503 4173 5560 vel
4198 5502 4301 5561 do·

2728 5620 2758 5648 0«
2795 5595 2898 5660 mi,
2919 5593 3010 5650 vel
3042 5593 3104 5650 in
3132 5608 3511 5666 quocumque
3532 5589 3797 5646 alioloco
3827 5607 4158 5661 versamur,
4190 5610 4294 5651 eas

2729 5706 2759 5735 α
2786 5698 2923 5739 cum
2946 5679 3022 5736 ad
3051 5695 3370 5753 vesperum
3415 5677 3892 5751 pervenerimus,
3947 5697 4057 5754 per
4103 5681 4290 5755 spiri-

2727 5797 2757 5825 «
2793 5771 2952 5829 tuale
2982 5769 3096 5826 hoe
3120 5783 3366 5827 carmen
3397 5766 3831 5842 abstergamus.
3859 5790 3893 5823 s
