5008 6329
674 320 804 388 296

673 492 885 581 signis
926 492 1310 565 innitentes,
1357 498 1423 556 et
1481 488 1747 579 Pagani
1817 491 1962 558 sive
2022 489 2237 558 Graeci

672 598 1071 686 sapientiam
1103 602 1508 685 quaerentes,
1536 594 1557 660 l
1588 595 1672 662 ad
1696 594 2003 664 Corinth.
2032 619 2077 680 1,
2106 598 2235 663 22:

669 707 900 773 Judaei
926 708 1125 794 siqna
1146 715 1415 795 petunt,
1448 714 1513 772 et
1564 708 1787 774 Graeei
1821 706 2236 796 sapientiam

675 820 1012 901 quoerunt.
1050 809 1493 879 prudentiam
1527 812 1805 903 quidem
1855 812 2079 878 earnis
2108 809 2236 876 ha-

670 918 834 985 bent
863 940 1014 1007 quae
1047 940 1230 986 mors
1271 927 1395 998 est,
1439 920 1548 986 Ad
1593 919 1889 986 Roman.
1945 940 2091 994 vm,
2137 916 2176 982 6
2215 939 2229 983 :

677 1028 1054 1095 Prudentia
1086 1041 1315 1098 autem
1354 1031 1605 1108 carnis,
1641 1051 1828 1094 mors
1874 1037 1992 1094 est.
2065 1026 2236 1093 Pru-

672 1136 970 1205 dentiam
1015 1160 1210 1206 suam
1244 1146 1582 1205 terrenam
1613 1135 1961 1203 laboriose
1991 1134 2231 1224 acqui-

672 1253 850 1314 runt.
885 1246 1179 1327 Baruch‚
1204 1268 1302 1322 ιιι,
1339 1247 1422 1311 23
1452 1267 1467 1312 ε
1503 1244 1681 1311 Filii
1710 1267 1982 1335 quoque
2007 1245 2060 1312 A
2069 1265 2225 1334 qar,

670 1354 793 1443 qui
820 1354 1195 1443 exquirunt
1218 1352 1695 1442 prudentiam,
1741 1374 1894 1443 quae
1925 1351 2007 1418 de
2046 1361 2228 1418 terra

669 1466 765 1525 est
795 1481 818 1525 .·
849 1464 914 1525 et
952 1459 1262 1549 quamvis
1301 1459 1437 1526 sint
1467 1461 1538 1525 in
1569 1459 1716 1526 istis
1748 1457 1985 1525 multis
2024 1457 2228 1546 justis

668 1565 1167 1656 prudentiores,
1203 1567 1577 1635 secundum
1626 1564 1798 1633 illud
1853 1565 2021 1632 Luc.
2079 1587 2222 1642 xvx,

668 1673 708 1739 8
752 1694 768 1739 :
812 1673 988 1741 Filii
1014 1674 1233 1762 liujus
1269 1673 1510 1740 soeculi
1534 1672 2019 1763 prudentiores
2054 1671 2228 1759 filiis

670 1780 846 1847 lucis
875 1782 946 1848 in
972 1782 1407 1871 qeneratione
1444 1803 1575 1847 sua
1603 1789 1793 1858 sunt,
1830 1790 2061 1848 tamen
2114 1777 2232 1847 do-

666 1909 756 1955 no
787 1896 907 1955 tuo
946 1888 1345 1978 prudentior
1374 1886 1509 1954 illis
1567 1911 1751 1955 sum.

762 2022 796 2063 α
834 1999 1016 2083 Quia
1049 1999 1118 2065 in
1157 2006 1510 2065 aeternum.
1560 2022 1595 2063 ι
1646 1997 1820 2066 Ecce
1858 1996 2108 2065 modus
2161 2004 2229 2063 et

669 2107 868 2190 ratic,
948 2129 1085 2197 quo
1154 2105 1400 2174 collata
1458 2115 1561 2173 est
1624 2104 1743 2173 illa
1808 2104 2220 2197 prudentia:

680 2241 709 2277 n
743 2216 923 2298 Quia
964 2217 1034 2281 in
1085 2225 1417 2282 &ternum
1483 2214 1658 2282 milii
1711 2224 1834 2293 est,
1871 2239 1904 2276 ιο
1956 2210 2220 2303 supple,

666 2322 850 2390 cordi
876 2322 1159 2390 infixum
1205 2322 1603 2390 mandatum
1635 2330 1834 2389 tuum
1856 2321 1940 2389 de
1979 2323 2226 2388 timore

666 2440 809 2499 tu0.
844 2431 1065 2499 Eccle.
1102 2453 1220 2510 xu,
1269 2433 1392 2499 13:
1424 2433 1650 2499 Deum
1680 2433 1872 2510 time,
1917 2438 1983 2497 et
2031 2450 2226 2497 man-

666 2538 834 2607 data
872 2537 1052 2628 ejuS,
1095 2537 1177 2605 de
1243 2539 1493 2606 timore
1551 2538 1836 2618 scilicet,
1888 2535 2167 2604 observa
2199 2557 2221 2602 .·

666 2647 825 2736 quia
887 2668 1009 2736 per
1081 2643 1260 2712 hunc
1316 2644 1687 2736 prudenter
1761 2642 2141 2712 declinatur
2185 2663 2226 2709 a

665 2753 873 2820 malo.
920 2751 1250 2820 Proverb.
1297 2774 1438 2830 xiv,
1477 2754 1600 2818 16:
1657 2752 1956 2842 Sapiens
2002 2750 2217 2828 timet,

666 2871 730 2929 et
769 2862 1072 2930 declinat
1099 2862 1405 2928 amalo:
1465 2867 1531 2928 et
1587 2862 1889 2928 maxime
1947 2858 2222 2950 quando

669 2970 1121 3039 fixumhabet
1185 2970 1257 3037 in
1296 2969 1526 3050 corde,
1585 2976 1653 3038 et
1711 2976 1945 3037 manet
2000 2968 2073 3035 in
2105 2966 2222 3035 illo

668 3086 1020 3169 tamquam
1053 3079 1347 3168 sapiens,
1409 3097 1550 3143 non
1600 3076 1736 3143 cito
1796 3080 2102 3142 mutatur
2137 3073 2223 3141 ab

666 3212 750 3258 eo
800 3199 1156 3281 tamquam
1198 3188 1468 3256 stultus.
1514 3186 1724 3256 Eccli.
1784 3209 2002 3272 xxvii,
2077 3187 2156 3253 12
2202 3207 2218 3253 ε

665 3301 887 3368 Ilomo
915 3298 1162 3388 justus
1216 3300 1288 3365 in
1341 3298 1689 3389 sapientia
1747 3306 1978 3363 manet
2049 3296 2227 3363 sicut

665 3406 775 3475 sol
830 3429 852 3473 .·
905 3427 1068 3472 riam
1104 3404 1362 3472 stultus
1387 3404 1570 3471 sieut
1629 3403 1804 3470 luna
1835 3411 2178 3470 mutatur.

767 3743 801 3784 α
835 3719 1061 3811 Super
1086 3738 1317 3784 omnes
1345 3713 1682 3784 docentes.
1718 3738 1753 3779 n
1800 3711 1932 3782 llic
1976 3734 2225 3782 secun-

678 3826 870 3907 dum,
912 3825 985 3892 in
1024 3847 1161 3915 quo
1200 3823 1638 3914 subjungitur
1666 3821 1750 3890 de
1789 3822 2223 3913 perceptione

672 3935 922 4004 divinae
990 3923 1345 4010 bonitatiS,
1420 3939 1757 4022 quantum
1816 3930 1903 3999 ad
1960 3928 2226 4000 intelle·

668 4051 880 4122 ctum,
910 4038 1165 4109 scilicet
1194 4045 1525 4130 quantum
1565 4037 1650 4106 ad
1676 4036 2121 4106 subtilitatem
2155 4039 2223 4106 in

669 4147 1251 4239 contemplandis:
1298 4155 1362 4214 et
1392 4146 1711 4214 dicuntur
1740 4145 1903 4214 duo.
1957 4144 2218 4226 Primo,

669 4256 1045 4324 Doctorum
1085 4254 1289 4321 etiam
1321 4251 1804 4320 excellentium
1835 4275 2225 4344 supergres-

668 4367 771 4434 sio
821 4367 889 4432 in
928 4360 1457 4452 contemplanda
1493 4363 1808 4430 veritate.
1873 4359 2220 4443 Secundo,

667 4495 897 4552 causa,
931 4477 998 4540 et
1030 4469 1229 4547 ratio,
1266 4469 1385 4549 ibi,
1438 4492 1473 4535 ι
1512 4468 1698 4555 Quia
1728 4469 2148 4538 testimonia.
2183 4496 2218 4533 »ι

755 4581 935 4650 Dicit
970 4601 1136 4671 ergo
1181 4601 1196 4647 ε
1235 4577 1348 4646 Sic
1385 4576 1825 4668 prudentiam
1864 4577 2107 4647 dedisti
2137 4577 2223 4647 ad

666 4690 966 4763 cavenda
1029 4688 1236 4768 mala,
1312 4695 1382 4757 et
1436 4689 1644 4757 etiam
1713 4712 1748 4755 e
1802 4688 2147 4770 intellexi,
2180 4716 2213 4752 n

663 4806 1022 4874 veritatem
1053 4800 1176 4880 rei,
1234 4808 1301 4870 et
1354 4798 1783 4891 spiritualem
1853 4799 2221 4892 Scripturoe

665 4909 1162 5002 contemplatus
1211 4931 1364 4977 sum
1423 4907 1977 5000 intelligentiam,
2023 4935 2057 4977 ι
2097 4934 2221 4979 su-

660 5045 787 5115 per
847 5041 1079 5088 omnes
1142 5016 1453 5086 docentes
1510 5040 1644 5096 me,
1704 5043 1738 5083 ι
1812 5016 2088 5087 Scribas
2153 5027 2221 5088 et

667 5127 1076 5211 Pharisaeos,
1148 5123 1262 5215 qui
1351 5123 1677 5194 videntur
1739 5147 1851 5192 me
1945 5124 2214 5196 docere.

665 5235 907 5305 Matth.
935 5255 1127 5312 xxut,
1162 5235 1246 5300 2:
1295 5231 1525 5324 Super
1560 5232 1961 5300 cathedram
1992 5235 2222 5325 Moysi

663 5342 983 5412 sederunt
1021 5338 1277 5409 Scriba·
1304 5349 1369 5408 et
1406 5339 1774 5409 Plearisaei.
1831 5340 1970 5409 Sed
2019 5343 2214 5431 justi,

664 5451 970 5543 quisunt
1032 5444 1345 5515 Ecclesiae
1404 5444 1556 5532 filii,
1626 5446 1847 5515 multo
1905 5447 2219 5518 meliusa

663 5555 962 5627 Domino
1003 5551 1353 5620 docentur.
1398 5551 1529 5621 Isa.
1584 5575 1718 5632 mv,
1781 5554 1902 5622 13:
1945 5557 2219 5624 Ponam

665 5666 1013 5737 universos
1045 5659 1235 5752 filios
1286 5668 1442 5728 tuos
1479 5659 1715 5730 doctos
1777 5686 1823 5730 a
1885 5662 2212 5732 Domino.

1655 319 1740 386 D.
1791 318 1993 387 ALB.
2049 318 2270 391 MAG.
2321 319 2527 389 om).
2580 322 2876 390 PRAED.

2343 491 2546 559 Joan.
2578 515 2671 570 νι,
2708 493 2789 559 35
2824 514 2839 557 :
2880 493 2978 557 Ec
3043 499 3241 557 erunt
3287 512 3513 556 omnes
3560 480 3886 554 docibiles

2346 600 2495 665 Dei.
2527 598 2611 664 Et
2640 605 2916 688 propter
2969 596 3103 665 hoc
3157 596 3375 664 multo
3404 596 3634 662 verius
3683 608 3887 676 super

2344 726 2583 773 omnes
2627 705 2942 774 docentes
2981 727 3052 772 se
3078 704 3300 773 sciunt
3327 704 3705 771 veritatem.
3754 695 3888 761 Ee-

2339 809 2448 878 cli.
2494 834 2754 894 xxxvii,
2794 812 2873 878 18
2910 832 2924 877 :
2966 811 3222 878 Anima
3243 810 3375 876 viri
3407 809 3631 876 saneti
3668 822 3887 871 meun-

2341 918 2472 984 tiat
2529 917 2911 1008 aliquando
2968 938 3128 984 vera
3174 938 3386 1005 quam
3457 924 3712 1006 septem
3760 908 3887 972 cir-

2337 1035 2826 1115 cumspectores
2852 1022 3152 1091 sedentes
3181 1025 3254 1091 in
3292 1022 3551 1090 excelso
3581 1020 3679 1087 ad
3730 1038 3886 1105 spe-

2335 1133 2740 1200 culandum.
2767 1132 2830 1198 N
2834 1155 2908 1200 ec
2935 1154 3091 1199 mea
3117 1132 3369 1200 iactum
3392 1139 3491 1199 est
3510 1125 3879 1196 industria:

2336 1239 2454 1306 sed
2525 1267 2558 1302 «
2621 1240 2789 1331 quia
2838 1238 3194 1306 meditatio
3250 1261 3426 1316 mea,
3486 1262 3520 1302 n
3592 1235 3883 1317 diligens

2339 1347 2594 1416 scilicet
2649 1349 3028 1438 inquisitio,
3070 1374 3107 1412 α
3148 1356 3213 1414 et
3241 1347 3627 1414 testimonia
3659 1352 3807 1416 tua,
3844 1362 3878 1402 n

2340 1455 2408 1521 id
2456 1462 2581 1532 est,
2633 1454 2714 1521 de
2788 1454 3196 1522 testimoniis
3254 1455 3389 1521 tuis
3444 1445 3885 1544 spiritualiter

2343 1560 2822 1652 intelligendiS‚
2892 1583 3033 1629 non
3129 1569 3398 1628 tantum
3477 1555 3879 1630 litteraliter.

2338 1670 2514 1737 sicut
2552 1669 2868 1736 docentes
2897 1691 3007 1736 me
3045 1667 3288 1735 volunt
3343 1666 3656 1756 intelligi.
3723 1659 3880 1727 Scio

2334 1777 2517 1844 enim
2560 1774 2727 1843 illud
2749 1774 3175 1866 Apostoli,ll
3215 1774 3299 1843 ad
3322 1772 3631 1843 Corinth.
3679 1790 3777 1848 ιιι,
3803 1766 3875 1831 ti:
3993 1805 3999 1810 ·

2332 1886 2596 1954 Littera
2625 1883 2894 1964 occidit,
2932 1884 3222 1975 spiritus
3250 1893 3481 1951 autem
3545 1878 3876 1968 vivificat.

2329 1990 2533 2059 Joan.
2575 2014 2670 2071 vt,
2705 1991 2827 2058 64:
2871 1991 3181 2081 Spiritus
3226 1999 3322 2057 est
3368 1990 3490 2079 qui
3545 1986 3876 2074 vivificat,

2332 2124 2490 2169 caro
2555 2123 2690 2167 non
2727 2100 3009 2191 prodest
3064 2099 3472 2191 quidquam.
3541 2098 3879 2165 Praeterea

2333 2211 2448 2300 qui
2489 2209 2855 2277 meditatur
2918 2209 2989 2276 in
3038 2208 3445 2276 testimoniis
3501 2205 3777 2278 divinis,
3813 2208 3881 2268 et

2331 2320 2400 2386 in
2441 2317 2833 2386 meditando
2898 2340 3040 2385 non
3070 2325 3338 2386 tantum
3379 2316 3723 2407 intelligit,
3760 2309 3879 2378 sed

2330 2427 2536 2494 etiam
2593 2427 3059 2494 inflammatur
3131 2425 3217 2493 ad
3272 2447 3578 2494 amorem
3635 2419 3761 2491 Dei
3815 2426 3880 2485 et

2328 2536 2648 2625 proximi,
2671 2558 2875 2626 super
2901 2533 3154 2603 multos
3174 2535 3503 2603 Doctores
3531 2527 3876 2617 intelligit.

2332 2642 2818 2711 Cassiodorus:
2873 2668 2906 2708 ι
2952 2641 3126 2723 Quia
3174 2643 3357 2711 enim
3397 2640 3690 2710 charitas
3722 2639 3879 2725 igne

2314 2778 2369 2818 -ι
2412 2750 2603 2820 verbi
2645 2750 2767 2819 Dei
2829 2750 3240 2828 accenditur,
3299 2749 3458 2819 dicit
3498 2772 3569 2818 se
3599 2772 3680 2816 ex
3725 2767 3879 2812 me-

2340 2889 2370 2922 «
2411 2859 2738 2928 ditatione
2768 2858 2955 2926 verbi
2974 2858 3365 2950 proiecisse.
3394 2883 3428 2922 n

2425 3206 2462 3244 α
2500 3178 2923 3269 Supersenes
2953 3176 3290 3249 intellexi.
3329 3206 3363 3242 »ι
3407 3177 3534 3247 llic
3571 3173 3876 3252 tertium·

2335 3288 2406 3354 in
2436 3307 2575 3377 quo
2608 3284 2901 3354 ostendit
2955 3273 3027 3353 εἴ)
3081 3286 3372 3354 sensisse
3428 3285 3729 3354 divinam
3763 3279 3879 3347 bo·

2334 3393 2644 3472 nitatem,
2748 3401 3081 3483 quantum
3174 3393 3261 3461 ad
3360 3390 3881 3484 intelligentiam

2332 3497 2757 3591 agendorum
2800 3519 2816 3566 :
2863 3506 2931 3567 et
2967 3506 3344 3590 tanguntur
3406 3498 3566 3567 duo.
3611 3496 3878 3576 Primo,

2332 3605 2731 3676 excellentia
2798 3615 2866 3676 et
2918 3607 3383 3698 supergressio
3442 3612 3882 3697 expertorum

2336 3718 2406 3784 in
2461 3714 2765 3806 agendis.
2829 3712 3171 3794 Secundo,
3241 3717 3414 3784 ratio
3478 3724 3547 3783 et
3603 3709 3880 3790 modus,

2335 3846 2473 3917 quo
2513 3822 2646 3892 hoc
2683 3822 2936 3891 iactum
2967 3831 3092 3902 est,
3144 3822 3280 3893 ibi:
3365 3849 3397 3888 ι
3457 3823 3640 3907 Quia
3678 3840 3887 3890 man-

2334 3933 2530 4001 data.
2575 3957 2609 3997 ι

2422 4040 2604 4109 Dicit
2643 4060 2868 4131 ergo:
2944 4039 3059 4108 Sic
3121 4038 3522 4133 prudentior
3584 4034 3885 4108 inimicis

2333 4148 2521 4217 iuiin
2559 4148 2903 4229 cavendis,
2965 4148 3419 4240 perspicacior
3471 4143 3886 4216 Doctoribus

2333 4256 2405 4323 in
2434 4255 2931 4347 intelligendis:
2966 4263 3035 4325 et
3060 4255 3266 4324 etiam
3300 4284 3334 4321 α
3373 4278 3581 4347 super
3608 4273 3883 4327 senem»

2333 4362 2591 4432 scilicet
2620 4363 2736 4454 qui
2775 4361 2993 4431 multa
3043 4364 3306 4454 experti
3371 4370 3532 4432 sunt
3569 4361 3640 4431 in
3668 4379 3889 4450 agen-

2334 4474 2448 4553 do,
2521 4473 2897 4544 secundum
2962 4473 3132 4543 illud
3192 4473 3354 4554 Job,
3422 4497 3545 4559 xu,
3622 4468 3885 4541 ¹2:111

2335 4586 2644 4677 antiquis
2670 4595 2772 4655 est
2805 4585 3174 4677 sapientia,
3224 4595 3290 4653 et
3336 4586 3409 4654 in
3446 4584 3672 4654 multo
3709 4592 3890 4650 tem-

2322 4714 2496 4785 pore
2561 4691 2962 4783 prudentia.
3025 4716 3060 4759 «
3093 4691 3424 4762 Intellexi
3461 4714 3485 4760 .·
3536 4716 3571 4759 ι
3629 4688 3887 4782 quippe

2334 4803 2532 4871 multi
2564 4812 2744 4872 certe
2772 4825 3013 4873 senum
3046 4805 3484 4896 antiquorum
3513 4809 3672 4895 post
3708 4794 3890 4868 mul·

2331 4917 2473 4979 tam
2517 4912 3007 5002 experientiam
3044 4911 3323 5003 pessimi
3378 4911 3580 4993 fiunt,
3647 4927 3890 4980 sccun-

2334 5020 2500 5090 dum
2532 5020 2699 5090 illud
2746 5022 3014 5092 Daniel.
3084 5044 3231 5101 xm,
3272 5023 3357 5092 5:
3424 5025 3728 5116 Eqressa
3791 5024 3890 5085 est

2334 5129 2675 5220 iniquitas
2714 5129 2799 5197 de
2830 5128 3194 5220 Babylone
3244 5153 3290 5197 a
3350 5127 3737 5198 senioribus
3762 5122 3891 5214 ju-

2333 5237 2629 5319 dicibus,
2661 5238 2786 5330 qui
2811 5236 3222 5307 videbantur
3257 5260 3489 5328 reqere
3506 5234 3885 5329 populum.

2331 5343 2591 5415 Jerem.
2619 5368 2812 5425 xxm,
2843 5348 2966 5415 15:
3008 5349 3066 5417 A
3098 5346 3465 5437 Prophetis
3495 5341 3889 5415 Jerusalem

2332 5474 2608 5542 eqressa
2645 5465 2745 5522 est
2788 5452 3097 5547 pollutio
3130 5475 3341 5548 super
3413 5475 3682 5523 omnem
3749 5447 3892 5518 ter-4

2331 5581 2510 5629 ram.
