5008 6329
2089 393 2368 460 INDEX
2418 393 2782 462 OMNIUM
2834 392 3418 463 PSALMORUM.

1730 1142 1816 1197 Li.
1860 1139 2004 1206 Quid
2037 1135 2299 1211 gloriaris
2329 1137 2390 1193 in
2421 1136 2661 1204 malitia,
2692 1135 2788 1208 qui
2819 1144 3023 1207 potens
3050 1154 3109 1194 es
3140 1137 3198 1194 in
3231 1135 3578 1209 iniquitate?

1703 1232 1815 1289 Lll.
1860 1233 2009 1288 Dixit
2038 1230 2318 1300 insipiens
2347 1229 2407 1284 in
2439 1228 2614 1286 corde
2643 1243 2746 1283 suo
2778 1244 2793 1283 :
2829 1227 2955 1284 Non
2987 1232 3078 1284 est.
3106 1227 3283 1284 Deus.

1603 1354 1607 1358 -
1676 1324 1823 1380 Llll.
1863 1322 2034 1388 Deus,
2066 1321 2125 1377 in
2158 1319 2392 1376 nomine
2424 1326 2520 1375 tuo
2549 1317 2771 1374 salvum
2803 1333 2894 1373 me
2936 1317 3024 1374 sec
3051 1335 3065 1375 ε
3097 1327 3151 1373 et
3201 1317 3263 1374 in
3309 1319 3515 1375 virtute
3568 1329 3661 1376 tua
3710 1321 3909 1391 judica

1960 1426 2071 1468 me.

1686 1502 1815 1559 Ltv.
1860 1498 2094 1566 Exaudi,
2145 1496 2313 1563 Deus,
2366 1496 2686 1554 orationem
2738 1512 2947 1565 meam,
2978 1501 3032 1552 et
3064 1511 3136 1553 ne
3170 1495 3501 1568 despexeris
3550 1499 3910 1570 deprecatio-

1963 1603 2093 1645 nem
2127 1602 2338 1643 meam.

1712 1682 1812 1737 LV.
1857 1680 2129 1735 Miserere
2160 1678 2292 1743 mei,
2328 1675 2497 1745 Deus,
2527 1675 2794 1749 quoniam
2826 1675 3182 1734 conculcavit
3210 1692 3298 1733 me
3336 1676 3525 1733 horno.

1689 1770 1817 1826 tvi.
1861 1768 2127 1824 Miserere
2158 1767 2290 1836 mei,
2327 1772 2496 1836 DeuS‚
2531 1768 2797 1824 miserere
2832 1767 2962 1834 mei,
2987 1765 3254 1838 quoniam
3279 1766 3340 1822 in
3367 1773 3420 1823 te
3448 1767 3683 1825 conlidit
3714 1769 3910 1827 anima

1958 1874 2094 1914 mea.

1657 1950 1824 2008 LVlI.
1862 1950 1919 2006 si
1949 1965 2080 2005 vere
2107 1947 2606 2020 utiquejustitiam
2638 1947 2965 2020 loquimini,
2989 1955 3138 2005 recte
3158 1948 3434 2020 judicate,
3458 1948 3560 2005 filii
3594 1948 3919 2007 hominum.

1620 2041 1820 2099 Lvnt.
1862 2040 2029 2113 Eripe
2077 2055 2166 2096 me
2217 2040 2289 2097 dc
2332 2039 2588 2097 inimicis
2620 2040 2781 2110 meis,
2809 2039 2960 2096 Dens
2991 2055 3169 2109 meu5‚
3201 2047 3256 2097 et
3279 2039 3353 2096 ab
3382 2039 3813 2113 insurgentibus
3843 2043 3904 2099 in

1955 2147 2046 2189 me
2078 2132 2257 2189 libera
2288 2148 2395 2188 me.

1673 2224 1816 2280 L1x.
1858 2228 2028 2291 Deus,
2064 2221 2317 2294 repulisti
2350 2237 2474 2290 nos,
2508 2229 2562 2277 et
2586 2220 2913 2279 destruxisti
2946 2237 3053 2279 nos
3088 2239 3101 2278 ε
3135 2223 3315 2279 iratus
3342 2237 3424 2294 cs,
3456 2229 3511 2280 et
3541 2222 3812 2280 misertus
3844 2240 3904 2281 es

1957 2311 2144 2369 nobis.

1712 2403 1813 2461 Lx.
1857 2403 2095 2470 Exaudi,
2133 2404 2298 2467 Deus,
2329 2402 2790 2474 deprecationem
2824 2416 3011 2458 meam
3045 2417 3059 2456 ε
3093 2402 3325 2460 intende
3353 2402 3600 2459 orationi
3633 2419 3794 2462 men.

1671 2494 1807 2552 LXI.
1850 2494 2051 2552 Nonne
2087 2495 2195 2551 Deo
2225 2492 2477 2565 subjectu
2528 2497 2635 2550 erit
2685 2492 2882 2549 anime
2928 2491 3099 2550 mee?
3147 2493 3231 2550 Ab
3283 2493 3407 2565 ipso
3455 2494 3610 2551 enim
3660 2495 3907 2553 salutare

1956 2601 2167 2642 meum.

1646 2675 1809 2732 an.
1851 2675 2021 2741 θεας,
2052 2673 2200 2731 Deus
2233 2689 2410 2742 mens,
2441 2673 2511 2728 ud
2548 2678 2602 2729 te
2632 2672 2703 2730 de
2732 2671 2859 2730 luce
2886 2672 3077 2742 vigilo.

1618 2765 1809 2823 thlt.
1852 2764 2280 2833 Exaudi,Deus‚
2311 2764 2631 2821 orationem
2663 2779 2844 2820 meam
2875 2779 3005 2821 cnm
3036 2765 3308 2835 deprecor
3340 2781 3353 2820 ε
3388 2782 3420 2820 a
3450 2764 3653 2821 timore
3685 2766 3906 2825 inimici

1957 2856 2112 2927 eripe
2142 2856 2396 2911 animem
2429 2868 2637 2910 meam.

1623 2945 1818 3006 LXIV.
1860 2946 1941 3004 'l'e
1971 2948 2130 3003 decet
2162 2945 2428 3016 hymnus,
2465 2947 2633 3012 Deus,
2665 2942 2725 3000 in
2753 2942 2913 3011 Sion,
2942 2946 3002 3001 et
3045 2943 3150 2999 tibi
3202 2944 3468 3002 reddetur
3496 2954 3688 3003 votum
3722 2948 3784 3003 in
3811 2947 3910 3006 Je-

1963 3034 2231 3091 rusalem.

1648 3127 1818 3184 va.
1859 3124 2109 3183 Jubilate
2139 3130 2276 3193 Deo,
2309 3124 2504 3181 omnis
2536 3130 2687 3182 terre
2718 3139 2734 3181 ε
2768 3121 3055 3196 psalmum
3088 3122 3261 3181 dicite
3292 3124 3514 3182 nomini
3548 3126 3694 3198 eius,

1635 3216 1820 3275 vat.
1865 3221 2009 3273 Deus
2066 3216 2366 3273 miseretur
2423 3214 2604 3272 nostri
2659 3220 2713 3270 et
2767 3212 3066 3270 benedicat
3121 3214 3288 3271 nobis
3321 3230 3336 3272 ε
3368 3214 3658 3273 illuminet
3688 3217 3915 3277 vultum

1957 3322 2127 3362 snum
2152 3320 2324 3376 snper
2355 3318 2481 3372 nos,
2512 3312 2569 3360 et
2603 3303 2940 3360 miserentur
2969 3304 3171 3361 nostri.

1602 3396 1816 3455 vatt.
1859 3397 2138 3467 Exsurget
2185 3394 2354 3465 Deus,
2376 3398 2434 3451 et
2461 3392 2816 3466 dissipentur
2862 3393 3085 3451 inimici
3113 3396 3235 3465 ejus
3267 3411 3282 3451 :
3315 3404 3366 3453 et
3400 3395 3623 3469 fugiant
3649 3397 3745 3471 qui
3776 3399 3917 3457 ode-

1956 3494 2084 3544 runt
2113 3500 2243 3542 eum
2272 3503 2303 3541 a
2335 3484 2477 3541 l'acie
2507 3484 2654 3556 ejus.

1564 3577 1812 3636 LXVIII.
1852 3577 2085 3635 Salvum
2119 3590 2208 3632 me
2237 3574 2344 3641 luc,
2380 3573 2553 3645 Deus,
2586 3574 2858 3647 quoniam
2891 3574 3246 3632 intraverunt
3274 3591 3434 3647 aquae
3468 3591 3649 3650 usque
3675 3580 3746 3635 ad
3775 3578 3910 3637 nni-

1962 3681 2111 3723 mem
2145 3680 2352 3722 meam.

1637 3756 1822 3815 LXIX.
1862 3755 2035 3827 DeuS,
2066 3756 2124 3813 in
2156 3753 2501 3827 adjutorium
2551 3768 2741 3811 meum
2790 3753 3025 3811 intende
3055 3770 3071 3809 :
3118 3754 3379 3823 Domine,
3411 3756 3481 3813 ed
3510 3756 3910 3829 adjuvandum

1956 3862 2048 3903 me
2077 3846 2303 3903 festina.

1643 3936 1808 3994 Lxx.
1853 3937 1917 3993 In
1943 3940 2022 4003 te,
2056 3935 2313 4006 Domine,
2345 3933 2589 4007 speravi,
2619 3949 2736 3992 non
2784 3932 3108 3992 confundar
3135 3933 3196 3992 in
3231 3943 3507 3994 eternum
3541 3956 3557 3994 ε
3591 3938 3648 3996 in
3677 3940 3907 4012 justitia

1954 4033 2048 4081 tua
2080 4023 2253 4082 libera
2286 4039 2394 4094 me,
2426 4030 2481 4081 et
2511 4022 2672 4096 eripe
2700 4038 2812 4081 me.

1613 4116 1810 4175 LXXI.
1858 4116 2028 4186 Deus,
2054 4115 2339 4187 judicium
2372 4119 2535 4170 tuum
2569 4113 2687 4184 regi
2715 4112 2810 4183 da,
2841 4121 2896 4171 et
2917 4112 3202 4185 justitium
3236 4120 3389 4172 tunm
3424 4115 3542 4174 lilio
3573 4118 3743 4190 regis.

1598 4205 1811 4265 Lxxn.
1851 4208 2031 4272 Quam
2068 4204 2250 4262 bonus
2277 4203 2448 4261 israel
2483 4201 2657 4270 Deus,
2689 4203 2782 4261 his
2811 4205 2908 4276 qui
2939 4209 3092 4261 recto
3119 4212 3252 4261 sunt
3281 4205 3455 4263 corde
3486 4208 3499 4263 l

1570 4295 1813 4354 Lxxnt.
1854 4294 1924 4353 Ut
1953 4294 2113 4367 quid,
2144 4294 2316 4360 Deus,
2347 4292 2609 4364 repulisti
2657 4292 2718 4350 in
2762 4291 2960 4364 finem,
2986 4294 3171 4351 iratus
3219 4302 3303 4353 est
3356 4296 3515 4353 furor
3561 4304 3692 4355 tuus
3731 4315 3912 4374 super

1954 4400 2086 4442 oves
2116 4398 2342 4457 pascum
2369 4386 2481 4439 tuae
2500 4382 2531 4439 ‘P

1569 4473 1805 4533 LXXIV.
1849 4473 2258 4532 confitebimur
2299 4471 2423 4540 tibi,
2472 4471 2645 4538 Deus,
2695 4469 3117 4542 conlitebimur,
3151 4479 3206 4530 et
3238 4473 3641 4534 invocabimus
3692 4493 3909 4539 nomen

1952 4573 2133 4622 tuum.

1596 4655 1807 4715 LXXV.
1848 4655 2030 4713 Notus
2049 4654 2108 4711 in
2142 4652 2337 4711 Judaea
2365 4651 2521 4710 Dens
2549 4667 2568 4709 ι
2598 4651 2661 4710 in
2693 4650 2868 4709 israel
2901 4667 3173 4725 magnum
3204 4669 3422 4713 nomen
3451 4656 3596 4728 eius.

1570 4744 1810 4803 Lxxvt.
1851 4744 1999 4802 Voce
2022 4758 2148 4801 mea
2175 4741 2243 4798 nd
2274 4741 2588 4799 Dominum
2636 4740 2881 4799 clamavi
2912 4757 2928 4798 z
2964 4757 3098 4801 voce
3127 4759 3253 4800 mea
3282 4745 3354 4801 ed
3397 4749 3598 4814 Deum,
3629 4754 3681 4805 et
3714 4747 3906 4806 inten-

1951 4833 2039 4890 dit
2068 4831 2230 4891 mibi.

1547 4924 1812 4984 Lxxvn.
1855 4923 2159 4991 Attendite,
2192 4921 2400 4997 popule
2426 4936 2611 4992 mens,
2643 4921 2826 4995 legem
2858 4937 3042 4981 meam
3074 4939 3089 4980 ε
3123 4923 3403 4983 inclinate
3431 4942 3627 4985 eurem
3658 4935 3906 4986 vestram

1952 5014 2014 5072 in
2045 5010 2212 5070 verbe
2237 5013 2353 5070 oris
2381 5011 2517 5071 mei.

1518 5103 1814 5163 Lxxvltt.
1859 5108 2030 5172 Deus,
2062 5108 2329 5160 venerunt
2379 5108 2580 5174 gentes
2610 5101 2671 5158 in
2701 5100 3089 5159 hereditatem
3135 5108 3292 5161 tunm
3327 5119 3344 5163 ε
3375 5105 3706 5178 polluerunt
3752 5113 3908 5167 tem·

1953 5193 2112 5266 plum
2140 5200 2402 5249 senctum
2434 5196 2617 5248 tunm.

1558 5285 1817 5343 Lxx1x.
1858 5284 1969 5352 Oui
1998 5283 2146 5355 regis
2176 5281 2374 5351 Israel,
2404 5280 2642 5339 intende
2671 5296 2687 5339 ε
2722 5281 2819 5352 qut
2847 5282 3082 5341 deducis
3110 5282 3268 5342 velut
3296 5301 3462 5344 ovem
3492 5286 3732 5361 Josepb.

1576 5377 1812 5435 Lxxx.
1853 5374 2145 5431 Exsultntc
2177 5373 2289 5431 Deo
2318 5371 2568 5443 adiutori
2596 5382 2815 5442 nostro,
2838 5371 3080 5445 jubilate
3107 5372 3224 5433 Deo
3252 5377 3449 5436 Jacob.

1562 5465 1809 5525 Lxxxt.
1853 5464 2007 5522 Dens
2034 5462 2191 5521 stetit
2215 5462 2277 5521 in
2305 5477 2598 5536 synagoga
2625 5461 2866 5520 deorum
2898 5479 2915 5520 ε
2946 5462 3006 5520 in
3039 5463 3228 5524 medio
3254 5475 3449 5525 nutem
3478 5469 3619 5524 deos
3637 5467 3949 5540 judicabit.

1522 5555 1809 5615 LXXXII.
1852 5555 2028 5625 neus,
2056 5554 2182 5627 quis
2210 5552 2418 5612 similis
2447 5552 2561 5610 erit
2590 5550 2732 5609 tibi?
2760 5551 2843 5611 Ne
2871 5556 3086 5623 taceas,
3117 5570 3302 5628 neque
3328 5557 3729 5632 compesceris,
3764 5564 3931 5619 Deus.

1513 5650 1818 5705 Lxxxili.
1857 5645 2039 5713 Quem
2065 5642 2275 5704 dilecte
2303 5642 2676 5701 tabernacula
2705 5645 2825 5714 tua,
2861 5642 3100 5703 Domine
3147 5644 3458 5706 virtutnml
3509 5646 3901 5721 Concupiscit‚

1948 5744 2059 5795 ete.
2464 5746 2465 5749 ’
3739 5740 3745 5745 ’

4226 399 4353 465 559

4034 904 4217 952 ‘romu-
4244 904 4332 951 XV
4416 899 4420 902 “

4288 1415 4357 1470 15

4288 1593 4354 1647 19

4282 1683 4354 1741 36

4285 1863 4356 1919 45

4282 1954 4353 2011 54

4280 2139 4350 2194 63

4283 2318 4353 2373 76

4279 2407 4351 2463 87

4282 2590 4356 2645 92

4251 2679 4348 2736 101

4254 2859 4356 2916 110

4253 3040 4359 3095 117

4254 3129 4361 3187 429

4257 3310 4363 3367 142

4254 3490 4360 3547 447

4255 3673 4361 3729 177

4249 4032 4358 4088 207

4248 4122 4360 4177 225

4248 4212 4357 4268 240

4249 4391 4358 4449 259

4242 4571 4352 4627 270

4246 4661 4355 4720 284

4246 4840 4352 4898 293

4244 5200 4354 5256 347

4244 5382 4349 5440 374

4241 5562 4344 5621 391

4240 5745 4350 5805 402
