5008 6329
671 312 800 380 378

669 494 1001 576 quantum
1032 482 1118 552 ad
1145 479 1601 564 intellectum,
1644 477 1763 562 ibi,
1804 507 1835 541 «
1865 475 2219 566 Iit-'videas

671 590 872 657 bona.
920 612 954 653 ιι

755 695 936 763 Dicit
975 717 1138 786 ergo
1177 717 1192 763 2
1231 693 1348 763 Sic
1394 703 1594 764 erunt
1650 695 1801 765 haec
1849 695 2088 762 merito
2129 693 2218 759 ti-

668 804 880 870 menti
908 803 979 869 in
1025 805 1372 893 praesenti,
1416 813 1486 873 et
1522 828 1562 873 o
1610 812 1685 871 tu
1724 804 1971 870 timens
2021 823 2210 892 rog0,

667 915 736 976 et
780 915 965 999 optn,
1012 933 1046 977 c
1090 910 1466 978 Benedicat
1498 908 1627 977 tibi
1669 908 2039 989 Dominus,
2076 930 2108 970 ι
2153 910 2217 971 et

667 1017 824 1100 hoc,
856 1044 890 1085 α
945 1043 1031 1087 eoe
1068 1021 1269 1104 Sion,
1320 1019 1390 1086 id
1438 1025 1566 1102 est,
1618 1016 2087 1084 benedictione
2133 1036 2216 1081 ex

672 1126 869 1212 Sion,
910 1126 1164 1195 scilicet
1201 1146 1287 1193 ex
1341 1122 1750 1193 coelestibuS.
1805 1122 1965 1190 Haec
2001 1122 2214 1190 bene-

669 1235 873 1303 dictio
904 1234 987 1302 de
1016 1232 1518 1325 qua,Proverb.
1562 1255 1633 1314 x,
1657 1235 1742 1300 22
1778 1256 1793 1302 :
1827 1231 2211 1300 Benedictio

665 1344 954 1411 Domini
1007 1344 1250 1412 divites
1305 1344 1507 1434 lacit.
1569 1343 1680 1426 Et,
1738 1341 1977 1411 Matth.
2047 1364 2210 1427 xxv,

668 1453 753 1520 34
797 1476 813 1521 ε
871 1455 1119 1538 Venite,
1173 1454 1507 1522 benedicti
1543 1455 1783 1522 Patris
1820 1453 1976 1519 mei.

754 1562 883 1632 Vel
912 1565 1009 1633 sic
1050 1588 1065 1633 ε
1114 1591 1149 1628 α
1181 1562 1557 1631 Benedicat
1602 1560 1733 1629 tibi
1774 1562 2139 1642 Dominus,
2176 1588 2208 1623 »

666 1674 783 1764 qui
812 1673 1001 1741 vonit
1033 1699 1067 1736 α
1105 1693 1190 1739 ez
1228 1671 1427 1748 Sion,
1465 1698 1498 1733 »
1545 1670 1663 1761 qui
1700 1676 1899 1737 natus
1946 1675 2047 1735 est
2091 1666 2215 1735 sci-

664 1775 827 1846 licet
874 1800 960 1846 ex
1002 1776 1284 1845 Judaeis.
1328 1775 1516 1845 Psal.
1561 1799 1744 1860 xmx,
1776 1777 1815 1842 2
1854 1797 1869 1842 :
1902 1777 2018 1843 Ex
2042 1776 2211 1844 Sion

662 1887 912 1978 species
959 1886 1217 1954 decoris
1263 1884 1445 1975 ejus.
1488 1883 1658 1955 Tob.
1712 1905 1806 1966 xx,
1851 1886 1890 1951 9
1936 1906 1950 1950 :
1995 1884 2215 1950 Bene-

665 1996 851 2064 dicat
876 2006 940 2064 te
969 1997 1153 2064 Deus
1180 1992 1425 2062 Israel.
1470 1992 1747 2062 Denter.
1792 2015 2028 2071 xxxui,
2078 1995 2155 2061 16
2190 2016 2205 2061 :

664 2106 1057 2174 Benedictio
1089 2104 1289 2172 illius
1344 2104 1469 2194 qui
1525 2104 1857 2194 apparuit
1903 2105 1974 2170 in
2013 2100 2206 2184 rubo,

664 2214 893 2282 veniat
928 2236 1137 2305 super
1172 2221 1384 2302 caput
1426 2211 1703 2301 loseph.
1738 2208 2065 2277 Proverb.
2107 2231 2206 2293 ιιι,

666 2321 750 2388 33
786 2344 801 2389 :
837 2318 1264 2387 Ilabitacula
1300 2317 1666 2407 justorum
1713 2315 2204 2386 benedicentur.

757 2535 789 2569 «
821 2508 917 2574 Et
966 2503 1218 2573 videas.
1265 2531 1300 2569 ιι
1347 2502 1519 2572 Ecce
1558 2502 1955 2571 secundum.
2002 2499 2208 2581 Quasi

660 2613 912 2682 diceret
964 2636 980 2683 ε
1036 2611 1150 2680 Sic
1198 2610 1746 2680 benedictionem
1786 2609 2092 2679 infundat
2140 2612 2208 2678 in

661 2720 966 2800 affectuS,
1015 2747 1047 2787 e
1091 2730 1157 2787 et
1197 2746 1231 2787 ιι
1274 2720 1482 2788 etiam
1521 2746 1557 2783 «
1608 2717 1865 2803 videas,
1912 2746 1944 2786 n
2001 2740 2208 2808 quan·

658 2839 806 2900 tum
836 2830 922 2898 ad
952 2828 1399 2914 intellectum,
1440 2858 1472 2894 «
1510 2826 1686 2897 bona
1722 2830 2130 2912 Jerusalem,
2170 2862 2202 2897 »ι

659 2938 841 3008 illius
887 2962 1226 3033 supcrnae,
1300 2967 1331 3003 α
1395 2939 1716 3009 omnibus
1762 2939 1999 3009 dicbus
2056 2944 2207 3011 vitae

661 3058 818 3129 tuae,
870 3075 904 3116 »
946 3051 1197 3141 jugiter
1225 3049 1484 3119 scilicet
1522 3055 1588 3119 et
1635 3051 1980 3132 continue,
2024 3052 2207 3145 quod

659 3181 798 3227 non
825 3168 1058 3250 posset
1087 3156 1220 3227 dici
1256 3157 1341 3227 de
1371 3156 1574 3228 bonis
1604 3160 1955 3252 praesentis
1992 3161 2147 3231 vitae
2183 3184 2198 3228 :

657 3277 1013 3339 transeunt
1040 3270 1226 3338 enim
1256 3269 1699 3340 incessanter.
1730 3270 1816 3339 Et
1864 3272 1959 3340 sic
1999 3271 2205 3363 reple·

655 3375 840 3445 bitur
883 3376 1290 3460 intellectus,
1335 3377 1467 3447 Isa.
1514 3402 1624 3458 ιιι,
1659 3381 1700 3449 5
1736 3403 1751 3447 :
1790 3383 1973 3450 Tunc
2016 3380 2205 3448 vide-

659 3483 785 3566 bis,
826 3497 892 3555 et
928 3488 1211 3579 afflues,
1253 3497 1318 3556 et
1348 3488 1748 3576 mirabitur,
1780 3500 1844 3559 et
1881 3490 2206 3559 dilatabi-

654 3603 771 3664 tur
797 3618 914 3663 cor
965 3606 1191 3667 tuum.
1227 3596 1399 3667 11ae0
1465 3600 1639 3668 visio
1698 3610 1800 3668 est
1838 3601 1975 3668 vita
2016 3608 2207 3669 aeter·

656 3725 771 3784 na,
810 3703 1011 3773 Joan.
1063 3729 1231 3789 xvu,
1265 3707 1306 3777 3
1344 3731 1359 3776 ε
1392 3708 1558 3777 Ilaec
1602 3718 1700 3777 est
1745 3709 1886 3777 vita
1926 3718 2201 3786 aetema,

659 3825 735 3883 ut
778 3824 1189 3906 coquoscant
1224 3825 1313 3884 tc.
1367 3817 1521 3909 Ipse
1547 3816 1763 3908 [enim
1821 3830 1923 3888 est
1976 3819 2206 3888 omnia

658 3920 864 4000 bona,
916 3922 1049 3990 lsa.
1085 3945 1325 4002 xxxm,
1394 3925 1473 3993 17
1512 3949 1529 3993 ε
1563 3925 1815 4017 Beqem
1870 3926 1937 3993 in
1977 3925 2209 3995 decore

658 4054 783 4104 suo
812 4030 1141 4100 videbunt
1168 4033 1359 4102 oculi
1384 4032 1569 4123 ejus.

757 4393 793 4435 ι
826 4368 922 4437 Ec
949 4366 1183 4435 videas
1208 4363 1426 4455 filios.
1464 4392 1499 4427 a
1534 4361 1665 4432 llic
1700 4362 2098 4440 secundum,
2141 4362 2209 4430 in

663 4497 799 4567 quo
830 4483 1022 4567 optat
1048 4475 1109 4543 ei
1149 4471 1446 4565 gloriam
1483 4471 1569 4541 de
1606 4469 1786 4550 aliis,
1828 4481 1895 4538 et
1924 4471 1993 4537 in
2031 4468 2206 4538 aliis.

750 4582 865 4650 Ait
912 4582 1093 4650 enim
1131 4603 1148 4648 ε
1186 4577 1304 4649 Sic
1355 4586 1422 4648 te
1450 4578 1792 4647 Dominus
1830 4575 2206 4660 benedicat,

660 4690 1197 4761 consolationem
1228 4691 1300 4759 in
1319 4688 1605 4758 affectus
1636 4685 2076 4765 infundendo,
2117 4686 2213 4754 sic

657 4799 1048 4891 cognitione
1084 4796 1509 4867 intellectum
1539 4794 1968 4879 illustrando,
2002 4821 2038 4860 ι
2070 4803 2133 4860 et
2173 4819 2208 4857 n

658 4906 863 4975 etiam
926 4933 961 4968 α
1018 4904 1252 4974 videas
1286 4903 1481 4994 filios
1538 4927 1574 4967 s
1635 4899 2043 4995 spirituales,
2102 4898 2211 4968 vel

660 5014 869 5083 etiam
914 5019 1109 5081 terrae
1182 5008 1516 5089 carnales,
1590 5034 1626 5076 ι
1683 5007 1998 5098 filiorum
2055 5016 2212 5074 tuo-

661 5145 843 5201 rum,
908 5146 943 5189 t
1002 5121 1075 5190 in
1139 5118 1314 5189 coelo
1372 5116 1816 5210 glorificatos.
1884 5115 2056 5185 Tob.
2112 5136 2205 5190 nx,

665 5231 738 5297 11
779 5250 795 5297 :
830 5231 927 5298 Ee
992 5227 1286 5296 videatis
1326 5226 1521 5316 filios
1574 5234 1848 5302 vestros,
1904 5233 1969 5291 et
2023 5221 2213 5312 filios

656 5337 972 5427 filiorum
1020 5345 1428 5416 uestrorum,
1464 5356 1682 5424 usque
1727 5334 1798 5400 in
1844 5332 2118 5400 tertiam
2143 5338 2209 5398 et

658 5455 984 5538 quartam
1008 5443 1543 5534 ymerationm.
1581 5440 1833 5532 Magna
1857 5440 2037 5510 enim
2068 5436 2212 5530 glo·

1662 307 1746 373 D.
1796 306 1993 373 ALB.
2046 302 2260 370 MAG.

2314 302 2519 369 0131).
2571 305 2867 373 PRAED.

2323 475 2423 541 ria
2479 482 2580 542 est
2643 475 2870 544 videre
2935 476 3030 543 ibi
3075 477 3248 545 filios
3315 479 3678 548 carnaliter
3738 500 3867 569 ge-

2320 583 2528 668 nitos,
2595 583 2683 652 ad
2739 583 3032 653 litteram
3093 608 3107 654 :
3172 585 3290 654 sed
3364 584 3583 654 multo
3614 587 3862 673 major,

2320 692 2780 783 spiritualiter.
2857 694 2886 761 1
2959 696 3045 763 ad
3111 694 3416 763 Thessal.
3515 717 3586 777 11,
3678 696 3756 761 19
3845 717 3860 760 :

2325 803 2490 885 Quae
2560 811 2656 868 est
2721 804 2899 869 enim
2963 811 3195 870 nostra
3258 827 3431 895 speS,
3495 811 3620 869 aut
3681 822 3866 890 qau-

2319 905 2540 984 dinm,
2610 917 2732 974 aut
2774 931 3021 975 corona
3080 910 3326 998 qloriae
3360 907 3400 975 Ρ
3455 908 3695 976 Nonne
3751 930 3868 974 vos

2318 1024 2476 1083 ante
2564 1018 2942 1085 Dominum
3005 1029 3314 1085 nostrum
3375 1019 3610 1086 Jesum
3673 1018 3870 1086 Chri-

2315 1134 2497 1192 stum
2537 1126 2694 1192 estis
2730 1127 2804 1193 in
2841 1128 3137 1196 adventu
3176 1126 3329 1216 ejus
3371 1126 3413 1196 P
3471 1126 3868 1203 Secundum

2318 1240 2676 1323 utramque
2751 1235 3212 1326 acceptionem
3289 1260 3540 1306 corona
3622 1258 3867 1305 senum

2317 1341 2441 1410 filii
2496 1342 2818 1412 filiorum.
2897 1344 3182 1413 Fructus
3248 1345 3453 1413 etiam
3519 1345 3866 1414 bonorum

2318 1473 2602 1541 operum
2666 1460 2826 1519 sunt
2889 1450 3007 1519 filii
3076 1450 3372 1520 tiliorum
3426 1475 3600 1543 quos
3677 1459 3869 1543 optat

2315 1559 2557 1627 videri.
2601 1559 2927 1627 Proverb.
2980 1583 3169 1638 xxxl,
3233 1562 3310 1628 31
3361 1583 3378 1627 ε
3433 1564 3614 1630 Date
3669 1562 3733 1628 ei
3784 1559 3869 1627 de

2316 1667 2555 1754 fructu
2583 1687 2920 1734 manuum
2947 1688 3261 1738 suarum.

2408 1908 2442 1944 α
2478 1882 2725 1948 Pacem
2777 1902 2982 1971 super
3023 1879 3265 1947 lsrael.
3312 1904 3345 1942 »
3386 1879 3560 1947 Ecce
3613 1901 3867 1948 secun-

2317 1986 2504 2066 dum,
2575 1988 2646 2054 in
2695 2010 2831 2078 quo
2897 1995 3087 2078 optat
3148 1987 3571 2055 amotionem
3638 1989 3866 2056 omnis

2316 2093 2500 2161 mali.
2536 2092 2684 2161 Pax
2722 2094 2903 2162 enim
2959 2117 3122 2163 vera
3160 2102 3432 2163 amovet
3475 2104 3542 2162 et
3587 2092 3868 2186 expellit

2315 2202 2548 2271 omnia
2585 2201 2764 2270 mala
2803 2210 2870 2271 et
2895 2225 3158 2294 aspera.

2401 2313 2581 2381 Dicit
2609 2335 2773 2405 ergo
2804 2336 2820 2381 ε
2858 2312 2972 2382 Sic
2999 2313 3230 2382 videas
3269 2314 3471 2393 filios,
3505 2325 3581 2384 ut
3609 2317 3681 2382 in
3729 2314 3863 2383 illis

2314 2421 2651 2513 glorieriS,
2704 2430 2769 2489 et
2824 2422 3056 2491 videas
3125 2451 3154 2487 α
3199 2446 3442 2515 pacem
3501 2452 3533 2487 »
3595 2446 3860 2503 veram,

2315 2554 2519 2600 omne
2549 2529 2804 2601 scilicet
2834 2530 3090 2600 malum
3130 2531 3628 2610 excludentem,
3669 2557 3704 2599 c
3736 2557 3864 2602 su-

2307 2665 2432 2732 per
2491 2641 2714 2710 Israel
2769 2668 2804 2705 n
2864 2643 3291 2711 existentem.
3340 2640 3591 2711 Pacem
3651 2664 3860 2733 quam

2311 2748 2621 2839 superius
2674 2746 2970 2838 petebat,
3032 2747 3214 2816 Psal.
3275 2771 3455 2827 cxxi,
3517 2749 3556 2817 7
3618 2771 3635 2817 ε
3695 2751 3864 2818 Fiat

2305 2882 2455 2949 pax
2484 2859 2555 2925 in
2583 2858 2835 2925 virtute
2872 2866 3019 2925 tua.

2400 2965 2481 3033 Et
2511 2973 2699 3046 nota,
2744 2964 2929 3057 quod
2955 2974 3057 3036 est
3084 2989 3220 3057 pax
3258 2966 3829 3037 reconciliationis

2310 3103 2463 3175 quae
2528 3088 2630 3150 est
2685 3103 2822 3173 pax
2876 3082 3054 3149 inter
3119 3079 3352 3162 Israel,
3421 3104 3632 3174 quam
3698 3083 3861 3154 iacit

2307 3193 2494 3262 Deus
2540 3192 2716 3260 inter
2775 3189 3080 3282 Angelos
3130 3200 3198 3260 et
3260 3190 3603 3273 homines,
3683 3195 3863 3264 inter

2311 3302 2626 3370 homines
2655 3308 2722 3370 et
2749 3298 3063 3370 homines
3100 3303 3176 3370 iu
3210 3301 3342 3371 fide
3372 3309 3440 3370 et
3468 3303 3601 3371 ritu
3632 3303 3862 3373 diver-

2309 3433 2445 3478 sos.
2515 3407 2623 3476 Ad
2686 3406 2936 3499 Ephes.
2999 3431 3073 3487 n,
3137 3410 3218 3476 14
3270 3434 3285 3478 ε
3353 3410 3510 3501 Ipse
3565 3422 3662 3479 est
3707 3435 3863 3505 pax

2308 3528 2568 3598 nostra,
2610 3518 2734 3609 qui
2767 3517 2933 3607 fecit
2997 3526 3289 3608 utraque
3332 3539 3578 3588 unum.
3629 3516 3716 3587 Et
3760 3528 3865 3590 est

2307 3648 2442 3719 pax
2470 3625 2788 3716 pectoris,
2822 3644 2971 3714 quae
3000 3631 3103 3692 est
3129 3645 3267 3714 pax
3303 3626 3376 3693 in
3423 3624 3659 3695 Israel.
3693 3619 3859 3696 Luc.

2310 3764 2382 3820 n,
2445 3739 2525 3806 14
2586 3758 2604 3807 ε
2660 3735 2747 3804 In
2795 3742 2977 3802 terra
3018 3757 3168 3825 pax
3221 3734 3619 3805 hominibus
3674 3736 3865 3806 bone

2311 3844 2713 3915 voluntatis.
2748 3840 3055 3921 Constat,
3091 3842 3275 3933 quod
3317 3840 3398 3910 de
3424 3864 3592 3934 pace
3625 3850 3862 3934 pecto-

2311 3952 2404 4020 ris
2459 3946 2766 4039 loquitur
2811 3967 2827 4012 ε
2883 3944 3168 4013 multam
3217 3946 3402 4014 enim
3458 3944 3668 4014 habet
3724 3944 3867 4014 fre-

2313 4066 2600 4152 quenter
2628 4054 2924 4125 exterius
2950 4053 3436 4122 turbationem.
3477 4054 3682 4122 Joan.
3715 4076 3863 4138 xiv,

2316 4170 2398 4237 27
2442 4191 2458 4235 :
2513 4168 2765 4235 Pacem
2821 4162 3137 4254 relinquo
3177 4161 3388 4232 vobis.
3448 4161 3536 4231 Et
3582 4170 3685 4231 est
3729 4185 3868 4255 pax

2313 4270 2732 4351 aeternitatis,
2791 4292 2914 4360 pro
2970 4291 3108 4362 qua
3159 4268 3329 4361 petit
3361 4266 3497 4347 hic,
3551 4290 3705 4360 quae
3765 4275 3870 4338 est

2313 4403 2447 4473 pax
2490 4401 2698 4471 super
2750 4375 2982 4447 Israel.
3043 4375 3176 4445 lsa.
3236 4399 3418 4455 vax,
3471 4377 3553 4443 12
3615 4399 3634 4446 t
3695 4377 3872 4446 Ecce

2314 4512 2437 4582 eqo
2477 4486 2837 4557 declinabo
2889 4509 3097 4579 super
3121 4509 3274 4557 cam
3317 4485 3524 4578 quasi
3555 4486 3861 4575 fluvium

2303 4596 2527 4689 pacis.
2595 4593 2703 4662 Ad
2766 4593 2989 4663 Galat.
3059 4616 3157 4676 vt,
3209 4596 3294 4662 16
3356 4615 3373 4663 :
3433 4595 3597 4662 Pax
3658 4615 3871 4685 super

2315 4703 2502 4782 illos,
2571 4711 2635 4770 et
2685 4700 3180 4781 misericordia,
3247 4711 3313 4770 et
3382 4722 3592 4793 super
3645 4700 3872 4770 'Israel

2315 4813 2468 4881 Dei.
2502 4810 2664 4881 liaec
2701 4818 2803 4879 est
2842 4809 2982 4886 illa,
3027 4808 3111 4880 de
3150 4833 3287 4903 qua
3331 4809 3737 4901 Apostolus,
3779 4809 3870 4879 ad

2316 4919 2566 5011 Philip.
2614 4942 2709 4998 iv,
2741 4920 2780 4988 Ἰ
2817 4939 2833 4986 :
2868 4920 2965 4987 Et
2996 4941 3147 5010 pax
3188 4918 3342 5002 Dei,
3389 4940 3545 5009 quae
3580 4941 3868 5011 exsupe-

2313 5039 2427 5098 rat
2454 5047 2722 5097 omnem
2775 5047 3074 5107 sensum,
3115 5025 3461 5094 custodiat
3506 5025 3718 5094 corda
3757 5048 3865 5095 ve-

2313 5148 2483 5215 stra,
2526 5146 2590 5203 et
2619 5132 3113 5223 intelliqentias
3166 5143 3445 5201 vestras.
3496 5131 3605 5199 Ad
3657 5154 3866 5224 quam

2317 5266 2443 5312 nos
2481 5241 2825 5335 perducat,
2858 5263 2995 5331 qua
3030 5261 3158 5310 nos
3177 5238 3566 5331 perfundat,
3598 5241 3720 5331 qui
3765 5248 3870 5310 est

2318 5347 2737 5427 benedictus,
2772 5356 2899 5417 etc.

3837 3022 3856 3055 ν
3889 2972 4187 3073 ’33393

3889 3077 4212 3182 &mii-'ut‘
