5008 6329
806 1457 906 1503 Cur
930 1458 1086 1505 Evn-

788 1510 967 1567 getium
992 1512 1107 1557 diel-

825 1571 902 1609 tur
928 1573 1072 1611 test·-

843 1627 1051 1664 mentum

820 1678 1046 1718 eternum
1055 1675 1079 1717 2

1969 207 2680 286 COMMENTARIUS
2730 217 2827 286 IN
2873 221 3315 296 PSALMUM
3364 228 3507 303 CX.

1232 369 1348 438 Ait
1376 373 1622 442 enim:
1689 376 1804 447 Sic
1859 392 2021 452 sunt
2084 386 2311 458 fidelia
2375 391 2699 461 mandate.

1141 476 1294 561 Dei,
1329 488 1396 548 et
1434 482 1760 568 efficacia,
1796 498 1864 559 et
1930 504 2258 587 perpetuo
2327 498 2688 567 durantia:

1144 589 1302 677 quia
1363 618 1391 655 «
1421 595 1782 667 mandavit
1848 613 2329 674 testamentum
2383 631 2616 690 suum,
2655 634 2688 675 n

1141 692 1272 763 hoc
1311 720 1570 770 novum
1610 705 2041 796 duraturum,
2079 737 2113 779 ‹
2156 715 2229 780 in
2251 722 2611 796 «τίει-ηψπ,
2653 741 2687 782 »

1141 809 1360 871 totum
1416 809 1675 882 scilicet
1715 838 1999 897 novum,
2071 819 2140 884 in
2201 842 2336 909 quo
2404 830 2471 889 et
2545 822 2692 893 haec

1140 914 1577 987 continentur
1605 929 1673 989 et
1701 923 2137 992 mandantur.
2172 926 2282 994 Ad
2317 928 2526 1000 Hebr.
2589 954 2683 1012 1x,

1138 1019 1274 1088 20:
1352 1027 1484 1094 Hic
1519 1038 1619 1095 est
1670 1033 1956 1119 sanquis
2028 1039 2415 1105 testamenti
2500 1039 2693 1130 quod

1136 1132 1494 1201 mandavit
1523 1136 1623 1203 ad
1654 1159 1770 1204 vos
1796 1140 2006 1207 Deus.
2040 1140 2127 1209 Et
2185 1145 2418 1212 aeterni
2478 1155 2684 1215 testa-

1136 1241 1376 1325 menti,
1418 1242 1605 1332 quin,
1648 1242 1892 1314 Matth.
1932 1270 2119 1329 xxvx,
2183 1251 2267 1319 28
2337 1273 2355 1320 ε
2407 1255 2540 1322 Hic
2591 1263 2687 1321 est

1131 1352 1417 1441 sanquis
1444 1374 1635 1420 meus
1680 1357 1843 1423 novi
1868 1366 2278 1440 testamenti,
2313 1362 2498 1430 etc.¹.

1221 1457 1488 1527 Dicitur
1534 1470 1765 1531 autem
1823 1465 2276 1558 Evangelium
2353 1480 2684 1539 aeternum

1136 1576 1636 1656 testamentum,
1703 1574 1865 1664 quia
1921 1577 1985 1644 ei
2040 1574 2226 1644 aliud
2257 1599 2396 1646 non
2443 1602 2686 1649 succe-

1132 1677 1255 1755 dit,
1311 1677 1486 1748 sicut
1549 1689 1804 1751 aeterno
1897 1684 2072 1752 nihil
2155 1687 2479 1759 succedit.
2571 1690 2682 1758 Ad

4234 239 4358 308 177

2894 419 2928 461 α
2980 397 3315 468 Sanctum
3347 412 3410 469 et
3447 403 3774 473 terribile.
3814 431 3846 467 »
3889 405 4015 474 Hic
4076 411 4352 480 tertium

2800 500 3007 592 hujus
3054 509 3292 594 partis,
3324 510 3395 576 in
3426 532 3561 598 quo
3603 514 3832 601 agitur
3871 513 3952 582 de
3985 521 4175 583 tanto
4232 541 4344 586 sa-

2799 623 3173 684 cramento.
3209 618 3382 686 Aeto
3413 623 3594 688 enim
3635 623 3715 691 de
3756 625 4211 706 institutione,
4265 627 4346 695 de

2798 720 3250 807 confectione,
3295 735 3360 795 et
3388 730 3635 798 virtute
3676 732 4073 814 verborum,
4117 736 4350 826 agitur

2796 829 2878 898 de
2910 832 3116 901 modo
3147 837 3458 904 sumendi
3498 837 3893 927 hujusmodi
3953 863 4347 911 sacramen-

2795 947 2966 1019 tum,
3018 950 3086 1008 et
3120 942 3341 1012 fructu
3409 945 3683 1035 speciali
3737 950 3834 1015 sic
3891 951 4337 1018 sumentium.

2791 1045 3012 1116 Debet
3039 1057 3272 1117 autem
3315 1054 3492 1120 sumi
3539 1075 3695 1121 cum
3752 1056 4025 1138 timore,
4086 1066 4161 1126 ut
4224 1057 4337 1127 ali·

2792 1156 2958 1247 quid
2986 1159 3208 1247 sapiat
3237 1160 3465 1250 palato
3496 1163 3724 1232 cordis
3752 1185 3766 1230 :
3806 1165 3989 1234 unde
4024 1166 4344 1236 dicuntur

2791 1263 2953 1334 duo.
2988 1265 3251 1349 Primo,
3289 1269 3535 1338 modus
3593 1294 3729 1363 quo
3770 1275 4149 1343 sumendus
4206 1282 4332 1355 est,

2791 1375 2951 1464 quia
2982 1398 3136 1444 cum
3178 1378 3448 1448 timore.
3527 1379 3871 1461 Secundo,
3915 1382 4175 1451 fructus
4242 1388 4340 1453 sic

2788 1485 3151 1568 sumentis„
3201 1485 3296 1553 ibi
3328 1489 3398 1556 in
3436 1489 3660 1557 medio
3691 1496 3758 1564 ς’.
3805 1491 3886 1559 10
3957 1514 3973 1558 t
4028 1516 4062 1558 ‹
4120 1492 4339 1563 Intel-

2790 1588 3003 1657 lectus
3032 1590 3270 1662 bonus.
3332 1622 3365 1657 »

2875 1698 2955 1766 In
3018 1701 3241 1790 prima
3297 1701 3458 1773 duo.
3529 1703 3792 1791 Primo,
3864 1728 4068 1775 causa
4144 1708 4331 1777 modi

1054 1854 1062 1860 .
1133 1783 1340 1852 llebr.
1382 1809 1528 1866 vm,
1562 1789 1665 1856 8:
1732 1791 2236 1861 consummabo
2296 1818 2502 1887 super
2549 1796 2682 1864 do·
2783 1811 3112 1900 tangitur.
3169 1809 3510 1892 Secundo,
3574 1813 4021 1906 subjungitur
4084 1815 4332 1886 modus

1129 1912 1318 1958 menn
1366 1892 1616 1976 Israel,
1663 1904 1729 1962 et
1778 1920 1985 1989 super
2040 1898 2322 1968 domum
2356 1902 2550 1971 luda
2589 1913 2681 1972 te·
2781 1917 3125 1998 sumendi,
3155 1918 3275 2006 ibi,
3332 1928 3398 1998 ᾗ.
3458 1921 3538 1988 10
3581 1944 3597 1990 z
3636 1946 3670 1988 c
3707 1923 4001 1990 Initium
4053 1926 4333 2015 sapien-

1120 2009 1539 2068 stmnentum
1569 2025 1822 2072 novum
1843 2004 1890 2072 ³.
1935 2004 2014 2073 In
2054 2016 2275 2078 morte
2304 2011 2484 2079 enim
2514 2035 2676 2080 con·
2781 2026 2916 2093 tiae.
2962 2054 2998 2089 >1

1124 2107 1431 2175 firmatur
1492 2108 1814 2181 voluntas
1886 2117 2253 2198 testatoriS,
2324 2141 2475 2210 quae
2531 2143 2673 2190 non
2865 2133 2984 2201 Ait
3057 2135 3282 2203 enim:
3353 2133 3468 2204 Sic
3529 2138 3831 2228 seipsum
3859 2139 4193 2207 veraciter
4257 2140 4328 2207 in

1120 2214 1517 2285 iterabitur.
1562 2219 1671 2287 Ad
1737 2220 2030 2290 Roman.
2075 2246 2170 2304 vx,
2213 2226 2253 2293 9
2296 2249 2312 2294 :
2352 2227 2671 2299 Christus
2776 2238 2973 2308 altari
3046 2249 3114 2310 et
3176 2241 3316 2323 dat,
3360 2252 3427 2311 ot
3500 2244 3687 2312 dabit
3726 2268 3749 2313 ‚·
3790 2245 3909 2314 sed
3966 2245 4331 2315 adverten-

1117 2346 1472 2416 resmyc'ns
1508 2351 1596 2395 ex
1623 2332 1937 2411 morlai-5,
1967 2331 2133 2422 jam
2173 2358 2309 2402 non
2339 2339 2663 2406 moritur·
2774 2347 2966 2431 dum,
3001 2349 3189 2442 quod
3221 2378 3256 2416 α
3287 2374 3530 2420 nomen
3556 2352 3713 2442 ejus
3741 2361 3844 2421 est
3904 2363 4243 2421 sanctum.
4281 2381 4311 2418 υ

1117 2428 1311 2513 Item,
1344 2435 1506 2525 quia
1533 2439 1814 2528 proprio
1845 2460 1964 2507 ore
1992 2440 2341 2511 conditum
2371 2444 2519 2533 ejus
2550 2446 2667 2537 qui
2771 2458 3032 2527 Verum
3072 2466 3199 2541 est,
3242 2459 3406 2530 Luc.
3477 2485 3523 2540 1,
3568 2463 3654 2529 35
3700 2484 3715 2527 ε
3755 2461 3962 2546 (mod
4012 2472 4328 2530 nascetur

1112 2549 1405 2610 aeternus
1443 2552 1569 2624 est,
1613 2545 1873 2615 scilicet
1902 2546 2054 2615 Filii
2105 2549 2252 2620 Dei.
2323 2552 2656 2623 Proverb.
2770 2574 2940 2633 exte
2985 2576 3328 2634 sanctum.
3395 2566 3566 2647 Imo,
3639 2566 3971 2635 Sanctum
4048 2577 4327 2637 sancto-

1111 2668 1230 2725 κει,
1273 2648 1402 2714 19ε
1464 2647 1765 2717 Labium
1820 2652 2131 2721 veritatis
2190 2655 2478 2743 firmum
2535 2661 2666 2727 erit
2770 2679 2982 2741 rum³.
3033 2672 3142 2739 Ad
3182 2671 3435 2763 Philip.
3470 2696 3541 2760 ιι,
3575 2677 3660 2742 9;
3706 2676 4012 2742 Donavit
4052 2673 4322 2742 illino-

1112 2754 1182 2819 in
1249 2763 1687 2846 perpetuum.
1759 2758 1843 2828 Et
1897 2759 2040 2850 ipse
2111 2765 2385 2844 veritas,
2453 2767 2655 2836 Joan·
2766 2802 2944 2858 men,
2969 2778 3164 2871 quod
3194 2789 3292 2849 est
3325 2803 3533 2872 super
3561 2803 3762 2849 omne
3796 2805 4085 2850 nomen:
4128 2788 4200 2849 ut
4231 2782 4321 2850 sit

1109 2883 1248 2942 MV»
1299 2864 1341 2930 ὓ
1375 2884 1392 2930 :
1423 2865 1579 2954 E'yv
1612 2887 1770 2935 Sum
1798 2870 1937 2948 ”⁸⁶02
1980 2879 2046 2938 e!
2081 2872 2352 2955 verim-⁵⁸.
2390 2883 2456 2942 e!
2486 2878 2653 2948 vila·
2763 2910 2905 2957 non
2933 2896 3201 2958 tantum
3234 2898 3570 2973 sanctum,
3612 2889 3729 2959 sed
3778 2890 4314 2959 sanctissimum.

1111 2965 1288 3047 Quin
1377 2969 1564 3060 quod
1654 2973 1996 3063 Ρΐθῐῐῑῖῑῑῖῑ
2083 2985 2186 3046 ⁰82
2292 2988 2656 3068 ωίθῐᾞῦω,
2766 3024 2801 3061 ι
2841 2999 2940 3065 E't
2992 2996 3323 3067 terribile.
3361 3023 3395 3064 »
3431 2997 3632 3066 Eccli.
3678 3021 3865 3078 xum,
3909 2999 3989 3066 3¹
4037 3021 4052 3066 :
4092 2999 4321 3066 Terri-

1108 3072 1348 3145 Mallh·
1380 3098 1521 3155 ΧΠ,
1560 3080 1645 3146 29
1684 3101 1700 3147 :
1758 3081 2180 3178 centuplum
2240 3089 2551 3181 accipiet,
2593 3101 2659 3159 el
2763 3101 2925 3173 bilis
2952 3105 3321 3184 Dominus,
3389 3114 3453 3172 et
3508 3127 3803 3196 maynus
3870 3105 4315 3177 veliementer.

1106 3185 1318 3252 vitam
1345 3194 1671 3255 aetemam
1687 3191 2091 3281 possidebit.
2120 3192 2266 3263 lmo
2288 3197 2470 3287 quod
2498 3198 2655 3290 plus
2761 3214 2970 3286 ssoelj,
3014 3237 3061 3294 ι,
3094 3217 3136 3283 8
3177 3237 3193 3283 :
3253 3217 3443 3286 Unus
3478 3225 3576 3284 ὃς(
3641 3217 4056 3294 altissimus,
4126 3240 4315 3285 crea.

1104 3301 1234 3381 est,
1295 3294 1380 3363 ad
1446 3303 1701 3365 aeterna
1760 3298 1969 3371 ducit.
2044 3303 2246 3373 Josn.
2322 3329 2417 3389 iv,
2485 3310 2564 3377 u
2630 3332 2648 3378 :
2758 3332 2869 3390 10,-
2902 3325 3354 3416 omnipotens,
3404 3333 3469 3392 ει
3519 3348 3646 3392 rm,-
3707 3334 3975 3417 potem,
4037 3333 4101 3392 ρ(
4166 3346 4316 3393 me..

1101 3405 1304 3496 ᾹΨΜ
1341 3426 1555 3496 quam
1610 3428 1735 3497 ²9⁰
1765 3407 1947 3478 ‘1⁰5⁰
2006 3412 2095 3498 θ’,
2130 3412 2255 3503 fiel
2282 3414 2352 3482 ²⁹⁷⁸
2390 3438 2466 3484 ⁶⁰
2490 3419 2654 3509 [ΟΜ
2757 3433 3053 3502 tuendus
3079 3433 3312 3501 nimis.
3385 3431 3741 3513 Sanctum,
3803 3435 3966 3525 quin
4004 3434 4316 3503 sanctiti-

1102 3534 1302 3603 aquae
1335 3512 1653 3583 salientis
1716 3515 1788 3584 in
1844 3517 2058 3587 vitam
2152 3530 2503 3607 aeternam,
2581 3525 2650 3596 id

1100 3627 1225 3701 est,
1266 3620 1468 3691 salire
1522 3620 1857 3694 facientis.
1918 3626 2005 3696 Et
2068 3627 2201 3699 hoc
2270 3629 2476 3703 hebet
2527 3657 2651 3704 no·

1096 3750 1263 3796 vum
1306 3730 1583 3821 proprie
1611 3754 1653 3800 n
1691 3744 2118 3805 sacramento
2162 3737 2419 3826 altaris„
2458 3743 2649 3835 quod

1096 3845 1195 3905 est
1224 3837 1527 3906 maxima
1593 3840 2002 3923 consolatio,
2047 3844 2232 3936 quod
2268 3846 2470 3917 detur
2514 3874 2649 3922 no-

1096 3942 1227 4024 bis,
1286 3944 1473 4038 quod
1495 3968 1625 4016 nos
1674 3946 1760 4016 sd
1807 3950 2022 4018 vitam
2086 3952 2396 4044 perducit
2442 3966 2648 4028 oeter-

1092 4075 1253 4122 nam
1285 4072 1304 4124 z
1337 4054 1518 4125 unde
1548 4062 1618 4125 et
1679 4056 2011 4128 viaticum
2040 4060 2444 4153 appellatur.

1179 4160 1470 4253 Propter
1494 4159 1629 4231 hoc
1655 4161 1831 4232 bene
1857 4167 2276 4258 preponitur
2317 4168 2430 4239 hic
2478 4194 2646 4242 sans

1089 4269 1236 4368 (y),
1304 4267 1490 4362 quod
1564 4269 1749 4340 idem
1806 4279 1910 4341 est
1965 4273 2151 4365 quod
2232 4277 2636 4351 consolatio.

1093 4376 1222 4447 lsa.
1265 4400 1374 4461 xz,
1443 4380 1473 4447 ¹
1524 4400 1543 4448 ε
1599 4379 2097 4464 consolamini,
2156 4387 2637 4474 consolamini,

1084 4485 1345 4578 popule
1407 4510 1623 4569 meus,
1673 4488 1848 4558 dicit
1882 4494 2072 4561 Deus
2099 4503 2331 4564 vester.
2383 4495 2644 4569 Conso·

1090 4592 1354 4674 lamini,
1397 4594 1559 4687 quin
1590 4595 1679 4664 do
1721 4620 1833 4667 me
1861 4597 2060 4669 vobis
2088 4599 2160 4669 in
2195 4601 2425 4673 cibum
2459 4629 2476 4676 ε
2518 4606 2640 4678 sed

1088 4698 1240 4792 plus
1268 4699 1748 4784 consolamini,
1783 4706 1945 4798 quis
1971 4730 2092 4800 per
2117 4707 2249 4780 hoc
2289 4711 2464 4783 duco
2510 4737 2639 4786 vos

1085 4806 1172 4877 sd
1201 4818 1558 4881 aeternum.

1155 5188 1174 5224 ¹
1204 5186 1289 5245 Cf.
1316 5187 1521 5258 etim,
1555 5189 1732 5247 Marc.
1765 5204 1882 5259 xiv,
1913 5191 2002 5248 24.
2059 5192 2199 5262 Em
2243 5194 2320 5253 ed
2361 5196 2633 5259 Corinth.

1085 5294 1164 5348 tx,
1193 5280 1263 5334 25
1296 5294 1312 5335 ε
1341 5280 1447 5336 liic
1474 5278 1631 5337 eati-r
1658 5295 1862 5337 not-um
1892 5285 2274 5343 testamentum
2300 5293 2378 5344 est
2406 5289 2467 5345 in
2514 5307 2634 5351 meo

2753 3564 2919 3612 cans
2973 3541 3179 3634 digne
3218 3542 3617 3613 accedentes
3663 3542 3749 3612 ad
3824 3566 3897 3612 se
3958 3543 4029 3611 in
4086 3542 4310 3612 altari.

2754 3649 2970 3721 Levit.
3003 3671 3148 3728 xxi,
3191 3650 3277 3719 23
3321 3672 3340 3717 ε
3401 3651 3554 3741 qu
3594 3651 3965 3732 Dominus,
4006 3653 4132 3743 qni
4152 3674 4311 3719 san·

2751 3755 2976 3846 ctifieo
3013 3777 3149 3826 eos.
3178 3754 3507 3825 Terribile
3536 3764 3871 3849 quantum
3902 3756 3987 3825 nd
4029 3757 4307 3848 indigne

2751 3863 3171 3943 accedentes,
3214 3864 3403 3955 quis,
3443 3863 3474 3931 1
3520 3864 3609 3933 sd
3673 3863 3988 3935 Corinth.
4031 3888 4127 3945 1¹,
4160 3868 4247 3934 29
4283 3887 4301 3934 :

2754 3972 2894 4058 Qui
2948 3972 3329 4042 manducat
3389 3983 3454 4042 et
3509 3971 3682 4043 bibit
3720 3974 4029 4065 indique,
4085 3973 4304 4063 judi-

2749 4077 2935 4146 cium
2985 4075 3125 4146 sibi
3177 4076 3554 4147 manducat
3617 4087 3683 4146 et
3752 4076 3949 4146 bibit.
4016 4077 4311 4171 Propter

2746 4181 2881 4252 hoc
2905 4182 2991 4252 ‹le
3017 4190 3339 4275 utroque,
3374 4182 3445 4252 in
3485 4181 3671 4252 Psnl.
3703 4205 3938 4263 xcvm,
3981 4184 4023 4253 3
4060 4206 4076 4251 :
4114 4184 4302 4254 Con-

2742 4290 3082 4381 fiteantur
3122 4291 3393 4360 nomini
3449 4299 3567 4359 tuo
3622 4314 3904 4383 maqno,
3972 4293 4306 4385 quoniam

2747 4397 3054 4469 terribile
3085 4405 3156 4467 et
3177 4407 3495 4467 sanctum
3559 4406 3683 4468 est.
3734 4396 3818 4467 Et
3886 4399 4186 4470 maxime
4227 4399 4296 4469 in

2743 4505 3137 4599 sumptione
3164 4505 3340 4575 sacri
3367 4504 3597 4575 calicis
3635 4504 3709 4575 in
3737 4506 3965 4577 elteri.

2833 4612 3031 4685 Unde
3094 4612 3504 4683 determinet
3594 4612 3784 4707 quod
3860 4613 3975 4684 hie
4051 4614 4302 4684 dicitur

2741 4722 2966 4793 littera
3019 4721 3409 4816 praeposite,
3486 4744 3641 4815 quae
3702 4729 3806 4793 est
3866 4743 4031 4791 corn
4089 4722 4292 4817 (Ἰ),

2742 4829 2927 4922 quod
2950 4829 3437 4922 interpretetur
3450 4827 3667 4910 colit,
3690 4827 3802 4898 vel
3807 4828 4113 4921 potatio,
4131 4751 4299 4922 lluis

2813 5207 2837 5244 ⁸
2862 5205 2949 5265 Cf.
2979 5206 3200 5264 ierem.
3232 5222 3389 5279 xxxi,
3419 5208 3511 5264 ³¹.

2807 5294 2834 5333 ⁸
2861 5294 2948 5354 Cr.
2982 5294 3213 5354 Daniel.
3243 5312 3324 5365 xx,
3377 5297 3447 5352 2⁴
3474 5310 3490 5353 z
3523 5294 3897 5368 Septnaqinta
3927 5294 4294 5353 hebdomades

1080 5367 1371 5440 sanquine.
1426 5368 1616 5427 Verba
1669 5370 2153 5432 Consecutionis
2208 5378 2520 5453 sanguinis
2563 5382 2632 5440 D.
2735 5387 3071 5445 abbreviata:
3097 5393 3226 5446 sumt
3352 5392 3417 5443 nt
3463 5393 3714 5459 meatur
3757 5387 3999 5445 Sanctus
4044 5388 4291 5445 Sancto·

1082 5461 1148 5518 N.
1177 5460 1227 5518 1.
1277 5459 1341 5517 C.
1374 5475 1390 5517 ε
1439 5481 1470 5510 α
1496 5460 1602 5518 llic
1641 5466 1735 5519 est
1761 5460 1918 5520 calix
1959 5464 2270 5541 sanguinis
2297 5467 2439 5542 mei,
2494 5473 2634 5532 novi
2732 5495 2884 5536 rum.

1081 5557 1141 5608 et
1192 5549 1401 5607 mterni
1433 5551 1804 5622 testamenti,
1832 5556 1947 5610 etc.
1980 5574 2012 5606 n

1344 5685 1459 5725 ,Wu

3943 5690 4010 5741 ¹2
