<?xml version="1.0" encoding="UTF-8"?>
<!DOCTYPE html PUBLIC "-//W3C//DTD XHTML 1.0 Transitional//EN"
    "http://www.w3.org/TR/xhtml1/DTD/xhtml1-transitional.dtd">
<html xmlns="http://www.w3.org/1999/xhtml" xml:lang="en" lang="en">
 <head>
  <title>
</title>
<meta http-equiv="Content-Type" content="text/html;charset=utf-8" />
  <meta name='ocr-system' content='tesseract 3.04.00' />
  <meta name='ocr-capabilities' content='ocr_page ocr_carea ocr_par ocr_line ocrx_word'/>
</head>
<body>
  <div class='ocr_page' id='page_1' title='image "balbertimagnira02chgoog_0211.png"; bbox 0 0 5008 6329; ppageno 0'>
   <div class='ocr_carea' id='block_1_1' title="bbox 1030 1113 1080 1173">
    <p class='ocr_par' dir='ltr' id='par_1_1' title="bbox 1030 1113 1080 1173">
     <span class='ocr_line' id='line_1_1' title="bbox 1030 1113 1080 1173; baseline 0 0"><span class='ocrx_word' id='word_1_1' title='bbox 1030 1113 1080 1173; x_wconf 70' lang='lat'><strong>¹2</strong></span> 
     </span>
    </p>
   </div>
   <div class='ocr_carea' id='block_1_2' title="bbox 2003 246 3646 332">
    <p class='ocr_par' dir='ltr' id='par_1_2' title="bbox 2003 246 3646 332">
     <span class='ocr_line' id='line_1_2' title="bbox 2003 246 3646 332; baseline 0.011 -18"><span class='ocrx_word' id='word_1_2' title='bbox 2003 246 2716 322; x_wconf 82' lang='lat' dir='ltr'><strong>COMMENTARIUS</strong></span> <span class='ocrx_word' id='word_1_3' title='bbox 2768 251 2865 319; x_wconf 91' lang='lat' dir='ltr'><strong>IN</strong></span> <span class='ocrx_word' id='word_1_4' title='bbox 2913 254 3353 327; x_wconf 85' lang='lat' dir='ltr'><strong>PSALMUM</strong></span> <span class='ocrx_word' id='word_1_5' title='bbox 3404 260 3646 332; x_wconf 78' lang='lat' dir='ltr'><strong>CXIII.</strong></span> 
     </span>
    </p>
   </div>
   <div class='ocr_carea' id='block_1_3' title="bbox 1243 407 2792 491">
    <p class='ocr_par' dir='ltr' id='par_1_3' title="bbox 1243 407 2792 491">
     <span class='ocr_line' id='line_1_3' title="bbox 1243 407 2792 491; baseline 0.01 -20"><span class='ocrx_word' id='word_1_6' title='bbox 1243 413 1347 472; x_wconf 85' lang='lat' dir='ltr'><strong>cet</strong></span> <span class='ocrx_word' id='word_1_7' title='bbox 1413 407 1831 491; x_wconf 78' lang='lat' dir='ltr'><strong>idololatraS‚</strong></span> <span class='ocrx_word' id='word_1_8' title='bbox 1918 416 2330 487; x_wconf 80' lang='lat' dir='ltr'><strong>videbantur</strong></span> <span class='ocrx_word' id='word_1_9' title='bbox 2388 422 2704 489; x_wconf 80' lang='lat' dir='ltr'><strong>ordinata</strong></span> <span class='ocrx_word' id='word_1_10' title='bbox 2777 443 2792 487; x_wconf 91' lang='lat'>:</span> 
     </span>
    </p>
   </div>
   <div class='ocr_carea' id='block_1_4' title="bbox 4334 272 4455 339">
    <p class='ocr_par' dir='ltr' id='par_1_4' title="bbox 4334 272 4455 339">
     <span class='ocr_line' id='line_1_4' title="bbox 4334 272 4455 339; baseline 0 -1"><span class='ocrx_word' id='word_1_11' title='bbox 4334 272 4455 339; x_wconf 84' lang='lat'><strong>201</strong></span> 
     </span>
    </p>
   </div>
   <div class='ocr_carea' id='block_1_5' title="bbox 2907 425 4453 526">
    <p class='ocr_par' dir='ltr' id='par_1_5' title="bbox 2907 425 4453 526">
     <span class='ocr_line' id='line_1_5' title="bbox 2907 425 4453 526; baseline 0.01 -37"><span class='ocrx_word' id='word_1_12' title='bbox 2907 431 2973 490; x_wconf 85' lang='lat' dir='ltr'><strong>et</strong></span> <span class='ocrx_word' id='word_1_13' title='bbox 3017 425 3473 497; x_wconf 78' lang='lat' dir='ltr'><strong>insufficienti.</strong></span> <span class='ocrx_word' id='word_1_14' title='bbox 3509 433 3770 514; x_wconf 83' lang='lat' dir='ltr'><strong>Primo,</strong></span> <span class='ocrx_word' id='word_1_15' title='bbox 3807 437 3967 526; x_wconf 83' lang='lat' dir='ltr'><strong>quia</strong></span> <span class='ocrx_word' id='word_1_16' title='bbox 4008 459 4145 504; x_wconf 91' lang='lat' dir='ltr'><strong>non</strong></span> <span class='ocrx_word' id='word_1_17' title='bbox 4186 438 4453 505; x_wconf 84' lang='lat' dir='ltr'><strong>docent.</strong></span> 
     </span>
    </p>
   </div>
   <div class='ocr_carea' id='block_1_6' title="bbox 1239 522 4456 742">
    <p class='ocr_par' dir='ltr' id='par_1_6' title="bbox 1239 522 4456 742">
     <span class='ocr_line' id='line_1_6' title="bbox 1242 522 4452 631; baseline 0.011 -54"><span class='ocrx_word' id='word_1_18' title='bbox 1242 522 1480 602; x_wconf 79' lang='lat' dir='ltr'><strong>gustus</strong></span> <span class='ocrx_word' id='word_1_19' title='bbox 1521 526 1752 586; x_wconf 85' lang='lat' dir='ltr'><strong>autem</strong></span> <span class='ocrx_word' id='word_1_20' title='bbox 1784 523 1868 589; x_wconf 87' lang='lat' dir='ltr'><strong>ad</strong></span> <span class='ocrx_word' id='word_1_21' title='bbox 1898 525 2226 616; x_wconf 86' lang='lat' dir='ltr'><strong>seipsum,</strong></span> <span class='ocrx_word' id='word_1_22' title='bbox 2272 535 2339 594; x_wconf 86' lang='lat' dir='ltr'><strong>et</strong></span> <span class='ocrx_word' id='word_1_23' title='bbox 2377 529 2464 595; x_wconf 83' lang='lat' dir='ltr'><strong>ad</strong></span> <span class='ocrx_word' id='word_1_24' title='bbox 2520 535 2795 595; x_wconf 85' lang='lat' dir='ltr'><strong>susten·</strong></span> <span class='ocrx_word' id='word_1_25' title='bbox 2910 529 3001 596; x_wconf 88' lang='lat' dir='ltr'><strong>Os</strong></span> <span class='ocrx_word' id='word_1_26' title='bbox 3037 531 3312 613; x_wconf 75' lang='lat' dir='ltr'><strong>habent,</strong></span> <span class='ocrx_word' id='word_1_27' title='bbox 3363 546 3426 602; x_wconf 81' lang='lat' dir='ltr'><strong>et</strong></span> <span class='ocrx_word' id='word_1_28' title='bbox 3473 561 3609 605; x_wconf 80' lang='lat' dir='ltr'><strong>non</strong></span> <span class='ocrx_word' id='word_1_29' title='bbox 3652 541 4039 631; x_wconf 77' lang='lat' dir='ltr'><strong>loquentur.</strong></span> <span class='ocrx_word' id='word_1_30' title='bbox 4081 544 4332 612; x_wconf 86' lang='lat' dir='ltr'><strong>Jerem.</strong></span> <span class='ocrx_word' id='word_1_31' title='bbox 4384 568 4452 624; x_wconf 81' lang='lat' dir='ltr'><strong>x,</strong></span> 
     </span>
     <span class='ocr_line' id='line_1_7' title="bbox 1239 623 4456 742; baseline 0.011 -57"><span class='ocrx_word' id='word_1_32' title='bbox 1239 623 1572 690; x_wconf 82' lang='lat' dir='ltr'><strong>tationem</strong></span> <span class='ocrx_word' id='word_1_33' title='bbox 1630 627 1841 717; x_wconf 82' lang='lat' dir='ltr'><strong>ipsius</strong></span> <span class='ocrx_word' id='word_1_34' title='bbox 1898 632 2316 712; x_wconf 70' lang='lat' dir='ltr'><strong>substantiae,</strong></span> <span class='ocrx_word' id='word_1_35' title='bbox 2390 643 2458 700; x_wconf 85' lang='lat' dir='ltr'><strong>et</strong></span> <span class='ocrx_word' id='word_1_36' title='bbox 2517 643 2796 724; x_wconf 83' lang='lat' dir='ltr'><strong>propter</strong></span> <span class='ocrx_word' id='word_1_37' title='bbox 2902 636 2942 701; x_wconf 81' lang='lat'>5</span> <span class='ocrx_word' id='word_1_38' title='bbox 2989 660 3005 702; x_wconf 75' lang='grc' dir='ltr'><em>τ</em></span> <span class='ocrx_word' id='word_1_39' title='bbox 3048 639 3131 704; x_wconf 76' lang='lat' dir='ltr'><strong>In</strong></span> <span class='ocrx_word' id='word_1_40' title='bbox 3192 641 3731 714; x_wconf 81' lang='lat' dir='ltr'><strong>similitudinem</strong></span> <span class='ocrx_word' id='word_1_41' title='bbox 3789 652 4053 739; x_wconf 77' lang='lat' dir='ltr'><strong>palmoe</strong></span> <span class='ocrx_word' id='word_1_42' title='bbox 4106 652 4456 742; x_wconf 75' lang='lat' dir='ltr'><strong>fabricata</strong></span> 
     </span>
    </p>
   </div>
   <div class='ocr_carea' id='block_1_7' title="bbox 1239 725 2183 807">
    <p class='ocr_par' dir='ltr' id='par_1_7' title="bbox 1239 725 2183 807">
     <span class='ocr_line' id='line_1_8' title="bbox 1239 725 2183 807; baseline 0.015 -14"><span class='ocrx_word' id='word_1_43' title='bbox 1239 725 1370 796; x_wconf 87' lang='lat' dir='ltr'><strong>hoc</strong></span> <span class='ocrx_word' id='word_1_44' title='bbox 1401 753 1540 798; x_wconf 89' lang='lat' dir='ltr'><strong>non</strong></span> <span class='ocrx_word' id='word_1_45' title='bbox 1581 748 2183 807; x_wconf 82' lang='lat' dir='ltr'>commemoratur.</span> 
     </span>
    </p>
   </div>
   <div class='ocr_carea' id='block_1_8' title="bbox 1207 1065 2788 2133">
    <p class='ocr_par' dir='ltr' id='par_1_8' title="bbox 1207 1065 2788 2133">
     <span class='ocr_line' id='line_1_9' title="bbox 1328 1065 2777 1146; baseline 0.011 -17"><span class='ocrx_word' id='word_1_46' title='bbox 1328 1088 1360 1128; x_wconf 77' lang='grc' dir='ltr'><strong>α</strong></span> <span class='ocrx_word' id='word_1_47' title='bbox 1394 1066 1613 1132; x_wconf 84' lang='lat' dir='ltr'><em>Pedes</em></span> <span class='ocrx_word' id='word_1_48' title='bbox 1649 1065 1922 1146; x_wconf 66' lang='lat' dir='ltr'><strong>liabent,</strong></span> <span class='ocrx_word' id='word_1_49' title='bbox 1956 1079 2020 1135; x_wconf 81' lang='lat' dir='ltr'><strong>et</strong></span> <span class='ocrx_word' id='word_1_50' title='bbox 2049 1093 2184 1136; x_wconf 81' lang='lat' dir='ltr'><strong>non</strong></span> <span class='ocrx_word' id='word_1_51' title='bbox 2224 1072 2707 1143; x_wconf 78' lang='lat' dir='ltr'><strong>ambulabant.</strong></span> <span class='ocrx_word' id='word_1_52' title='bbox 2745 1106 2777 1140; x_wconf 87' lang='lat'>»</span> 
     </span>
     <span class='ocr_line' id='line_1_10' title="bbox 1228 1167 2779 1268; baseline 0.012 -35"><span class='ocrx_word' id='word_1_53' title='bbox 1228 1167 1400 1238; x_wconf 81' lang='lat' dir='ltr'><strong>Ecce</strong></span> <span class='ocrx_word' id='word_1_54' title='bbox 1441 1171 1779 1240; x_wconf 84' lang='lat' dir='ltr'><strong>defectum</strong></span> <span class='ocrx_word' id='word_1_55' title='bbox 1819 1184 2068 1245; x_wconf 78' lang='lat' dir='ltr'><strong>motus,</strong></span> <span class='ocrx_word' id='word_1_56' title='bbox 2115 1177 2423 1268; x_wconf 82' lang='lat' dir='ltr'><strong>Sapient.</strong></span> <span class='ocrx_word' id='word_1_57' title='bbox 2472 1205 2587 1265; x_wconf 71' lang='lat' dir='ltr'><strong>XV,</strong></span> <span class='ocrx_word' id='word_1_58' title='bbox 2645 1187 2725 1253; x_wconf 81' lang='lat'><strong>15</strong></span> <span class='ocrx_word' id='word_1_59' title='bbox 2762 1207 2779 1252; x_wconf 73' lang='grc' dir='ltr'><strong><em>ε</em></strong></span> 
     </span>
     <span class='ocr_line' id='line_1_11' title="bbox 1230 1275 2787 1360; baseline 0.013 -20"><span class='ocrx_word' id='word_1_60' title='bbox 1230 1275 1484 1342; x_wconf 81' lang='lat' dir='ltr'><strong>Omnia</strong></span> <span class='ocrx_word' id='word_1_61' title='bbox 1532 1278 1724 1345; x_wconf 85' lang='lat' dir='ltr'><strong>idola</strong></span> <span class='ocrx_word' id='word_1_62' title='bbox 1778 1284 2142 1351; x_wconf 78' lang='lat' dir='ltr'><strong>nationum</strong></span> <span class='ocrx_word' id='word_1_63' title='bbox 2200 1287 2358 1354; x_wconf 86' lang='lat' dir='ltr'><strong>deos</strong></span> <span class='ocrx_word' id='word_1_64' title='bbox 2408 1291 2787 1360; x_wconf 54' lang='lat' dir='ltr'><strong>aestimave-</strong></span> 
     </span>
     <span class='ocr_line' id='line_1_12' title="bbox 1222 1386 2788 1474; baseline 0.015 -29"><span class='ocrx_word' id='word_1_65' title='bbox 1222 1394 1407 1459; x_wconf 81' lang='lat' dir='ltr'><strong>rzmt,</strong></span> <span class='ocrx_word' id='word_1_66' title='bbox 1445 1386 1696 1474; x_wconf 72' lang='lat' dir='ltr'><strong>quibus·</strong></span> <span class='ocrx_word' id='word_1_67' title='bbox 1751 1413 1867 1456; x_wconf 68' lang='lat' dir='ltr'><strong>uec</strong></span> <span class='ocrx_word' id='word_1_68' title='bbox 1925 1394 2282 1462; x_wconf 77' lang='lat' dir='ltr'><strong>oculorum</strong></span> <span class='ocrx_word' id='word_1_69' title='bbox 2334 1419 2498 1464; x_wconf 80' lang='lat' dir='ltr'><strong>usus</strong></span> <span class='ocrx_word' id='word_1_70' title='bbox 2547 1408 2642 1465; x_wconf 84' lang='lat' dir='ltr'><strong>est</strong></span> <span class='ocrx_word' id='word_1_71' title='bbox 2690 1402 2788 1469; x_wconf 85' lang='lat' dir='ltr'><strong>ad</strong></span> 
     </span>
     <span class='ocr_line' id='line_1_13' title="bbox 1220 1490 2778 1595; baseline 0.015 -41"><span class='ocrx_word' id='word_1_72' title='bbox 1220 1490 1618 1574; x_wconf 81' lang='lat' dir='ltr'><strong>videndum,</strong></span> <span class='ocrx_word' id='word_1_73' title='bbox 1652 1519 1867 1587; x_wconf 80' lang='lat' dir='ltr'><strong>neque</strong></span> <span class='ocrx_word' id='word_1_74' title='bbox 1895 1524 2093 1567; x_wconf 83' lang='lat' dir='ltr'><strong>nares</strong></span> <span class='ocrx_word' id='word_1_75' title='bbox 2131 1502 2230 1568; x_wconf 87' lang='lat' dir='ltr'><strong>ad</strong></span> <span class='ocrx_word' id='word_1_76' title='bbox 2252 1506 2778 1595; x_wconf 79' lang='lat' dir='ltr'><strong>percipiendum</strong></span> 
     </span>
     <span class='ocr_line' id='line_1_14' title="bbox 1213 1600 2771 1697; baseline 0.015 -37"><span class='ocrx_word' id='word_1_77' title='bbox 1213 1600 1567 1687; x_wconf 72' lang='lat' dir='ltr'><strong>spiritum,</strong></span> <span class='ocrx_word' id='word_1_78' title='bbox 1626 1628 1841 1696; x_wconf 79' lang='lat' dir='ltr'><strong>neque</strong></span> <span class='ocrx_word' id='word_1_79' title='bbox 1896 1631 2097 1675; x_wconf 85' lang='lat' dir='ltr'><strong>aures</strong></span> <span class='ocrx_word' id='word_1_80' title='bbox 2163 1612 2262 1676; x_wconf 83' lang='lat' dir='ltr'><strong>ad</strong></span> <span class='ocrx_word' id='word_1_81' title='bbox 2317 1613 2771 1697; x_wconf 81' lang='lat' dir='ltr'><strong>audiendum,</strong></span> 
     </span>
     <span class='ocr_line' id='line_1_15' title="bbox 1213 1710 2769 1803; baseline 0.013 -33"><span class='ocrx_word' id='word_1_82' title='bbox 1213 1730 1430 1795; x_wconf 75' lang='lat' dir='ltr'><strong>neque</strong></span> <span class='ocrx_word' id='word_1_83' title='bbox 1476 1710 1685 1801; x_wconf 75' lang='lat' dir='ltr'><strong>‹liqiti</strong></span> <span class='ocrx_word' id='word_1_84' title='bbox 1738 1737 2075 1783; x_wconf 76' lang='lat' dir='ltr'><strong>manuum</strong></span> <span class='ocrx_word' id='word_1_85' title='bbox 2140 1718 2239 1784; x_wconf 90' lang='lat' dir='ltr'><strong>ad</strong></span> <span class='ocrx_word' id='word_1_86' title='bbox 2299 1723 2769 1803; x_wconf 77' lang='lat' dir='ltr'><strong>tractandum,</strong></span> 
     </span>
     <span class='ocr_line' id='line_1_16' title="bbox 1209 1814 2774 1914; baseline 0.014 -37"><span class='ocrx_word' id='word_1_87' title='bbox 1209 1814 1335 1879; x_wconf 83' lang='lat' dir='ltr'><strong>sed</strong></span> <span class='ocrx_word' id='word_1_88' title='bbox 1384 1826 1448 1882; x_wconf 84' lang='lat' dir='ltr'><strong>et</strong></span> <span class='ocrx_word' id='word_1_89' title='bbox 1473 1819 1688 1908; x_wconf 84' lang='lat' dir='ltr'><strong>pedes</strong></span> <span class='ocrx_word' id='word_1_90' title='bbox 1733 1844 1968 1889; x_wconf 83' lang='lat' dir='ltr'><strong>eorum</strong></span> <span class='ocrx_word' id='word_1_91' title='bbox 2006 1826 2206 1914; x_wconf 76' lang='lat' dir='ltr'><strong>piqri</strong></span> <span class='ocrx_word' id='word_1_92' title='bbox 2243 1828 2341 1893; x_wconf 86' lang='lat' dir='ltr'><strong>ad</strong></span> <span class='ocrx_word' id='word_1_93' title='bbox 2393 1829 2774 1898; x_wconf 81' lang='lat' dir='ltr'><strong>ambulan-</strong></span> 
     </span>
     <span class='ocr_line' id='line_1_17' title="bbox 1210 1921 2773 2030; baseline 0.013 -43"><span class='ocrx_word' id='word_1_94' title='bbox 1210 1921 1402 1990; x_wconf 82' lang='lat' dir='ltr'><strong>dum.</strong></span> <span class='ocrx_word' id='word_1_95' title='bbox 1441 1923 1748 2016; x_wconf 87' lang='lat' dir='ltr'><strong>Sapient.</strong></span> <span class='ocrx_word' id='word_1_96' title='bbox 1781 1952 1928 2008; x_wconf 75' lang='lat' dir='ltr'><strong>xut,</strong></span> <span class='ocrx_word' id='word_1_97' title='bbox 1981 1933 2058 1998; x_wconf 74' lang='lat'><strong>1¹.)</strong></span> <span class='ocrx_word' id='word_1_98' title='bbox 2093 1943 2108 2001; x_wconf 72' lang='grc' dir='ltr'><strong>ξ</strong></span> <span class='ocrx_word' id='word_1_99' title='bbox 2144 1936 2285 2002; x_wconf 85' lang='lat' dir='ltr'><strong>Pro</strong></span> <span class='ocrx_word' id='word_1_100' title='bbox 2325 1939 2568 2006; x_wconf 81' lang='lat' dir='ltr'><strong>itinere</strong></span> <span class='ocrx_word' id='word_1_101' title='bbox 2593 1941 2773 2030; x_wconf 82' lang='lat' dir='ltr'><strong>petit</strong></span> 
     </span>
     <span class='ocr_line' id='line_1_18' title="bbox 1207 2027 2446 2133; baseline 0.014 -38"><span class='ocrx_word' id='word_1_102' title='bbox 1207 2027 1295 2096; x_wconf 81' lang='lat' dir='ltr'><strong>ab</strong></span> <span class='ocrx_word' id='word_1_103' title='bbox 1335 2053 1410 2097; x_wconf 82' lang='lat' dir='ltr'><strong>eo</strong></span> <span class='ocrx_word' id='word_1_104' title='bbox 1449 2034 1576 2123; x_wconf 81' lang='lat' dir='ltr'><strong>qui</strong></span> <span class='ocrx_word' id='word_1_105' title='bbox 1612 2035 1978 2105; x_wconf 82' lang='lat' dir='ltr'><strong>ambulare</strong></span> <span class='ocrx_word' id='word_1_106' title='bbox 2031 2064 2165 2107; x_wconf 81' lang='lat' dir='ltr'><strong>non</strong></span> <span class='ocrx_word' id='word_1_107' title='bbox 2199 2053 2446 2133; x_wconf 82' lang='lat' dir='ltr'><strong>potest.</strong></span> 
     </span>
    </p>
   </div>
   <div class='ocr_carea' id='block_1_9' title="bbox 1195 2248 2768 3323">
    <p class='ocr_par' dir='ltr' id='par_1_9' title="bbox 1195 2248 2768 3323">
     <span class='ocr_line' id='line_1_19' title="bbox 1300 2248 2761 2342; baseline 0.013 -32"><span class='ocrx_word' id='word_1_108' title='bbox 1300 2274 1335 2310; x_wconf 73' lang='grc' dir='ltr'><strong>α</strong></span> <span class='ocrx_word' id='word_1_109' title='bbox 1402 2248 1558 2316; x_wconf 80' lang='lat' dir='ltr'><strong>Non</strong></span> <span class='ocrx_word' id='word_1_110' title='bbox 1623 2251 2053 2324; x_wconf 80' lang='lat' dir='ltr'><strong>clamabant.</strong></span> <span class='ocrx_word' id='word_1_111' title='bbox 2135 2285 2168 2321; x_wconf 75' lang='lat' dir='ltr'><strong>n</strong></span> <span class='ocrx_word' id='word_1_112' title='bbox 2256 2259 2386 2328; x_wconf 85' lang='lat' dir='ltr'><strong>Hic</strong></span> <span class='ocrx_word' id='word_1_113' title='bbox 2440 2261 2761 2342; x_wconf 79' lang='lat' dir='ltr'><strong>ostendit,</strong></span> 
     </span>
     <span class='ocr_line' id='line_1_20' title="bbox 1205 2353 2768 2443; baseline 0.012 -25"><span class='ocrx_word' id='word_1_114' title='bbox 1205 2353 1389 2443; x_wconf 87' lang='lat' dir='ltr'><strong>quod</strong></span> <span class='ocrx_word' id='word_1_115' title='bbox 1428 2367 1663 2425; x_wconf 85' lang='lat' dir='ltr'><strong>carent</strong></span> <span class='ocrx_word' id='word_1_116' title='bbox 1703 2382 1832 2428; x_wconf 92' lang='lat' dir='ltr'><strong>usu</strong></span> <span class='ocrx_word' id='word_1_117' title='bbox 1881 2385 2121 2431; x_wconf 88' lang='lat' dir='ltr'><strong>sensus</strong></span> <span class='ocrx_word' id='word_1_118' title='bbox 2169 2366 2572 2435; x_wconf 86' lang='lat' dir='ltr'><strong>animalium</strong></span> <span class='ocrx_word' id='word_1_119' title='bbox 2629 2369 2768 2436; x_wconf 89' lang='lat' dir='ltr'><strong>im-</strong></span> 
     </span>
     <span class='ocr_line' id='line_1_21' title="bbox 1201 2462 2765 2550; baseline 0.014 -25"><span class='ocrx_word' id='word_1_120' title='bbox 1201 2462 1657 2550; x_wconf 75' lang='lat' dir='ltr'><strong>perfectorum</strong></span> <span class='ocrx_word' id='word_1_121' title='bbox 1714 2489 1730 2533; x_wconf 86' lang='lat'>:</span> <span class='ocrx_word' id='word_1_122' title='bbox 1783 2471 2019 2538; x_wconf 82' lang='lat' dir='ltr'><strong>onmia</strong></span> <span class='ocrx_word' id='word_1_123' title='bbox 2057 2472 2240 2541; x_wconf 87' lang='lat' dir='ltr'><strong>cuim</strong></span> <span class='ocrx_word' id='word_1_124' title='bbox 2281 2476 2606 2545; x_wconf 78' lang='lat' dir='ltr'><strong>animalia</strong></span> <span class='ocrx_word' id='word_1_125' title='bbox 2642 2500 2765 2546; x_wconf 74' lang='lat' dir='ltr'><strong>vo·</strong></span> 
     </span>
     <span class='ocr_line' id='line_1_22' title="bbox 1200 2575 2761 2678; baseline 0.013 -44"><span class='ocrx_word' id='word_1_126' title='bbox 1200 2591 1346 2636; x_wconf 83' lang='lat' dir='ltr'><strong>cem</strong></span> <span class='ocrx_word' id='word_1_127' title='bbox 1399 2575 1710 2643; x_wconf 85' lang='lat' dir='ltr'><strong>emittere</strong></span> <span class='ocrx_word' id='word_1_128' title='bbox 1749 2590 2034 2667; x_wconf 77' lang='lat' dir='ltr'><strong>possunt</strong></span> <span class='ocrx_word' id='word_1_129' title='bbox 2091 2606 2128 2650; x_wconf 88' lang='lat' dir='ltr'><strong>a</strong></span> <span class='ocrx_word' id='word_1_130' title='bbox 2177 2592 2452 2674; x_wconf 80' lang='lat' dir='ltr'><strong>gutture</strong></span> <span class='ocrx_word' id='word_1_131' title='bbox 2508 2609 2522 2653; x_wconf 88' lang='lat'>:</span> <span class='ocrx_word' id='word_1_132' title='bbox 2574 2585 2761 2678; x_wconf 89' lang='lat' dir='ltr'><strong>quod</strong></span> 
     </span>
     <span class='ocr_line' id='line_1_23' title="bbox 1200 2686 2755 2774; baseline 0.012 -32"><span class='ocrx_word' id='word_1_133' title='bbox 1200 2700 1337 2744; x_wconf 92' lang='lat' dir='ltr'><strong>non</strong></span> <span class='ocrx_word' id='word_1_134' title='bbox 1400 2692 1688 2769; x_wconf 77' lang='lat' dir='ltr'><strong>possunt</strong></span> <span class='ocrx_word' id='word_1_135' title='bbox 1744 2686 1946 2754; x_wconf 85' lang='lat' dir='ltr'><strong>etiam</strong></span> <span class='ocrx_word' id='word_1_136' title='bbox 2007 2689 2394 2760; x_wconf 85' lang='lat' dir='ltr'><strong>simulacra.</strong></span> <span class='ocrx_word' id='word_1_137' title='bbox 2457 2693 2755 2774; x_wconf 83' lang='lat' dir='ltr'><strong>Baruch,</strong></span> 
     </span>
     <span class='ocr_line' id='line_1_24' title="bbox 1196 2789 2762 2884; baseline 0.011 -32"><span class='ocrx_word' id='word_1_138' title='bbox 1196 2807 1293 2863; x_wconf 74' lang='lat' dir='ltr'><strong>vt,</strong></span> <span class='ocrx_word' id='word_1_139' title='bbox 1365 2789 1450 2855; x_wconf 78' lang='lat'><strong>63</strong></span> <span class='ocrx_word' id='word_1_140' title='bbox 1495 2809 1511 2856; x_wconf 88' lang='lat'>:</span> <span class='ocrx_word' id='word_1_141' title='bbox 1557 2790 1792 2882; x_wconf 77' lang='lat' dir='ltr'><strong>Neque</strong></span> <span class='ocrx_word' id='word_1_142' title='bbox 1836 2795 2111 2884; x_wconf 78' lang='lat' dir='ltr'><strong>reqibus</strong></span> <span class='ocrx_word' id='word_1_143' title='bbox 2148 2800 2587 2884; x_wconf 78' lang='lat' dir='ltr'><strong>maledicent,</strong></span> <span class='ocrx_word' id='word_1_144' title='bbox 2638 2825 2762 2869; x_wconf 80' lang='lat' dir='ltr'><strong>ne-</strong></span> 
     </span>
     <span class='ocr_line' id='line_1_25' title="bbox 1195 2894 2758 2998; baseline 0.012 -38"><span class='ocrx_word' id='word_1_145' title='bbox 1195 2917 1328 2984; x_wconf 83' lang='lat' dir='ltr'><strong>que</strong></span> <span class='ocrx_word' id='word_1_146' title='bbox 1427 2894 1838 2971; x_wconf 78' lang='lat' dir='ltr'><strong>benedicent.</strong></span> <span class='ocrx_word' id='word_1_147' title='bbox 1910 2903 1994 2973; x_wconf 86' lang='lat' dir='ltr'><strong>Et</strong></span> <span class='ocrx_word' id='word_1_148' title='bbox 2076 2908 2303 2998; x_wconf 77' lang='lat' dir='ltr'><strong>arguit</strong></span> <span class='ocrx_word' id='word_1_149' title='bbox 2377 2909 2446 2977; x_wconf 92' lang='lat' dir='ltr'><strong>in</strong></span> <span class='ocrx_word' id='word_1_150' title='bbox 2514 2909 2758 2979; x_wconf 88' lang='lat' dir='ltr'><strong>eodem</strong></span> 
     </span>
     <span class='ocr_line' id='line_1_26' title="bbox 1196 3001 2764 3086; baseline 0.011 -17"><span class='ocrx_word' id='word_1_151' title='bbox 1196 3001 1449 3071; x_wconf 85' lang='lat' dir='ltr'><strong>miram</strong></span> <span class='ocrx_word' id='word_1_152' title='bbox 1551 3004 2068 3081; x_wconf 83' lang='lat' dir='ltr'><strong>idololatrarum</strong></span> <span class='ocrx_word' id='word_1_153' title='bbox 2160 3015 2547 3085; x_wconf 74' lang='lat' dir='ltr'><strong>stultitiam.</strong></span> <span class='ocrx_word' id='word_1_154' title='bbox 2644 3019 2764 3086; x_wconf 82' lang='lat' dir='ltr'><strong>Ait</strong></span> 
     </span>
     <span class='ocr_line' id='line_1_27' title="bbox 1199 3109 2761 3207; baseline 0.012 -31"><span class='ocrx_word' id='word_1_155' title='bbox 1199 3109 1414 3196; x_wconf 89' lang='lat' dir='ltr'><strong>enim,</strong></span> <span class='ocrx_word' id='word_1_156' title='bbox 1448 3111 1729 3191; x_wconf 85' lang='lat' dir='ltr'><strong>ibidem,</strong></span> <span class='ocrx_word' id='word_1_157' title='bbox 1762 3125 1824 3195; x_wconf 70' lang='lat'><strong>5.</strong></span> <span class='ocrx_word' id='word_1_158' title='bbox 1871 3119 1956 3187; x_wconf 68' lang='lat'><strong>40</strong></span> <span class='ocrx_word' id='word_1_159' title='bbox 1991 3141 2009 3191; x_wconf 77' lang='lat' dir='ltr'><em>z</em></span> <span class='ocrx_word' id='word_1_160' title='bbox 2056 3122 2196 3207; x_wconf 83' lang='lat' dir='ltr'><strong>Qui</strong></span> <span class='ocrx_word' id='word_1_161' title='bbox 2220 3146 2377 3193; x_wconf 83' lang='lat' dir='ltr'><strong>cum</strong></span> <span class='ocrx_word' id='word_1_162' title='bbox 2407 3125 2761 3195; x_wconf 82' lang='lat' dir='ltr'><strong>audierint</strong></span> 
     </span>
     <span class='ocr_line' id='line_1_28' title="bbox 1203 3228 2766 3323; baseline 0.014 -40"><span class='ocrx_word' id='word_1_163' title='bbox 1203 3228 1473 3288; x_wconf 79' lang='lat' dir='ltr'><strong>mulum</strong></span> <span class='ocrx_word' id='word_1_164' title='bbox 1515 3247 1650 3290; x_wconf 82' lang='lat' dir='ltr'><strong>mm</strong></span> <span class='ocrx_word' id='word_1_165' title='bbox 1703 3250 1900 3316; x_wconf 79' lang='lat' dir='ltr'><strong>posse</strong></span> <span class='ocrx_word' id='word_1_166' title='bbox 1941 3229 2158 3320; x_wconf 78' lang='lat' dir='ltr'><strong>loqui,</strong></span> <span class='ocrx_word' id='word_1_167' title='bbox 2213 3235 2514 3323; x_wconf 79' lang='lat' dir='ltr'><strong>offerunt</strong></span> <span class='ocrx_word' id='word_1_168' title='bbox 2570 3234 2766 3305; x_wconf 83' lang='lat' dir='ltr'><strong>illud</strong></span> 
     </span>
    </p>
   </div>
   <div class='ocr_carea' id='block_1_10' title="bbox 861 3324 2425 3454">
    <p class='ocr_par' dir='ltr' id='par_1_10' title="bbox 861 3324 2425 3454">
     <span class='ocr_line' id='line_1_29' title="bbox 861 3324 2425 3454; baseline 0.016 -70"><span class='ocrx_word' id='word_1_169' title='bbox 861 3342 1174 3454; x_wconf 43' lang='grc' dir='ltr'><strong>Ἦβικῖξιὶι</strong></span> <span class='ocrx_word' id='word_1_170' title='bbox 1203 3324 1301 3392; x_wconf 73' lang='lat' dir='ltr'><strong>acl</strong></span> <span class='ocrx_word' id='word_1_171' title='bbox 1325 3325 1480 3405; x_wconf 81' lang='lat' dir='ltr'><strong>Bel,</strong></span> <span class='ocrx_word' id='word_1_172' title='bbox 1501 3331 1937 3420; x_wconf 79' lang='lat' dir='ltr'><strong>postulantes</strong></span> <span class='ocrx_word' id='word_1_173' title='bbox 1964 3334 2053 3403; x_wconf 84' lang='lat' dir='ltr'><strong>ab</strong></span> <span class='ocrx_word' id='word_1_174' title='bbox 2090 3361 2165 3404; x_wconf 86' lang='lat' dir='ltr'><strong>eo</strong></span> <span class='ocrx_word' id='word_1_175' title='bbox 2206 3339 2425 3431; x_wconf 83' lang='lat' dir='ltr'><strong>loqui.</strong></span> 
     </span>
    </p>
   </div>
   <div class='ocr_carea' id='block_1_11' title="bbox 853 3430 2765 3767">
    <p class='ocr_par' dir='ltr' id='par_1_11' title="bbox 853 3430 2765 3767">
     <span class='ocr_line' id='line_1_30' title="bbox 881 3430 2765 3541; baseline 0.012 -45"><span class='ocrx_word' id='word_1_176' title='bbox 881 3463 944 3496; x_wconf 68' lang='grc' dir='ltr'><strong>οι</strong></span> <span class='ocrx_word' id='word_1_177' title='bbox 971 3452 1149 3509; x_wconf 63' lang='lat' dir='ltr'><strong>duplici</strong></span> <span class='ocrx_word' id='word_1_178' title='bbox 1296 3430 1511 3502; x_wconf 85' lang='lat' dir='ltr'><strong>ln·his</strong></span> <span class='ocrx_word' id='word_1_179' title='bbox 1548 3447 1928 3529; x_wconf 74' lang='lat' dir='ltr'><strong>arguuntur</strong></span> <span class='ocrx_word' id='word_1_180' title='bbox 1957 3441 2223 3515; x_wconf 78' lang='lat' dir='ltr'><strong>l’raelati</strong></span> <span class='ocrx_word' id='word_1_181' title='bbox 2254 3448 2475 3527; x_wconf 88' lang='lat' dir='ltr'><strong>inscii,</strong></span> <span class='ocrx_word' id='word_1_182' title='bbox 2509 3457 2574 3517; x_wconf 87' lang='lat' dir='ltr'><strong>et</strong></span> <span class='ocrx_word' id='word_1_183' title='bbox 2600 3473 2765 3541; x_wconf 87' lang='lat' dir='ltr'><strong>per-</strong></span> 
     </span>
     <span class='ocr_line' id='line_1_31' title="bbox 853 3506 2758 3636; baseline 0.015 -35"><span class='ocrx_word' id='word_1_184' title='bbox 853 3506 1174 3614; x_wconf 49' lang='lat' dir='ltr'><strong>gffni‘uffrffx</strong></span> <span class='ocrx_word' id='word_1_185' title='bbox 1203 3544 1409 3624; x_wconf 76' lang='lat' dir='ltr'><strong>versi,</strong></span> <span class='ocrx_word' id='word_1_186' title='bbox 1441 3545 1558 3636; x_wconf 89' lang='lat' dir='ltr'><strong>qui</strong></span> <span class='ocrx_word' id='word_1_187' title='bbox 1597 3546 1780 3618; x_wconf 82' lang='lat' dir='ltr'><strong>idola</strong></span> <span class='ocrx_word' id='word_1_188' title='bbox 1818 3560 1975 3621; x_wconf 88' lang='lat' dir='ltr'><strong>sunt</strong></span> <span class='ocrx_word' id='word_1_189' title='bbox 2023 3562 2090 3624; x_wconf 86' lang='lat' dir='ltr'><strong>et</strong></span> <span class='ocrx_word' id='word_1_190' title='bbox 2125 3556 2518 3628; x_wconf 88' lang='lat' dir='ltr'><strong>simulacra.</strong></span> <span class='ocrx_word' id='word_1_191' title='bbox 2554 3558 2758 3631; x_wconf 75' lang='lat' dir='ltr'><strong>Zach-</strong></span> 
     </span>
     <span class='ocr_line' id='line_1_32' title="bbox 853 3614 2763 3767; baseline 0.012 -56"><span class='ocrx_word' id='word_1_192' title='bbox 853 3614 1174 3767; x_wconf 50' lang='grc' dir='ltr'><strong>ἕῖἷῖοέοῧ.</strong></span> <span class='ocrx_word' id='word_1_193' title='bbox 1202 3667 1298 3724; x_wconf 72' lang='lat' dir='ltr'><strong>xi,</strong></span> <span class='ocrx_word' id='word_1_194' title='bbox 1350 3648 1429 3715; x_wconf 81' lang='grc' dir='ltr'><strong>Π</strong></span> <span class='ocrx_word' id='word_1_195' title='bbox 1483 3667 1500 3717; x_wconf 88' lang='lat'><strong>:</strong></span> <span class='ocrx_word' id='word_1_196' title='bbox 1581 3651 1643 3719; x_wconf 91' lang='lat'><em>0</em></span> <span class='ocrx_word' id='word_1_197' title='bbox 1684 3663 1954 3744; x_wconf 81' lang='lat' dir='ltr'><strong>pastor,</strong></span> <span class='ocrx_word' id='word_1_198' title='bbox 2014 3667 2079 3724; x_wconf 82' lang='lat' dir='ltr'><strong>et</strong></span> <span class='ocrx_word' id='word_1_199' title='bbox 2136 3659 2404 3729; x_wconf 80' lang='lat' dir='ltr'><strong>idolum</strong></span> <span class='ocrx_word' id='word_1_200' title='bbox 2452 3662 2763 3733; x_wconf 82' lang='lat' dir='ltr'><strong>derelin-</strong></span> 
     </span>
    </p>
   </div>
   <div class='ocr_carea' id='block_1_12' title="bbox 1172 3759 2761 5354">
    <p class='ocr_par' dir='ltr' id='par_1_12' title="bbox 1172 3759 2761 5354">
     <span class='ocr_line' id='line_1_33' title="bbox 1198 3759 2761 3862; baseline 0.015 -44"><span class='ocrx_word' id='word_1_201' title='bbox 1198 3776 1413 3844; x_wconf 81' lang='lat' dir='ltr'><strong>quens</strong></span> <span class='ocrx_word' id='word_1_202' title='bbox 1454 3779 1756 3845; x_wconf 75' lang='lat' dir='ltr'><strong>qreqem.</strong></span> <span class='ocrx_word' id='word_1_203' title='bbox 1808 3759 2068 3846; x_wconf 83' lang='lat' dir='ltr'><strong>1’ri1n0,</strong></span> <span class='ocrx_word' id='word_1_204' title='bbox 2111 3765 2195 3834; x_wconf 87' lang='lat' dir='ltr'><strong>de</strong></span> <span class='ocrx_word' id='word_1_205' title='bbox 2236 3769 2415 3837; x_wconf 81' lang='lat' dir='ltr'><strong>mala</strong></span> <span class='ocrx_word' id='word_1_206' title='bbox 2455 3769 2761 3862; x_wconf 87' lang='lat' dir='ltr'><strong>adeptio·</strong></span> 
     </span>
     <span class='ocr_line' id='line_1_34' title="bbox 1198 3859 2761 3961; baseline 0.015 -39"><span class='ocrx_word' id='word_1_207' title='bbox 1198 3879 1283 3923; x_wconf 86' lang='lat' dir='ltr'><strong>ne</strong></span> <span class='ocrx_word' id='word_1_208' title='bbox 1323 3859 1763 3949; x_wconf 74' lang='lat' dir='ltr'><strong>praelationiS,</strong></span> <span class='ocrx_word' id='word_1_209' title='bbox 1809 3869 1969 3956; x_wconf 82' lang='lat' dir='ltr'><strong>quia</strong></span> <span class='ocrx_word' id='word_1_210' title='bbox 2021 3869 2280 3961; x_wconf 82' lang='lat' dir='ltr'><strong>indigni</strong></span> <span class='ocrx_word' id='word_1_211' title='bbox 2338 3882 2523 3943; x_wconf 88' lang='lat' dir='ltr'><strong>sunt.</strong></span> <span class='ocrx_word' id='word_1_212' title='bbox 2579 3873 2761 3944; x_wconf 82' lang='lat' dir='ltr'><strong>Sunt</strong></span> 
     </span>
     <span class='ocr_line' id='line_1_35' title="bbox 1194 3965 2757 4071; baseline 0.013 -41"><span class='ocrx_word' id='word_1_213' title='bbox 1194 3965 1379 4033; x_wconf 88' lang='lat' dir='ltr'><strong>enim</strong></span> <span class='ocrx_word' id='word_1_214' title='bbox 1445 3990 1693 4038; x_wconf 87' lang='lat' dir='ltr'><strong>aurum</strong></span> <span class='ocrx_word' id='word_1_215' title='bbox 1732 3979 1798 4040; x_wconf 83' lang='lat' dir='ltr'><strong>et</strong></span> <span class='ocrx_word' id='word_1_216' title='bbox 1836 3984 2196 4065; x_wconf 79' lang='lat' dir='ltr'><strong>argentum</strong></span> <span class='ocrx_word' id='word_1_217' title='bbox 2258 3979 2630 4071; x_wconf 81' lang='lat' dir='ltr'><strong>cupiditate</strong></span> <span class='ocrx_word' id='word_1_218' title='bbox 2686 3990 2757 4050; x_wconf 87' lang='lat' dir='ltr'><strong>et</strong></span> 
     </span>
     <span class='ocr_line' id='line_1_36' title="bbox 1192 4078 2756 4179; baseline 0.015 -39"><span class='ocrx_word' id='word_1_219' title='bbox 1192 4096 1453 4142; x_wconf 87' lang='lat' dir='ltr'><strong>amore.</strong></span> <span class='ocrx_word' id='word_1_220' title='bbox 1515 4078 1943 4169; x_wconf 74' lang='lat' dir='ltr'><strong>Augustinus</strong></span> <span class='ocrx_word' id='word_1_221' title='bbox 1997 4106 2013 4151; x_wconf 73' lang='grc' dir='ltr'>ε</span> <span class='ocrx_word' id='word_1_222' title='bbox 2073 4112 2104 4150; x_wconf 76' lang='grc' dir='ltr'>ι</span> <span class='ocrx_word' id='word_1_223' title='bbox 2169 4087 2242 4154; x_wconf 84' lang='lat' dir='ltr'><strong>Si</strong></span> <span class='ocrx_word' id='word_1_224' title='bbox 2300 4088 2570 4179; x_wconf 82' lang='lat' dir='ltr'><strong>paleam</strong></span> <span class='ocrx_word' id='word_1_225' title='bbox 2636 4112 2756 4161; x_wconf 80' lang='lat' dir='ltr'><strong>se-</strong></span> 
     </span>
     <span class='ocr_line' id='line_1_37' title="bbox 1194 4184 2751 4288; baseline 0.016 -44"><span class='ocrx_word' id='word_1_226' title='bbox 1194 4205 1228 4244; x_wconf 81' lang='lat'><strong>«</strong></span> <span class='ocrx_word' id='word_1_227' title='bbox 1263 4184 1521 4272; x_wconf 85' lang='lat' dir='ltr'><strong>queris,</strong></span> <span class='ocrx_word' id='word_1_228' title='bbox 1580 4185 1773 4277; x_wconf 86' lang='lat' dir='ltr'><strong>palea</strong></span> <span class='ocrx_word' id='word_1_229' title='bbox 1827 4191 2111 4260; x_wconf 78' lang='lat' dir='ltr'><strong>esticeris</strong></span> <span class='ocrx_word' id='word_1_230' title='bbox 2146 4216 2164 4263; x_wconf 73' lang='grc' dir='ltr'><strong><em>ε</em></strong></span> <span class='ocrx_word' id='word_1_231' title='bbox 2202 4218 2369 4288; x_wconf 82' lang='lat' dir='ltr'><strong>ergo</strong></span> <span class='ocrx_word' id='word_1_232' title='bbox 2407 4199 2461 4265; x_wconf 90' lang='lat' dir='ltr'><strong>si</strong></span> <span class='ocrx_word' id='word_1_233' title='bbox 2502 4221 2751 4268; x_wconf 87' lang='lat' dir='ltr'><strong>aurum</strong></span> 
     </span>
     <span class='ocr_line' id='line_1_38' title="bbox 1192 4297 2753 4397; baseline 0.015 -44"><span class='ocrx_word' id='word_1_234' title='bbox 1192 4313 1226 4352; x_wconf 72' lang='grc' dir='ltr'>ι</span> <span class='ocrx_word' id='word_1_235' title='bbox 1257 4297 1324 4355; x_wconf 83' lang='lat' dir='ltr'><strong>et</strong></span> <span class='ocrx_word' id='word_1_236' title='bbox 1354 4301 1716 4383; x_wconf 73' lang='lat' dir='ltr'><strong>argentum</strong></span> <span class='ocrx_word' id='word_1_237' title='bbox 1756 4300 2084 4389; x_wconf 85' lang='lat' dir='ltr'><strong>sequeris,</strong></span> <span class='ocrx_word' id='word_1_238' title='bbox 2119 4323 2363 4372; x_wconf 85' lang='lat' dir='ltr'><strong>aurum</strong></span> <span class='ocrx_word' id='word_1_239' title='bbox 2402 4313 2469 4373; x_wconf 88' lang='lat' dir='ltr'><strong>et</strong></span> <span class='ocrx_word' id='word_1_240' title='bbox 2500 4329 2753 4397; x_wconf 82' lang='lat' dir='ltr'><strong>argen-</strong></span> 
     </span>
     <span class='ocr_line' id='line_1_39' title="bbox 1192 4401 2753 4486; baseline 0.015 -23"><span class='ocrx_word' id='word_1_241' title='bbox 1192 4424 1226 4462; x_wconf 72' lang='grc' dir='ltr'><strong>α</strong></span> <span class='ocrx_word' id='word_1_242' title='bbox 1253 4406 1400 4468; x_wconf 87' lang='lat' dir='ltr'><strong>tum</strong></span> <span class='ocrx_word' id='word_1_243' title='bbox 1438 4401 1748 4475; x_wconf 79' lang='lat' dir='ltr'><strong>efficeris.</strong></span> <span class='ocrx_word' id='word_1_244' title='bbox 1778 4431 1812 4472; x_wconf 75' lang='grc' dir='ltr'>ι</span> <span class='ocrx_word' id='word_1_245' title='bbox 1841 4406 1920 4476; x_wconf 76' lang='lat' dir='ltr'><strong>Et</strong></span> <span class='ocrx_word' id='word_1_246' title='bbox 1949 4410 2102 4479; x_wconf 88' lang='lat' dir='ltr'><strong>talis</strong></span> <span class='ocrx_word' id='word_1_247' title='bbox 2147 4436 2287 4482; x_wconf 91' lang='lat' dir='ltr'><strong>non</strong></span> <span class='ocrx_word' id='word_1_248' title='bbox 2318 4413 2517 4484; x_wconf 89' lang='lat' dir='ltr'><strong>debet</strong></span> <span class='ocrx_word' id='word_1_249' title='bbox 2555 4416 2753 4486; x_wconf 83' lang='lat' dir='ltr'><strong>exal-</strong></span> 
     </span>
     <span class='ocr_line' id='line_1_40' title="bbox 1188 4504 2752 4610; baseline 0.013 -38"><span class='ocrx_word' id='word_1_250' title='bbox 1188 4504 1343 4585; x_wconf 85' lang='lat' dir='ltr'><strong>tari,</strong></span> <span class='ocrx_word' id='word_1_251' title='bbox 1375 4506 1498 4577; x_wconf 86' lang='lat' dir='ltr'><strong>sed</strong></span> <span class='ocrx_word' id='word_1_252' title='bbox 1543 4532 1883 4582; x_wconf 84' lang='lat' dir='ltr'><strong>corruere.</strong></span> <span class='ocrx_word' id='word_1_253' title='bbox 1919 4514 2250 4591; x_wconf 77' lang='lat' dir='ltr'><strong>l‘roverb.</strong></span> <span class='ocrx_word' id='word_1_254' title='bbox 2302 4544 2399 4602; x_wconf 80' lang='grc' dir='ltr'>ιιι,</span> <span class='ocrx_word' id='word_1_255' title='bbox 2431 4523 2519 4592; x_wconf 88' lang='grc'><strong>28</strong></span> <span class='ocrx_word' id='word_1_256' title='bbox 2555 4546 2571 4591; x_wconf 90' lang='lat'>:</span> <span class='ocrx_word' id='word_1_257' title='bbox 2608 4524 2752 4610; x_wconf 80' lang='lat' dir='ltr'><strong>Qui</strong></span> 
     </span>
     <span class='ocr_line' id='line_1_41' title="bbox 1183 4615 2741 4715; baseline 0.014 -35"><span class='ocrx_word' id='word_1_258' title='bbox 1183 4615 1475 4704; x_wconf 77' lang='lat' dir='ltr'><strong>confidit</strong></span> <span class='ocrx_word' id='word_1_259' title='bbox 1514 4617 1585 4685; x_wconf 79' lang='lat' dir='ltr'><strong>in</strong></span> <span class='ocrx_word' id='word_1_260' title='bbox 1615 4618 1880 4690; x_wconf 78' lang='lat' dir='ltr'><strong>divitiis</strong></span> <span class='ocrx_word' id='word_1_261' title='bbox 1912 4627 2084 4707; x_wconf 77' lang='lat' dir='ltr'><strong>suis,</strong></span> <span class='ocrx_word' id='word_1_262' title='bbox 2116 4640 2410 4701; x_wconf 80' lang='lat' dir='ltr'><strong>corruet.</strong></span> <span class='ocrx_word' id='word_1_263' title='bbox 2454 4628 2741 4715; x_wconf 82' lang='lat' dir='ltr'><strong>lterum,</strong></span> 
     </span>
     <span class='ocr_line' id='line_1_42' title="bbox 1184 4723 2743 4820; baseline 0.014 -31"><span class='ocrx_word' id='word_1_264' title='bbox 1184 4723 1346 4814; x_wconf 88' lang='lat' dir='ltr'><strong>quia</strong></span> <span class='ocrx_word' id='word_1_265' title='bbox 1384 4724 1564 4795; x_wconf 81' lang='lat' dir='ltr'><strong>male</strong></span> <span class='ocrx_word' id='word_1_266' title='bbox 1604 4727 1991 4813; x_wconf 85' lang='lat' dir='ltr'><strong>introducti,</strong></span> <span class='ocrx_word' id='word_1_267' title='bbox 2037 4758 2176 4805; x_wconf 92' lang='lat' dir='ltr'><strong>non</strong></span> <span class='ocrx_word' id='word_1_268' title='bbox 2214 4761 2255 4807; x_wconf 84' lang='lat' dir='ltr'><strong>a</strong></span> <span class='ocrx_word' id='word_1_269' title='bbox 2283 4738 2456 4820; x_wconf 81' lang='lat' dir='ltr'><strong>Dee,</strong></span> <span class='ocrx_word' id='word_1_270' title='bbox 2490 4740 2610 4810; x_wconf 87' lang='lat' dir='ltr'><strong>sed</strong></span> <span class='ocrx_word' id='word_1_271' title='bbox 2655 4739 2743 4810; x_wconf 82' lang='lat' dir='ltr'><strong>ab</strong></span> 
     </span>
     <span class='ocr_line' id='line_1_43' title="bbox 1181 4829 2737 4935; baseline 0.013 -37"><span class='ocrx_word' id='word_1_272' title='bbox 1181 4829 1558 4914; x_wconf 84' lang='lat' dir='ltr'><strong>advocatis,</strong></span> <span class='ocrx_word' id='word_1_273' title='bbox 1592 4860 1631 4903; x_wconf 90' lang='lat' dir='ltr'><strong>a</strong></span> <span class='ocrx_word' id='word_1_274' title='bbox 1667 4838 2054 4909; x_wconf 84' lang='lat' dir='ltr'><strong>carnalibus</strong></span> <span class='ocrx_word' id='word_1_275' title='bbox 2084 4844 2348 4927; x_wconf 84' lang='lat' dir='ltr'><strong>amicis,</strong></span> <span class='ocrx_word' id='word_1_276' title='bbox 2389 4848 2737 4935; x_wconf 75' lang='lat' dir='ltr'><strong>versutiis,</strong></span> 
     </span>
     <span class='ocr_line' id='line_1_44' title="bbox 1179 4940 2741 5047; baseline 0.014 -41"><span class='ocrx_word' id='word_1_277' title='bbox 1179 4948 1248 5009; x_wconf 89' lang='lat' dir='ltr'><strong>et</strong></span> <span class='ocrx_word' id='word_1_278' title='bbox 1283 4940 1774 5015; x_wconf 76' lang='lat' dir='ltr'><strong>subtilitatibus</strong></span> <span class='ocrx_word' id='word_1_279' title='bbox 1812 4950 2247 5041; x_wconf 88' lang='lat' dir='ltr'><strong>quibusdam,</strong></span> <span class='ocrx_word' id='word_1_280' title='bbox 2281 4956 2476 5047; x_wconf 86' lang='lat' dir='ltr'><strong>quasi</strong></span> <span class='ocrx_word' id='word_1_281' title='bbox 2525 4956 2741 5027; x_wconf 76' lang='lat' dir='ltr'><strong>fabri-</strong></span> 
     </span>
     <span class='ocr_line' id='line_1_45' title="bbox 1172 5049 2740 5151; baseline 0.01 -34"><span class='ocrx_word' id='word_1_282' title='bbox 1172 5049 1336 5117; x_wconf 82' lang='lat' dir='ltr'><strong>cati.</strong></span> <span class='ocrx_word' id='word_1_283' title='bbox 1382 5049 1584 5134; x_wconf 88' lang='lat' dir='ltr'><strong>Osee,</strong></span> <span class='ocrx_word' id='word_1_284' title='bbox 1627 5075 1773 5131; x_wconf 73' lang='lat' dir='ltr'><strong>vm,</strong></span> <span class='ocrx_word' id='word_1_285' title='bbox 1807 5056 1846 5121; x_wconf 71' lang='lat'>4</span> <span class='ocrx_word' id='word_1_286' title='bbox 1880 5078 1897 5123; x_wconf 91' lang='lat'>:</span> <span class='ocrx_word' id='word_1_287' title='bbox 1931 5060 2078 5149; x_wconf 75' lang='lat' dir='ltr'><strong>Ipsi</strong></span> <span class='ocrx_word' id='word_1_288' title='bbox 2131 5074 2615 5151; x_wconf 72' lang='lat' dir='ltr'><strong>reynaverunl,</strong></span> <span class='ocrx_word' id='word_1_289' title='bbox 2675 5075 2740 5133; x_wconf 81' lang='lat' dir='ltr'><strong>el</strong></span> 
     </span>
     <span class='ocr_line' id='line_1_46' title="bbox 1177 5162 2737 5256; baseline 0.013 -35"><span class='ocrx_word' id='word_1_290' title='bbox 1177 5178 1313 5223; x_wconf 79' lang='lat' dir='ltr'><strong>non</strong></span> <span class='ocrx_word' id='word_1_291' title='bbox 1340 5183 1432 5225; x_wconf 66' lang='lat' dir='ltr'><strong>ea·</strong></span> <span class='ocrx_word' id='word_1_292' title='bbox 1460 5183 1568 5226; x_wconf 74' lang='lat' dir='ltr'><strong>mc·</strong></span> <span class='ocrx_word' id='word_1_293' title='bbox 1595 5182 1620 5229; x_wconf 93' lang='lat'><strong>.·</strong></span> <span class='ocrx_word' id='word_1_294' title='bbox 1637 5162 1983 5256; x_wconf 74' lang='lat' dir='ltr'><strong>principes</strong></span> <span class='ocrx_word' id='word_1_295' title='bbox 2024 5168 2460 5253; x_wconf 66' lang='lat' dir='ltr'><strong>eaestitemnl,</strong></span> <span class='ocrx_word' id='word_1_296' title='bbox 2495 5181 2564 5240; x_wconf 85' lang='lat' dir='ltr'><strong>c!</strong></span> <span class='ocrx_word' id='word_1_297' title='bbox 2598 5196 2737 5243; x_wconf 79' lang='lat' dir='ltr'><strong>non</strong></span> 
     </span>
     <span class='ocr_line' id='line_1_47' title="bbox 1177 5284 1491 5354; baseline 0.019 -25"><span class='ocrx_word' id='word_1_298' title='bbox 1177 5284 1491 5354; x_wconf 76' lang='lat' dir='ltr'><strong>coquom.</strong></span> 
     </span>
    </p>
   </div>
   <div class='ocr_carea' id='block_1_13' title="bbox 1271 5374 2732 5475">
    <p class='ocr_par' dir='ltr' id='par_1_13' title="bbox 1271 5374 2732 5475">
     <span class='ocr_line' id='line_1_48' title="bbox 1271 5374 2732 5475; baseline 0.012 -33"><span class='ocrx_word' id='word_1_299' title='bbox 1271 5374 1616 5458; x_wconf 86' lang='lat' dir='ltr'><strong>Secundo,</strong></span> <span class='ocrx_word' id='word_1_300' title='bbox 1650 5378 1732 5448; x_wconf 89' lang='lat' dir='ltr'><strong>de</strong></span> <span class='ocrx_word' id='word_1_301' title='bbox 1782 5381 2150 5475; x_wconf 82' lang='lat' dir='ltr'><strong>negligenti</strong></span> <span class='ocrx_word' id='word_1_302' title='bbox 2172 5388 2732 5472; x_wconf 75' lang='lat' dir='ltr'><strong>conversatione,</strong></span> 
     </span>
    </p>
   </div>
   <div class='ocr_carea' id='block_1_14' title="bbox 1251 5606 1817 5687">
    <p class='ocr_par' dir='ltr' id='par_1_14' title="bbox 1251 5606 1817 5687">
     <span class='ocr_line' id='line_1_49' title="bbox 1251 5606 1817 5687; baseline 0.007 -20"><span class='ocrx_word' id='word_1_303' title='bbox 1251 5606 1271 5645; x_wconf 81' lang='lat'>¹</span> <span class='ocrx_word' id='word_1_304' title='bbox 1293 5608 1383 5668; x_wconf 86' lang='lat' dir='ltr'><strong>Ct&#39;.</strong></span> <span class='ocrx_word' id='word_1_305' title='bbox 1412 5609 1550 5669; x_wconf 83' lang='lat' dir='ltr'><strong>Luc.</strong></span> <span class='ocrx_word' id='word_1_306' title='bbox 1580 5627 1701 5687; x_wconf 78' lang='lat' dir='ltr'><strong>nn,</strong></span> <span class='ocrx_word' id='word_1_307' title='bbox 1732 5614 1817 5672; x_wconf 72' lang='lat' dir='ltr'><strong>ss.</strong></span> 
     </span>
    </p>
   </div>
   <div class='ocr_carea' id='block_1_15' title="bbox 2840 753 4455 5368">
    <p class='ocr_par' dir='ltr' id='par_1_15' title="bbox 2840 753 4455 5368">
     <span class='ocr_line' id='line_1_50' title="bbox 2896 753 4455 852; baseline 0.013 -45"><span class='ocrx_word' id='word_1_308' title='bbox 2896 754 3083 824; x_wconf 81' lang='lat' dir='ltr'><strong>sunt,</strong></span> <span class='ocrx_word' id='word_1_309' title='bbox 3143 757 3205 813; x_wconf 81' lang='lat' dir='ltr'><strong>el</strong></span> <span class='ocrx_word' id='word_1_310' title='bbox 3258 773 3396 818; x_wconf 80' lang='lat' dir='ltr'><strong>non</strong></span> <span class='ocrx_word' id='word_1_311' title='bbox 3448 753 3835 844; x_wconf 77' lang='lat' dir='ltr'><strong>loquentur.</strong></span> <span class='ocrx_word' id='word_1_312' title='bbox 3885 757 4228 839; x_wconf 78' lang='lat' dir='ltr'><strong>Secunde,</strong></span> <span class='ocrx_word' id='word_1_313' title='bbox 4296 763 4455 852; x_wconf 83' lang='lat' dir='ltr'><strong>quia</strong></span> 
     </span>
     <span class='ocr_line' id='line_1_51' title="bbox 2898 849 4449 948; baseline 0.012 -33"><span class='ocrx_word' id='word_1_314' title='bbox 2898 849 3243 940; x_wconf 84' lang='lat' dir='ltr'><strong>ignorant.</strong></span> <span class='ocrx_word' id='word_1_315' title='bbox 3296 857 3549 927; x_wconf 81' lang='lat' dir='ltr'><strong>Oculos</strong></span> <span class='ocrx_word' id='word_1_316' title='bbox 3613 863 3890 945; x_wconf 77' lang='lat' dir='ltr'><strong>habent,</strong></span> <span class='ocrx_word' id='word_1_317' title='bbox 3944 868 4324 948; x_wconf 80' lang='lat' dir='ltr'><strong>interioreS,</strong></span> <span class='ocrx_word' id='word_1_318' title='bbox 4388 878 4449 934; x_wconf 79' lang='lat' dir='ltr'><strong>ec</strong></span> 
     </span>
     <span class='ocr_line' id='line_1_52' title="bbox 2895 963 4445 1063; baseline 0.015 -40"><span class='ocrx_word' id='word_1_319' title='bbox 2895 980 3030 1025; x_wconf 82' lang='lat' dir='ltr'><strong>non</strong></span> <span class='ocrx_word' id='word_1_320' title='bbox 3098 963 3451 1050; x_wconf 82' lang='lat' dir='ltr'><strong>videbunt,</strong></span> <span class='ocrx_word' id='word_1_321' title='bbox 3531 969 3990 1063; x_wconf 83' lang='lat' dir='ltr'><strong>intelligentes</strong></span> <span class='ocrx_word' id='word_1_322' title='bbox 4060 977 4445 1047; x_wconf 85' lang='lat' dir='ltr'><strong>veritatem.</strong></span> 
     </span>
     <span class='ocr_line' id='line_1_53' title="bbox 2896 1061 4448 1173; baseline 0.013 -44"><span class='ocrx_word' id='word_1_323' title='bbox 2896 1061 3027 1132; x_wconf 84' lang='lat' dir='ltr'><strong>Isa.</strong></span> <span class='ocrx_word' id='word_1_324' title='bbox 3099 1091 3338 1152; x_wconf 77' lang='lat' dir='ltr'><strong>xxvnl,</strong></span> <span class='ocrx_word' id='word_1_325' title='bbox 3407 1075 3445 1140; x_wconf 82' lang='lat'>7</span> <span class='ocrx_word' id='word_1_326' title='bbox 3519 1097 3534 1146; x_wconf 72' lang='grc' dir='ltr'><strong><em>ε</em></strong></span> <span class='ocrx_word' id='word_1_327' title='bbox 3605 1079 3942 1147; x_wconf 82' lang='lat' dir='ltr'><strong>Sacerdos</strong></span> <span class='ocrx_word' id='word_1_328' title='bbox 3999 1093 4064 1149; x_wconf 83' lang='lat' dir='ltr'><strong>et</strong></span> <span class='ocrx_word' id='word_1_329' title='bbox 4112 1083 4448 1173; x_wconf 75' lang='lat' dir='ltr'><strong>propheta</strong></span> 
     </span>
     <span class='ocr_line' id='line_1_54' title="bbox 2889 1175 4441 1280; baseline 0.013 -43"><span class='ocrx_word' id='word_1_330' title='bbox 2889 1175 3294 1245; x_wconf 81' lang='lat' dir='ltr'><strong>nescierunt.</strong></span> <span class='ocrx_word' id='word_1_331' title='bbox 3366 1181 3474 1259; x_wconf 82' lang='lat' dir='ltr'><strong>Et,</strong></span> <span class='ocrx_word' id='word_1_332' title='bbox 3535 1207 3669 1264; x_wconf 68' lang='lat' dir='ltr'><strong>Lvt,</strong></span> <span class='ocrx_word' id='word_1_333' title='bbox 3728 1188 3801 1252; x_wconf 90' lang='lat'><strong>11</strong></span> <span class='ocrx_word' id='word_1_334' title='bbox 3866 1211 3881 1254; x_wconf 73' lang='grc' dir='ltr'><em>τ</em></span> <span class='ocrx_word' id='word_1_335' title='bbox 3929 1189 4074 1278; x_wconf 84' lang='lat' dir='ltr'><strong>Ipsi</strong></span> <span class='ocrx_word' id='word_1_336' title='bbox 4132 1200 4441 1280; x_wconf 80' lang='lat' dir='ltr'><strong>pastores</strong></span> 
     </span>
     <span class='ocr_line' id='line_1_55' title="bbox 2890 1279 4446 1385; baseline 0.012 -41"><span class='ocrx_word' id='word_1_337' title='bbox 2890 1279 3386 1368; x_wconf 54' lang='lat' dir='ltr'><strong>{quor-averunt</strong></span> <span class='ocrx_word' id='word_1_338' title='bbox 3406 1288 3972 1381; x_wconf 71' lang='lat' dir='ltr'><strong>intelliqetetianz.</strong></span> <span class='ocrx_word' id='word_1_339' title='bbox 4003 1294 4254 1375; x_wconf 88' lang='lat' dir='ltr'><strong>Terti0,</strong></span> <span class='ocrx_word' id='word_1_340' title='bbox 4289 1299 4446 1385; x_wconf 89' lang='lat' dir='ltr'><strong>quai</strong></span> 
     </span>
     <span class='ocr_line' id='line_1_56' title="bbox 2888 1385 4438 1484; baseline 0.011 -31"><span class='ocrx_word' id='word_1_341' title='bbox 2888 1385 3118 1456; x_wconf 86' lang='lat' dir='ltr'><strong>doceri</strong></span> <span class='ocrx_word' id='word_1_342' title='bbox 3187 1414 3328 1460; x_wconf 91' lang='lat' dir='ltr'><strong>non</strong></span> <span class='ocrx_word' id='word_1_343' title='bbox 3394 1399 3730 1466; x_wconf 89' lang='lat' dir='ltr'><strong>sustinent</strong></span> <span class='ocrx_word' id='word_1_344' title='bbox 3796 1401 3880 1467; x_wconf 83' lang='lat' dir='ltr'><strong>ab</strong></span> <span class='ocrx_word' id='word_1_345' title='bbox 3959 1401 4131 1469; x_wconf 80' lang='lat' dir='ltr'><strong>aliis,</strong></span> <span class='ocrx_word' id='word_1_346' title='bbox 4200 1406 4438 1484; x_wconf 80' lang='lat' dir='ltr'><strong>Aures,</strong></span> 
     </span>
     <span class='ocr_line' id='line_1_57' title="bbox 2890 1495 4445 1586; baseline 0.012 -25"><span class='ocrx_word' id='word_1_347' title='bbox 2890 1495 3137 1586; x_wconf 85' lang='lat' dir='ltr'><strong>inquit,</strong></span> <span class='ocrx_word' id='word_1_348' title='bbox 3178 1500 3454 1581; x_wconf 77' lang='lat' dir='ltr'><strong>habent,</strong></span> <span class='ocrx_word' id='word_1_349' title='bbox 3503 1516 3567 1571; x_wconf 85' lang='lat' dir='ltr'><strong>et</strong></span> <span class='ocrx_word' id='word_1_350' title='bbox 3614 1529 3749 1574; x_wconf 83' lang='lat' dir='ltr'><strong>non</strong></span> <span class='ocrx_word' id='word_1_351' title='bbox 3807 1511 4116 1578; x_wconf 83' lang='lat' dir='ltr'><strong>audient.</strong></span> <span class='ocrx_word' id='word_1_352' title='bbox 4182 1511 4445 1581; x_wconf 85' lang='lat' dir='ltr'><strong>Dicitur</strong></span> 
     </span>
     <span class='ocr_line' id='line_1_58' title="bbox 2886 1606 4434 1711; baseline 0.012 -41"><span class='ocrx_word' id='word_1_353' title='bbox 2886 1609 3118 1673; x_wconf 89' lang='lat' dir='ltr'><strong>tamen</strong></span> <span class='ocrx_word' id='word_1_354' title='bbox 3160 1606 3315 1689; x_wconf 87' lang='lat' dir='ltr'><strong>illis,</strong></span> <span class='ocrx_word' id='word_1_355' title='bbox 3355 1609 3660 1701; x_wconf 84' lang='lat' dir='ltr'><strong>Sapient.</strong></span> <span class='ocrx_word' id='word_1_356' title='bbox 3697 1638 3792 1695; x_wconf 74' lang='lat' dir='ltr'><strong>vi,</strong></span> <span class='ocrx_word' id='word_1_357' title='bbox 3846 1619 3886 1683; x_wconf 84' lang='lat'><strong>2</strong></span> <span class='ocrx_word' id='word_1_358' title='bbox 3918 1640 3932 1686; x_wconf 91' lang='lat'><strong>:</strong></span> <span class='ocrx_word' id='word_1_359' title='bbox 3970 1620 4225 1687; x_wconf 81' lang='lat' dir='ltr'><strong>Audite</strong></span> <span class='ocrx_word' id='word_1_360' title='bbox 4253 1643 4434 1711; x_wconf 65' lang='grc' dir='ltr'><strong>ωηο,</strong></span> 
     </span>
     <span class='ocr_line' id='line_1_59' title="bbox 2884 1720 4438 1816; baseline 0.012 -39"><span class='ocrx_word' id='word_1_361' title='bbox 2884 1735 3093 1802; x_wconf 74' lang='lat' dir='ltr'><strong>requ,</strong></span> <span class='ocrx_word' id='word_1_362' title='bbox 3184 1727 3247 1782; x_wconf 86' lang='lat' dir='ltr'><strong>el</strong></span> <span class='ocrx_word' id='word_1_363' title='bbox 3319 1720 3692 1811; x_wconf 73' lang='lat' dir='ltr'><strong>inlelliqite</strong></span> <span class='ocrx_word' id='word_1_364' title='bbox 3751 1747 3773 1791; x_wconf 94' lang='lat'><strong>.·</strong></span> <span class='ocrx_word' id='word_1_365' title='bbox 3833 1726 4092 1810; x_wconf 76' lang='lat' dir='ltr'><strong>dis-cite,</strong></span> <span class='ocrx_word' id='word_1_366' title='bbox 4159 1727 4438 1816; x_wconf 81' lang='lat' dir='ltr'><strong>judices</strong></span> 
     </span>
     <span class='ocr_line' id='line_1_60' title="bbox 2876 1819 4438 1920; baseline 0.011 -35"><span class='ocrx_word' id='word_1_367' title='bbox 2876 1819 3131 1906; x_wconf 77' lang='lat' dir='ltr'><strong>finium</strong></span> <span class='ocrx_word' id='word_1_368' title='bbox 3183 1833 3401 1894; x_wconf 71' lang='lat' dir='ltr'><strong>terrae.</strong></span> <span class='ocrx_word' id='word_1_369' title='bbox 3460 1829 3746 1920; x_wconf 82' lang='lat' dir='ltr'><strong>Apocal.</strong></span> <span class='ocrx_word' id='word_1_370' title='bbox 3797 1855 3868 1918; x_wconf 83' lang='grc' dir='ltr'><strong>ιι,</strong></span> <span class='ocrx_word' id='word_1_371' title='bbox 3905 1836 3944 1901; x_wconf 89' lang='lat'><strong>7</strong></span> <span class='ocrx_word' id='word_1_372' title='bbox 3992 1856 4007 1900; x_wconf 75' lang='grc' dir='ltr'><strong><em>ε</em></strong></span> <span class='ocrx_word' id='word_1_373' title='bbox 4056 1836 4193 1919; x_wconf 81' lang='lat' dir='ltr'><strong>Qui</strong></span> <span class='ocrx_word' id='word_1_374' title='bbox 4236 1835 4438 1902; x_wconf 83' lang='lat' dir='ltr'><strong>habet</strong></span> 
     </span>
     <span class='ocr_line' id='line_1_61' title="bbox 2875 1932 4435 2033; baseline 0.01 -40"><span class='ocrx_word' id='word_1_375' title='bbox 2875 1950 3078 1996; x_wconf 78' lang='lat' dir='ltr'><strong>aures</strong></span> <span class='ocrx_word' id='word_1_376' title='bbox 3105 1932 3464 2017; x_wconf 79' lang='lat' dir='ltr'><strong>audiendi,</strong></span> <span class='ocrx_word' id='word_1_377' title='bbox 3509 1940 3759 2007; x_wconf 78' lang='lat' dir='ltr'><strong>audiat</strong></span> <span class='ocrx_word' id='word_1_378' title='bbox 3796 1941 3975 2032; x_wconf 83' lang='lat' dir='ltr'><strong>quid</strong></span> <span class='ocrx_word' id='word_1_379' title='bbox 4005 1943 4293 2033; x_wconf 83' lang='lat' dir='ltr'><strong>spiritus</strong></span> <span class='ocrx_word' id='word_1_380' title='bbox 4322 1943 4435 2009; x_wconf 83' lang='lat' dir='ltr'><strong>di-</strong></span> 
     </span>
     <span class='ocr_line' id='line_1_62' title="bbox 2873 2039 4436 2137; baseline 0.01 -37"><span class='ocrx_word' id='word_1_381' title='bbox 2873 2045 2984 2101; x_wconf 81' lang='lat' dir='ltr'><strong>cat</strong></span> <span class='ocrx_word' id='word_1_382' title='bbox 3012 2039 3366 2125; x_wconf 78' lang='lat' dir='ltr'><strong>EcclesiiS,</strong></span> <span class='ocrx_word' id='word_1_383' title='bbox 3390 2066 3510 2133; x_wconf 86' lang='lat' dir='ltr'><strong>per</strong></span> <span class='ocrx_word' id='word_1_384' title='bbox 3543 2043 3928 2137; x_wconf 78' lang='lat' dir='ltr'><strong>Scripturas</strong></span> <span class='ocrx_word' id='word_1_385' title='bbox 3958 2072 4204 2117; x_wconf 77' lang='lat' dir='ltr'><strong>sacras,</strong></span> <span class='ocrx_word' id='word_1_386' title='bbox 4232 2048 4436 2129; x_wconf 82' lang='lat' dir='ltr'><strong>Quar-</strong></span> 
     </span>
     <span class='ocr_line' id='line_1_63' title="bbox 2873 2147 4430 2249; baseline 0.01 -39"><span class='ocrx_word' id='word_1_387' title='bbox 2873 2151 2971 2227; x_wconf 82' lang='lat' dir='ltr'><strong>to,</strong></span> <span class='ocrx_word' id='word_1_388' title='bbox 3017 2147 3175 2235; x_wconf 82' lang='lat' dir='ltr'><strong>quia</strong></span> <span class='ocrx_word' id='word_1_389' title='bbox 3207 2170 3347 2216; x_wconf 92' lang='lat' dir='ltr'><strong>non</strong></span> <span class='ocrx_word' id='word_1_390' title='bbox 3397 2150 3790 2223; x_wconf 89' lang='lat' dir='ltr'><strong>discernunt</strong></span> <span class='ocrx_word' id='word_1_391' title='bbox 3828 2165 3894 2224; x_wconf 92' lang='lat' dir='ltr'><strong>et</strong></span> <span class='ocrx_word' id='word_1_392' title='bbox 3921 2156 4232 2245; x_wconf 83' lang='lat' dir='ltr'><strong>judicant</strong></span> <span class='ocrx_word' id='word_1_393' title='bbox 4268 2159 4430 2249; x_wconf 88' lang='lat' dir='ltr'><strong>quid</strong></span> 
     </span>
     <span class='ocr_line' id='line_1_64' title="bbox 2872 2251 4425 2356; baseline 0.01 -39"><span class='ocrx_word' id='word_1_394' title='bbox 2872 2251 2961 2318; x_wconf 88' lang='lat' dir='ltr'><strong>sit</strong></span> <span class='ocrx_word' id='word_1_395' title='bbox 2990 2251 3279 2337; x_wconf 88' lang='lat' dir='ltr'><strong>bonum,</strong></span> <span class='ocrx_word' id='word_1_396' title='bbox 3311 2266 3378 2326; x_wconf 88' lang='lat' dir='ltr'><strong>et</strong></span> <span class='ocrx_word' id='word_1_397' title='bbox 3416 2261 3576 2350; x_wconf 89' lang='lat' dir='ltr'><strong>quid</strong></span> <span class='ocrx_word' id='word_1_398' title='bbox 3610 2263 3897 2349; x_wconf 83' lang='lat' dir='ltr'><strong>malum,</strong></span> <span class='ocrx_word' id='word_1_399' title='bbox 3948 2266 4062 2356; x_wconf 90' lang='lat' dir='ltr'><strong>qui</strong></span> <span class='ocrx_word' id='word_1_400' title='bbox 4104 2267 4236 2333; x_wconf 89' lang='lat' dir='ltr'><strong>sint</strong></span> <span class='ocrx_word' id='word_1_401' title='bbox 4265 2265 4425 2334; x_wconf 89' lang='lat' dir='ltr'><strong>boni</strong></span> 
     </span>
     <span class='ocr_line' id='line_1_65' title="bbox 2871 2361 4426 2453; baseline 0.009 -25"><span class='ocrx_word' id='word_1_402' title='bbox 2871 2366 2941 2428; x_wconf 86' lang='lat' dir='ltr'><strong>et</strong></span> <span class='ocrx_word' id='word_1_403' title='bbox 2980 2361 3096 2451; x_wconf 89' lang='lat' dir='ltr'><strong>qui</strong></span> <span class='ocrx_word' id='word_1_404' title='bbox 3128 2363 3316 2432; x_wconf 87' lang='lat' dir='ltr'><strong>mali.</strong></span> <span class='ocrx_word' id='word_1_405' title='bbox 3350 2368 3572 2437; x_wconf 80' lang='lat' dir='ltr'><strong>Nares</strong></span> <span class='ocrx_word' id='word_1_406' title='bbox 3600 2370 3876 2453; x_wconf 67' lang='lat' dir='ltr'><strong>liabent,</strong></span> <span class='ocrx_word' id='word_1_407' title='bbox 3910 2383 3975 2440; x_wconf 81' lang='lat' dir='ltr'><strong>et</strong></span> <span class='ocrx_word' id='word_1_408' title='bbox 4003 2396 4135 2441; x_wconf 79' lang='lat' dir='ltr'><strong>non</strong></span> <span class='ocrx_word' id='word_1_409' title='bbox 4176 2374 4426 2442; x_wconf 88' lang='lat' dir='ltr'><strong>odora-</strong></span> 
     </span>
     <span class='ocr_line' id='line_1_66' title="bbox 2871 2463 4422 2559; baseline 0.01 -27"><span class='ocrx_word' id='word_1_410' title='bbox 2871 2463 3068 2546; x_wconf 81' lang='lat' dir='ltr'><strong>bunt,</strong></span> <span class='ocrx_word' id='word_1_411' title='bbox 3129 2468 3391 2540; x_wconf 89' lang='lat' dir='ltr'><strong>bonum</strong></span> <span class='ocrx_word' id='word_1_412' title='bbox 3444 2497 3484 2540; x_wconf 85' lang='lat' dir='ltr'><strong>a</strong></span> <span class='ocrx_word' id='word_1_413' title='bbox 3551 2476 3734 2544; x_wconf 84' lang='lat' dir='ltr'><strong>malo</strong></span> <span class='ocrx_word' id='word_1_414' title='bbox 3792 2479 4264 2559; x_wconf 77' lang='lat' dir='ltr'><strong>discernendO,</strong></span> <span class='ocrx_word' id='word_1_415' title='bbox 4306 2479 4422 2548; x_wconf 91' lang='lat' dir='ltr'><strong>sed</strong></span> 
     </span>
     <span class='ocr_line' id='line_1_67' title="bbox 2868 2578 4420 2678; baseline 0.01 -38"><span class='ocrx_word' id='word_1_416' title='bbox 2868 2581 3091 2642; x_wconf 89' lang='lat' dir='ltr'><strong>totum</strong></span> <span class='ocrx_word' id='word_1_417' title='bbox 3132 2578 3582 2650; x_wconf 80' lang='lat' dir='ltr'><strong>confundunt.</strong></span> <span class='ocrx_word' id='word_1_418' title='bbox 3628 2583 3758 2652; x_wconf 86' lang='lat' dir='ltr'><strong>Isa.</strong></span> <span class='ocrx_word' id='word_1_419' title='bbox 3800 2607 3896 2664; x_wconf 82' lang='grc' dir='ltr'>ιιι,</span> <span class='ocrx_word' id='word_1_420' title='bbox 3940 2588 4026 2653; x_wconf 65' lang='lat'><strong>22</strong></span> <span class='ocrx_word' id='word_1_421' title='bbox 4060 2610 4076 2654; x_wconf 74' lang='grc' dir='ltr'><strong><em>ε</em></strong></span> <span class='ocrx_word' id='word_1_422' title='bbox 4112 2589 4271 2655; x_wconf 80' lang='lat' dir='ltr'><strong>Erit</strong></span> <span class='ocrx_word' id='word_1_423' title='bbox 4290 2610 4420 2678; x_wconf 77' lang='lat' dir='ltr'><strong>pro</strong></span> 
     </span>
     <span class='ocr_line' id='line_1_68' title="bbox 2862 2685 4419 2788; baseline 0.012 -41"><span class='ocrx_word' id='word_1_424' title='bbox 2862 2685 3069 2750; x_wconf 75' lang='lat' dir='ltr'><strong>suavi</strong></span> <span class='ocrx_word' id='word_1_425' title='bbox 3104 2685 3311 2754; x_wconf 84' lang='lat' dir='ltr'><strong>odore</strong></span> <span class='ocrx_word' id='word_1_426' title='bbox 3333 2690 3565 2777; x_wconf 61' lang='lat' dir='ltr'><strong>satior.</strong></span> <span class='ocrx_word' id='word_1_427' title='bbox 3604 2691 3888 2776; x_wconf 78' lang='lat' dir='ltr'><strong>Quinte,</strong></span> <span class='ocrx_word' id='word_1_428' title='bbox 3916 2697 4075 2786; x_wconf 82' lang='lat' dir='ltr'><strong>quia</strong></span> <span class='ocrx_word' id='word_1_429' title='bbox 4107 2720 4224 2786; x_wconf 87' lang='lat' dir='ltr'><strong>per</strong></span> <span class='ocrx_word' id='word_1_430' title='bbox 4248 2719 4419 2788; x_wconf 88' lang='lat' dir='ltr'><strong>opus</strong></span> 
     </span>
     <span class='ocr_line' id='line_1_69' title="bbox 2865 2786 4420 2872; baseline 0.011 -18"><span class='ocrx_word' id='word_1_431' title='bbox 2865 2786 3125 2858; x_wconf 89' lang='lat' dir='ltr'><strong>bonum</strong></span> <span class='ocrx_word' id='word_1_432' title='bbox 3165 2814 3304 2861; x_wconf 93' lang='lat' dir='ltr'><strong>non</strong></span> <span class='ocrx_word' id='word_1_433' title='bbox 3347 2794 3738 2868; x_wconf 86' lang='lat' dir='ltr'><strong>illuminant</strong></span> <span class='ocrx_word' id='word_1_434' title='bbox 3766 2800 3964 2872; x_wconf 82' lang='lat' dir='ltr'><strong>alios.</strong></span> <span class='ocrx_word' id='word_1_435' title='bbox 3997 2805 4251 2871; x_wconf 80' lang='lat' dir='ltr'><strong>Manus</strong></span> <span class='ocrx_word' id='word_1_436' title='bbox 4287 2805 4420 2871; x_wconf 79' lang='lat' dir='ltr'><strong>lea-</strong></span> 
     </span>
     <span class='ocr_line' id='line_1_70' title="bbox 2867 2895 4412 2998; baseline 0.01 -34"><span class='ocrx_word' id='word_1_437' title='bbox 2867 2895 3046 2979; x_wconf 82' lang='lat' dir='ltr'><strong>bent,</strong></span> <span class='ocrx_word' id='word_1_438' title='bbox 3107 2910 3174 2968; x_wconf 80' lang='lat' dir='ltr'><strong>et</strong></span> <span class='ocrx_word' id='word_1_439' title='bbox 3208 2923 3345 2969; x_wconf 80' lang='lat' dir='ltr'><strong>non</strong></span> <span class='ocrx_word' id='word_1_440' title='bbox 3396 2905 3816 2998; x_wconf 80' lang='lat' dir='ltr'><strong>palpabunt.</strong></span> <span class='ocrx_word' id='word_1_441' title='bbox 3891 2909 4218 2979; x_wconf 71' lang='lat' dir='ltr'><strong>Proverb.</strong></span> <span class='ocrx_word' id='word_1_442' title='bbox 4270 2935 4412 2992; x_wconf 73' lang='lat' dir='ltr'><strong>xxx,</strong></span> 
     </span>
     <span class='ocr_line' id='line_1_71' title="bbox 2865 3005 4417 3108; baseline 0.008 -37"><span class='ocrx_word' id='word_1_443' title='bbox 2865 3005 2951 3073; x_wconf 77' lang='lat'><strong>25</strong></span> <span class='ocrx_word' id='word_1_444' title='bbox 3005 3026 3020 3071; x_wconf 76' lang='grc' dir='ltr'><strong><em>ε</em></strong></span> <span class='ocrx_word' id='word_1_445' title='bbox 3081 3006 3477 3077; x_wconf 80' lang='lat' dir='ltr'><strong>Noluerunt</strong></span> <span class='ocrx_word' id='word_1_446' title='bbox 3529 3014 3915 3107; x_wconf 78' lang='lat' dir='ltr'><strong>quidquam</strong></span> <span class='ocrx_word' id='word_1_447' title='bbox 3963 3040 4209 3086; x_wconf 82' lang='lat' dir='ltr'><strong>manus</strong></span> <span class='ocrx_word' id='word_1_448' title='bbox 4262 3019 4417 3108; x_wconf 77' lang='lat' dir='ltr'><strong>ejus</strong></span> 
     </span>
     <span class='ocr_line' id='line_1_72' title="bbox 2864 3113 4417 3212; baseline 0.012 -34"><span class='ocrx_word' id='word_1_449' title='bbox 2864 3114 3161 3205; x_wconf 83' lang='lat' dir='ltr'><strong>operari.</strong></span> <span class='ocrx_word' id='word_1_450' title='bbox 3213 3113 3299 3184; x_wconf 86' lang='lat' dir='ltr'><strong>Et</strong></span> <span class='ocrx_word' id='word_1_451' title='bbox 3355 3118 3411 3186; x_wconf 92' lang='lat' dir='ltr'><strong>si</strong></span> <span class='ocrx_word' id='word_1_452' title='bbox 3452 3117 3819 3212; x_wconf 84' lang='lat' dir='ltr'><strong>aliquando</strong></span> <span class='ocrx_word' id='word_1_453' title='bbox 3868 3146 3947 3194; x_wconf 91' lang='lat' dir='ltr'><strong>os</strong></span> <span class='ocrx_word' id='word_1_454' title='bbox 3983 3123 4300 3208; x_wconf 76' lang='lat' dir='ltr'><strong>habeant,</strong></span> <span class='ocrx_word' id='word_1_455' title='bbox 4352 3136 4417 3196; x_wconf 90' lang='lat' dir='ltr'><strong>et</strong></span> 
     </span>
     <span class='ocr_line' id='line_1_73' title="bbox 2865 3218 4415 3317; baseline 0.011 -32"><span class='ocrx_word' id='word_1_456' title='bbox 2865 3218 3259 3311; x_wconf 84' lang='lat' dir='ltr'><strong>loquantur,</strong></span> <span class='ocrx_word' id='word_1_457' title='bbox 3294 3222 3718 3317; x_wconf 79' lang='lat' dir='ltr'><strong>frequentius</strong></span> <span class='ocrx_word' id='word_1_458' title='bbox 3766 3237 3996 3300; x_wconf 88' lang='lat' dir='ltr'><strong>tamen</strong></span> <span class='ocrx_word' id='word_1_459' title='bbox 4025 3242 4256 3301; x_wconf 84' lang='lat' dir='ltr'><strong>carent</strong></span> <span class='ocrx_word' id='word_1_460' title='bbox 4287 3257 4415 3302; x_wconf 90' lang='lat' dir='ltr'><strong>usu</strong></span> 
     </span>
     <span class='ocr_line' id='line_1_74' title="bbox 2866 3332 4418 3435; baseline 0.01 -39"><span class='ocrx_word' id='word_1_461' title='bbox 2866 3351 3225 3401; x_wconf 86' lang='lat' dir='ltr'><strong>manuum.</strong></span> <span class='ocrx_word' id='word_1_462' title='bbox 3286 3332 3532 3404; x_wconf 89' lang='lat' dir='ltr'><strong>Genes.</strong></span> <span class='ocrx_word' id='word_1_463' title='bbox 3595 3361 3809 3425; x_wconf 79' lang='lat' dir='ltr'><strong>xxvn,</strong></span> <span class='ocrx_word' id='word_1_464' title='bbox 3868 3342 4004 3409; x_wconf 85' lang='lat'><strong>22:</strong></span> <span class='ocrx_word' id='word_1_465' title='bbox 4054 3340 4205 3411; x_wconf 74' lang='lat' dir='ltr'><strong>Vox</strong></span> <span class='ocrx_word' id='word_1_466' title='bbox 4256 3344 4418 3435; x_wconf 83' lang='lat' dir='ltr'><strong>qui-</strong></span> 
     </span>
     <span class='ocr_line' id='line_1_75' title="bbox 2867 3437 4418 3529; baseline 0.012 -26"><span class='ocrx_word' id='word_1_467' title='bbox 2867 3437 3044 3518; x_wconf 83' lang='lat' dir='ltr'><strong>dem,</strong></span> <span class='ocrx_word' id='word_1_468' title='bbox 3098 3464 3234 3509; x_wconf 69' lang='lat' dir='ltr'><strong>voa·</strong></span> <span class='ocrx_word' id='word_1_469' title='bbox 3284 3443 3499 3513; x_wconf 84' lang='lat' dir='ltr'><strong>Jacob</strong></span> <span class='ocrx_word' id='word_1_470' title='bbox 3529 3456 3627 3513; x_wconf 83' lang='lat' dir='ltr'><strong>est</strong></span> <span class='ocrx_word' id='word_1_471' title='bbox 3647 3469 3671 3514; x_wconf 92' lang='lat'><strong>.·</strong></span> <span class='ocrx_word' id='word_1_472' title='bbox 3706 3447 3832 3516; x_wconf 81' lang='lat' dir='ltr'><strong>sed</strong></span> <span class='ocrx_word' id='word_1_473' title='bbox 3855 3471 4127 3529; x_wconf 81' lang='lat' dir='ltr'><strong>manus,</strong></span> <span class='ocrx_word' id='word_1_474' title='bbox 4172 3473 4418 3521; x_wconf 80' lang='lat' dir='ltr'><strong>manus</strong></span> 
     </span>
     <span class='ocr_line' id='line_1_76' title="bbox 2862 3548 4417 3645; baseline 0.01 -32"><span class='ocrx_word' id='word_1_475' title='bbox 2862 3558 3028 3615; x_wconf 78' lang='lat' dir='ltr'><strong>sunt</strong></span> <span class='ocrx_word' id='word_1_476' title='bbox 3057 3550 3274 3617; x_wconf 80' lang='lat' dir='ltr'><strong>Esau.</strong></span> <span class='ocrx_word' id='word_1_477' title='bbox 3331 3548 3571 3633; x_wconf 84' lang='lat' dir='ltr'><strong>Sexto,</strong></span> <span class='ocrx_word' id='word_1_478' title='bbox 3620 3555 3782 3645; x_wconf 86' lang='lat' dir='ltr'><strong>quia</strong></span> <span class='ocrx_word' id='word_1_479' title='bbox 3827 3555 4181 3626; x_wconf 81' lang='lat' dir='ltr'><strong>desideriis</strong></span> <span class='ocrx_word' id='word_1_480' title='bbox 4218 3557 4417 3629; x_wconf 86' lang='lat' dir='ltr'><strong>bonis</strong></span> 
     </span>
     <span class='ocr_line' id='line_1_77' title="bbox 2865 3654 4411 3756; baseline 0.008 -33"><span class='ocrx_word' id='word_1_481' title='bbox 2865 3654 2950 3723; x_wconf 85' lang='lat' dir='ltr'><strong>ad</strong></span> <span class='ocrx_word' id='word_1_482' title='bbox 2990 3665 3246 3725; x_wconf 82' lang='lat' dir='ltr'><strong>aeterna</strong></span> <span class='ocrx_word' id='word_1_483' title='bbox 3276 3681 3415 3728; x_wconf 92' lang='lat' dir='ltr'><strong>non</strong></span> <span class='ocrx_word' id='word_1_484' title='bbox 3435 3672 3740 3732; x_wconf 88' lang='lat' dir='ltr'><strong>currunt.</strong></span> <span class='ocrx_word' id='word_1_485' title='bbox 3777 3662 4083 3756; x_wconf 84' lang='lat' dir='ltr'><strong>Sapient.</strong></span> <span class='ocrx_word' id='word_1_486' title='bbox 4117 3689 4233 3750; x_wconf 83' lang='lat' dir='ltr'><strong>xv,</strong></span> <span class='ocrx_word' id='word_1_487' title='bbox 4280 3669 4360 3738; x_wconf 79' lang='lat'><strong>15</strong></span> <span class='ocrx_word' id='word_1_488' title='bbox 4394 3691 4411 3736; x_wconf 75' lang='grc' dir='ltr'><em>τ</em></span> 
     </span>
     <span class='ocr_line' id='line_1_78' title="bbox 2860 3767 4415 3864; baseline 0.008 -29"><span class='ocrx_word' id='word_1_489' title='bbox 2860 3767 3079 3837; x_wconf 80' lang='lat' dir='ltr'><strong>Pedes</strong></span> <span class='ocrx_word' id='word_1_490' title='bbox 3107 3792 3344 3838; x_wconf 82' lang='lat' dir='ltr'><strong>eorum</strong></span> <span class='ocrx_word' id='word_1_491' title='bbox 3363 3773 3563 3864; x_wconf 64' lang='lat' dir='ltr'><strong>pigri</strong></span> <span class='ocrx_word' id='word_1_492' title='bbox 3588 3773 3687 3841; x_wconf 84' lang='lat' dir='ltr'><strong>ad</strong></span> <span class='ocrx_word' id='word_1_493' title='bbox 3709 3773 4242 3845; x_wconf 80' lang='lat' dir='ltr'><strong>ambulandum.</strong></span> <span class='ocrx_word' id='word_1_494' title='bbox 4275 3777 4415 3847; x_wconf 82' lang='lat' dir='ltr'><strong>Nec</strong></span> 
     </span>
     <span class='ocr_line' id='line_1_79' title="bbox 2860 3875 4419 3979; baseline 0.009 -38"><span class='ocrx_word' id='word_1_495' title='bbox 2860 3875 3142 3955; x_wconf 86' lang='lat' dir='ltr'><strong>mirum,</strong></span> <span class='ocrx_word' id='word_1_496' title='bbox 3184 3878 3347 3969; x_wconf 83' lang='lat' dir='ltr'><strong>quia</strong></span> <span class='ocrx_word' id='word_1_497' title='bbox 3375 3880 3609 3971; x_wconf 85' lang='lat' dir='ltr'><strong>spinas</strong></span> <span class='ocrx_word' id='word_1_498' title='bbox 3637 3881 3890 3952; x_wconf 84' lang='lat' dir='ltr'><strong>multas</strong></span> <span class='ocrx_word' id='word_1_499' title='bbox 3916 3882 4170 3953; x_wconf 86' lang='lat' dir='ltr'><strong>habent</strong></span> <span class='ocrx_word' id='word_1_500' title='bbox 4200 3885 4269 3953; x_wconf 89' lang='lat' dir='ltr'><strong>in</strong></span> <span class='ocrx_word' id='word_1_501' title='bbox 4305 3908 4419 3979; x_wconf 89' lang='lat' dir='ltr'><strong>pe—</strong></span> 
     </span>
     <span class='ocr_line' id='line_1_80' title="bbox 2858 3979 4414 4082; baseline 0.009 -34"><span class='ocrx_word' id='word_1_502' title='bbox 2858 3979 3084 4062; x_wconf 85' lang='lat' dir='ltr'><strong>dibus,</strong></span> <span class='ocrx_word' id='word_1_503' title='bbox 3150 3982 3219 4052; x_wconf 91' lang='lat' dir='ltr'><strong>id</strong></span> <span class='ocrx_word' id='word_1_504' title='bbox 3274 3992 3403 4068; x_wconf 86' lang='lat' dir='ltr'><strong>est,</strong></span> <span class='ocrx_word' id='word_1_505' title='bbox 3446 3984 3741 4057; x_wconf 80' lang='lat' dir='ltr'><strong>divitias.</strong></span> <span class='ocrx_word' id='word_1_506' title='bbox 3786 3989 4025 4082; x_wconf 63' lang='lat' dir='ltr'><strong>Spina·</strong></span> <span class='ocrx_word' id='word_1_507' title='bbox 4068 3991 4319 4061; x_wconf 82' lang='lat' dir='ltr'><strong>divitiae</strong></span> <span class='ocrx_word' id='word_1_508' title='bbox 4374 4015 4414 4061; x_wconf 85' lang='lat' dir='ltr'><strong>a</strong></span> 
     </span>
     <span class='ocr_line' id='line_1_81' title="bbox 2856 4087 4417 4193; baseline 0.008 -36"><span class='ocrx_word' id='word_1_509' title='bbox 2856 4087 3161 4160; x_wconf 87' lang='lat' dir='ltr'><strong>Domino</strong></span> <span class='ocrx_word' id='word_1_510' title='bbox 3227 4091 3661 4184; x_wconf 81' lang='lat' dir='ltr'><strong>appellantur</strong></span> <span class='ocrx_word' id='word_1_511' title='bbox 3724 4088 3770 4163; x_wconf 86' lang='lat'><strong>¹.</strong></span> <span class='ocrx_word' id='word_1_512' title='bbox 3845 4095 4183 4190; x_wconf 84' lang='lat' dir='ltr'><strong>Septimo,</strong></span> <span class='ocrx_word' id='word_1_513' title='bbox 4255 4100 4417 4193; x_wconf 83' lang='lat' dir='ltr'><strong>quia</strong></span> 
     </span>
     <span class='ocr_line' id='line_1_82' title="bbox 2858 4205 4417 4301; baseline 0.01 -36"><span class='ocrx_word' id='word_1_514' title='bbox 2858 4219 2999 4266; x_wconf 90' lang='lat' dir='ltr'><strong>non</strong></span> <span class='ocrx_word' id='word_1_515' title='bbox 3038 4208 3323 4290; x_wconf 82' lang='lat' dir='ltr'><strong>gemunt</strong></span> <span class='ocrx_word' id='word_1_516' title='bbox 3369 4224 3498 4294; x_wconf 89' lang='lat' dir='ltr'><strong>pro</strong></span> <span class='ocrx_word' id='word_1_517' title='bbox 3531 4205 3826 4297; x_wconf 73' lang='lat' dir='ltr'><strong>piopriis</strong></span> <span class='ocrx_word' id='word_1_518' title='bbox 3865 4214 3934 4275; x_wconf 88' lang='lat' dir='ltr'><strong>et</strong></span> <span class='ocrx_word' id='word_1_519' title='bbox 3978 4206 4217 4277; x_wconf 82' lang='lat' dir='ltr'><strong>alienis</strong></span> <span class='ocrx_word' id='word_1_520' title='bbox 4254 4232 4417 4301; x_wconf 87' lang='lat' dir='ltr'><strong>pec-</strong></span> 
     </span>
     <span class='ocr_line' id='line_1_83' title="bbox 2856 4307 4412 4409; baseline 0.009 -36"><span class='ocrx_word' id='word_1_521' title='bbox 2856 4307 3049 4385; x_wconf 86' lang='lat' dir='ltr'><strong>catis,</strong></span> <span class='ocrx_word' id='word_1_522' title='bbox 3084 4307 3270 4399; x_wconf 90' lang='lat' dir='ltr'><strong>quod</strong></span> <span class='ocrx_word' id='word_1_523' title='bbox 3299 4317 3402 4378; x_wconf 88' lang='lat' dir='ltr'><strong>est</strong></span> <span class='ocrx_word' id='word_1_524' title='bbox 3440 4309 3748 4381; x_wconf 82' lang='lat' dir='ltr'><strong>clamare</strong></span> <span class='ocrx_word' id='word_1_525' title='bbox 3789 4314 3862 4382; x_wconf 80' lang='lat' dir='ltr'><strong>in</strong></span> <span class='ocrx_word' id='word_1_526' title='bbox 3887 4325 4194 4406; x_wconf 65' lang='lat' dir='ltr'><strong>gutture,</strong></span> <span class='ocrx_word' id='word_1_527' title='bbox 4218 4318 4412 4409; x_wconf 82' lang='lat' dir='ltr'><strong>quod</strong></span> 
     </span>
     <span class='ocr_line' id='line_1_84' title="bbox 2855 4419 4413 4505; baseline 0.01 -25"><span class='ocrx_word' id='word_1_528' title='bbox 2855 4435 3058 4483; x_wconf 86' lang='lat' dir='ltr'><strong>suum</strong></span> <span class='ocrx_word' id='word_1_529' title='bbox 3099 4425 3276 4485; x_wconf 84' lang='lat' dir='ltr'><strong>esset</strong></span> <span class='ocrx_word' id='word_1_530' title='bbox 3331 4427 3589 4487; x_wconf 86' lang='lat' dir='ltr'><strong>tamen.</strong></span> <span class='ocrx_word' id='word_1_531' title='bbox 3631 4419 3794 4504; x_wconf 85' lang='lat' dir='ltr'><strong>Job,</strong></span> <span class='ocrx_word' id='word_1_532' title='bbox 3835 4445 4025 4505; x_wconf 70' lang='lat' dir='ltr'><strong>xxvi,</strong></span> <span class='ocrx_word' id='word_1_533' title='bbox 4075 4427 4116 4494; x_wconf 85' lang='lat'>5</span> <span class='ocrx_word' id='word_1_534' title='bbox 4166 4447 4184 4495; x_wconf 74' lang='grc' dir='ltr'>ε</span> <span class='ocrx_word' id='word_1_535' title='bbox 4240 4428 4413 4495; x_wconf 78' lang='lat' dir='ltr'><strong>Ecce</strong></span> 
     </span>
     <span class='ocr_line' id='line_1_85' title="bbox 2849 4521 4412 4625; baseline 0.009 -39"><span class='ocrx_word' id='word_1_536' title='bbox 2849 4521 3171 4611; x_wconf 73' lang='lat' dir='ltr'><strong>qiqantes</strong></span> <span class='ocrx_word' id='word_1_537' title='bbox 3219 4535 3509 4614; x_wconf 73' lang='lat' dir='ltr'><strong>qemun!</strong></span> <span class='ocrx_word' id='word_1_538' title='bbox 3537 4525 3666 4596; x_wconf 81' lang='lat' dir='ltr'><strong>sub</strong></span> <span class='ocrx_word' id='word_1_539' title='bbox 3720 4530 3947 4621; x_wconf 81' lang='lat' dir='ltr'><strong>aquis.</strong></span> <span class='ocrx_word' id='word_1_540' title='bbox 4012 4531 4147 4601; x_wconf 87' lang='lat' dir='ltr'><strong>Sed</strong></span> <span class='ocrx_word' id='word_1_541' title='bbox 4190 4535 4412 4625; x_wconf 84' lang='lat' dir='ltr'><strong>magis</strong></span> 
     </span>
     <span class='ocr_line' id='line_1_86' title="bbox 2851 4634 4412 4732; baseline 0.01 -37"><span class='ocrx_word' id='word_1_542' title='bbox 2851 4636 3162 4697; x_wconf 85' lang='lat' dir='ltr'><strong>eructant</strong></span> <span class='ocrx_word' id='word_1_543' title='bbox 3229 4639 3557 4701; x_wconf 86' lang='lat' dir='ltr'><strong>sonantes</strong></span> <span class='ocrx_word' id='word_1_544' title='bbox 3638 4634 3710 4702; x_wconf 93' lang='lat' dir='ltr'><strong>in</strong></span> <span class='ocrx_word' id='word_1_545' title='bbox 3784 4645 4061 4728; x_wconf 82' lang='lat' dir='ltr'><strong>gutture</strong></span> <span class='ocrx_word' id='word_1_546' title='bbox 4133 4648 4412 4732; x_wconf 89' lang='lat' dir='ltr'><strong>propter</strong></span> 
     </span>
     <span class='ocr_line' id='line_1_87' title="bbox 2848 4736 4412 4840; baseline 0.008 -37"><span class='ocrx_word' id='word_1_547' title='bbox 2848 4736 3226 4827; x_wconf 81' lang='lat' dir='ltr'><strong>crapulam.</strong></span> <span class='ocrx_word' id='word_1_548' title='bbox 3266 4736 3450 4807; x_wconf 81' lang='lat' dir='ltr'><strong>Psal.</strong></span> <span class='ocrx_word' id='word_1_549' title='bbox 3506 4763 3575 4818; x_wconf 76' lang='lat' dir='ltr'><strong>v,</strong></span> <span class='ocrx_word' id='word_1_550' title='bbox 3634 4744 3708 4810; x_wconf 80' lang='lat'><strong>11</strong></span> <span class='ocrx_word' id='word_1_551' title='bbox 3759 4765 3776 4811; x_wconf 74' lang='grc' dir='ltr'><strong><em>ε</em></strong></span> <span class='ocrx_word' id='word_1_552' title='bbox 3818 4744 4231 4837; x_wconf 81' lang='lat' dir='ltr'><strong>Sepulcrum</strong></span> <span class='ocrx_word' id='word_1_553' title='bbox 4268 4771 4412 4840; x_wconf 83' lang='lat' dir='ltr'><strong>pa-</strong></span> 
     </span>
     <span class='ocr_line' id='line_1_88' title="bbox 2847 4852 4405 4948; baseline 0.011 -38"><span class='ocrx_word' id='word_1_554' title='bbox 2847 4852 2995 4913; x_wconf 77' lang='lat' dir='ltr'><strong>tens</strong></span> <span class='ocrx_word' id='word_1_555' title='bbox 3031 4854 3131 4913; x_wconf 77' lang='lat' dir='ltr'><strong>est</strong></span> <span class='ocrx_word' id='word_1_556' title='bbox 3168 4856 3425 4938; x_wconf 73' lang='lat' dir='ltr'><strong>quum·</strong></span> <span class='ocrx_word' id='word_1_557' title='bbox 3472 4872 3735 4933; x_wconf 81' lang='lat' dir='ltr'><strong>earum,</strong></span> <span class='ocrx_word' id='word_1_558' title='bbox 3795 4852 3882 4921; x_wconf 84' lang='lat' dir='ltr'><strong>ad</strong></span> <span class='ocrx_word' id='word_1_559' title='bbox 3944 4855 4405 4948; x_wconf 84' lang='lat' dir='ltr'><strong>recipiendum</strong></span> 
     </span>
     <span class='ocr_line' id='line_1_89' title="bbox 2846 4952 4411 5033; baseline 0.009 -14"><span class='ocrx_word' id='word_1_560' title='bbox 2846 4973 3086 5021; x_wconf 86' lang='lat' dir='ltr'><strong>carnes</strong></span> <span class='ocrx_word' id='word_1_561' title='bbox 3148 4952 3584 5025; x_wconf 76' lang='lat' dir='ltr'><strong>diversorum</strong></span> <span class='ocrx_word' id='word_1_562' title='bbox 3637 4958 4042 5028; x_wconf 86' lang='lat' dir='ltr'><strong>animalium</strong></span> <span class='ocrx_word' id='word_1_563' title='bbox 4097 4970 4411 5033; x_wconf 87' lang='lat' dir='ltr'><strong>mortuo-</strong></span> 
     </span>
     <span class='ocr_line' id='line_1_90' title="bbox 2847 5057 4408 5158; baseline 0.01 -33"><span class='ocrx_word' id='word_1_564' title='bbox 2847 5080 3021 5128; x_wconf 88' lang='lat' dir='ltr'><strong>rum.</strong></span> <span class='ocrx_word' id='word_1_565' title='bbox 3080 5057 3282 5146; x_wconf 89' lang='lat' dir='ltr'><strong>Osee,</strong></span> <span class='ocrx_word' id='word_1_566' title='bbox 3344 5064 3557 5142; x_wconf 63' lang='lat' dir='ltr'><strong>vnn!</strong></span> <span class='ocrx_word' id='word_1_567' title='bbox 3617 5087 3635 5134; x_wconf 76' lang='grc' dir='ltr'><em>τ</em></span> <span class='ocrx_word' id='word_1_568' title='bbox 3686 5065 3769 5133; x_wconf 82' lang='lat' dir='ltr'><strong>In</strong></span> <span class='ocrx_word' id='word_1_569' title='bbox 3826 5076 4113 5158; x_wconf 65' lang='lat' dir='ltr'><strong>gutture</strong></span> <span class='ocrx_word' id='word_1_570' title='bbox 4162 5079 4281 5137; x_wconf 78' lang='lat' dir='ltr'><strong>luo</strong></span> <span class='ocrx_word' id='word_1_571' title='bbox 4314 5073 4408 5140; x_wconf 80' lang='lat' dir='ltr'><strong>sit</strong></span> 
     </span>
     <span class='ocr_line' id='line_1_91' title="bbox 2844 5162 4408 5264; baseline 0.011 -34"><span class='ocrx_word' id='word_1_572' title='bbox 2844 5162 3014 5233; x_wconf 77' lang='lat' dir='ltr'><strong>taba</strong></span> <span class='ocrx_word' id='word_1_573' title='bbox 3073 5168 3278 5256; x_wconf 80' lang='lat' dir='ltr'><strong>quasi</strong></span> <span class='ocrx_word' id='word_1_574' title='bbox 3316 5169 3566 5260; x_wconf 81' lang='lat' dir='ltr'><strong>aquila</strong></span> <span class='ocrx_word' id='word_1_575' title='bbox 3611 5194 3820 5264; x_wconf 80' lang='lat' dir='ltr'><strong>super</strong></span> <span class='ocrx_word' id='word_1_576' title='bbox 3847 5172 4126 5243; x_wconf 70' lang='lat' dir='ltr'><strong>dantum</strong></span> <span class='ocrx_word' id='word_1_577' title='bbox 4157 5178 4408 5247; x_wconf 88' lang='lat' dir='ltr'><strong>Domi-</strong></span> 
     </span>
     <span class='ocr_line' id='line_1_92' title="bbox 2840 5273 3608 5368; baseline 0.01 -26"><span class='ocrx_word' id='word_1_578' title='bbox 2840 5274 2943 5357; x_wconf 80' lang='lat' dir='ltr'><strong>ni,</strong></span> <span class='ocrx_word' id='word_1_579' title='bbox 2977 5273 3243 5368; x_wconf 82' lang='lat' dir='ltr'><strong>supple,</strong></span> <span class='ocrx_word' id='word_1_580' title='bbox 3284 5278 3608 5350; x_wconf 86' lang='lat' dir='ltr'><strong>existens.</strong></span> 
     </span>
    </p>
   </div>
  </div>
 </body>
</html>
