5008 6329
710 275 836 342 140

704 443 1007 511 Joannes
1049 440 1417 532 Baptista¹.
1458 437 1689 503 Potest
1728 439 1930 503 etiam
1971 438 2100 505 dici
2160 440 2256 526 ip-

707 575 858 620 sum
891 549 1374 640 Evangelium.
1411 542 1632 610 Munit
1679 547 1860 612 enim
1904 547 2255 612 interiores

706 663 954 728 animae
987 656 1191 748 pedes
1221 651 1420 720 valde
1463 651 1745 741 fortiter.
1807 655 1912 719 Ad
1962 654 2248 720 Roman.

709 794 753 848 ι,
803 774 882 837 16
914 779 980 836 et
1017 766 1093 831 17
1144 786 1159 829 :
1195 763 1346 830 Non
1379 764 1560 827 enim
1591 762 1898 829 erubesco
1945 763 2256 849 Ecanyc-

707 878 909 944 lium.
997 873 1221 939 Virtus
1270 870 1450 937 enim
1508 873 1638 937 Dei
1694 882 1788 936 cst
1840 873 1907 935 in
1957 870 2254 935 salutem

704 983 893 1049 omni
929 977 1252 1046 credenti.
1303 976 1404 1044 De
1454 976 1583 1044 hoc
1639 977 2121 1056 calceamento,
2167 975 2251 1040 ad

702 1087 954 1178 Ephes.
987 1110 1083 1168 vt,
1131 1089 1211 1154 15
1248 1108 1263 1155 ε
1303 1086 1611 1155 Calceati
1628 1083 1833 1174 pedes
1865 1086 1934 1148 in
1983 1106 2250 1174 praepa-

702 1199 1041 1265 rationem
1091 1193 1470 1284 Evanqelii
1508 1192 1723 1282 pacis.
1794 1190 1928 1257 Sed
1977 1190 2105 1258 hoc
2145 1214 2257 1258 ex-

703 1315 971 1374 tensum
1032 1303 1158 1370 suit
1211 1304 1279 1368 in
1346 1299 1743 1378 Idumaeain,
1807 1297 2078 1390 quando
2138 1323 2256 1389 per

703 1413 1000 1481 Paulum
1057 1408 1321 1500 cupidis
1362 1406 1444 1474 de
1502 1407 1829 1474 Gentibus
1877 1406 2250 1487 dicebatur,

704 1520 731 1586 l
772 1521 855 1588 ad
893 1515 1195 1586 Timoth.
1258 1539 1353 1595 vt,
1383 1516 1423 1582 9
1469 1538 1484 1581 :
1543 1516 1679 1599 Qui
1727 1516 1965 1583 colunt
2013 1517 2254 1583 divites

701 1629 878 1708 fieri,
922 1623 1242 1694 incidunt
1295 1624 1367 1689 in
1419 1623 1769 1713 laqueum,
1825 1626 1992 1691 etin
2043 1635 2256 1691 tenta-

703 1738 955 1803 tionem
986 1732 1280 1800 diaboli.

793 1979 828 2018 σι
896 1953 1079 2022 Mihi
1128 1951 1557 2041 alieniqenae.
1599 1977 1628 2013 ιι
1714 1951 1885 2019 Ecce
1952 1954 2250 2023 tertium.

702 2061 911 2141 Quasi
952 2061 1206 2128 diceret
1239 2082 1254 2128 :
1294 2058 1409 2126 Sic
1447 2057 1718 2148 superbi
1750 2068 2250 2138 convertentur,

702 2169 926 2259 cupidi
989 2167 1317 2255 recipient
1376 2165 1582 2232 fidem
1625 2165 1707 2234 de
1763 2168 2251 2246 incarnatione,

704 2284 770 2342 et
824 2273 1182 2364 Evangelii
1232 2272 1712 2363 praedicatione
1770 2297 1786 2340 :
1828 2284 1892 2341 et
1935 2299 1968 2338 ι
2017 2276 2260 2341 alicni-

700 2407 915 2472 qenae,
953 2410 985 2444 »
1023 2381 1388 2459 luxuriosi,
1432 2382 1550 2471 qui
1601 2381 1802 2450 alieni
1861 2392 2019 2450 sunt
2075 2383 2260 2450 mul-

708 2499 851 2559 tum
882 2514 923 2558 a
954 2491 1125 2569 Dee,
1162 2515 1198 2557 ι
1242 2489 1417 2556 mihi
1444 2490 1654 2557 amici
1678 2491 1856 2580 lacti
1885 2500 2075 2575 sunt,
2124 2520 2156 2552 n
2194 2490 2257 2556 id

708 2606 832 2678 est,
888 2601 1079 2677 lient,
1132 2596 1186 2664 si
1238 2598 1518 2664 fecerint
1559 2620 1708 2689 quae
1750 2621 1951 2688 supra
1995 2600 2158 2688 petii
2193 2600 2259 2665 in

708 2704 888 2774 l’sal.
926 2726 1201 2783 mxxxvi,
1238 2705 1279 2771 4
1323 2726 1339 2770 ε
1383 2706 1557 2772 Ecce
1585 2706 2009 2794 alietciyete.·e,
2044 2716 2107 2772 ct
2142 2707 2265 2795 Ty-

708 2836 854 2893 rus,
888 2823 953 2881 et
992 2810 1304 2903 populus
1347 2813 1789 2902 AE'tlaeiopum,
1849 2813 1925 2877 lei
1977 2814 2265 2901 suerunt

709 2919 884 2988 illic.
928 2919 1188 3000 Abdiae,
1237 2925 1302 2995 ᾗ.
1357 2920 1386 2985 1
1429 2940 1446 2986 :
1508 2922 1843 3010 Leqatum
1880 2919 1979 2986 ad
2024 2922 2266 2988 Gentes

709 3030 899 3098 misit
943 3053 967 3097 :
1008 3051 1161 3120 quae
1191 3035 1385 3097 erant
1413 3049 1455 3095 a
1487 3028 1628 3096 Deo
1657 3029 1924 3107 alienae,
1965 3031 2137 3095 sicut
2169 3028 2266 3095 di·

710 3140 799 3207 cit
828 3140 927 3207 cis
957 3137 1401 3231 postmodum
1447 3135 1724 3218 Paulus,
1759 3148 2036 3230 propter
2070 3161 2267 3207 enor-

710 3248 848 3315 mia
877 3255 1152 3339 peccata
1183 3245 1496 3325 luxuriae,
1540 3245 1645 3313 Ad
1685 3245 1932 3337 Ephes.
1999 3270 2069 3332 n,
2132 3249 2208 3314 ¹2
2242 3270 2259 3315 ε

712 3358 952 3425 Eratis
983 3357 1056 3423 in
1085 3353 1217 3422 iilo
1247 3364 1548 3446 tempore
1582 3355 1727 3423 sine
1759 3355 2054 3436 Cleristo,
2088 3356 2266 3423 atic-

712 3466 865 3534 nati
891 3490 936 3534 a
974 3463 1486 3533 conversatione
1512 3463 1757 3533 Israel.

808 3813 844 3855 ι
881 3786 1056 3872 Quis
1091 3784 1379 3852 deducet
1407 3786 1572 3855 me?
1602 3809 1637 3850 ι
1687 3781 1812 3851 llic
1861 3783 2262 3863 secundum,

715 3896 785 3963 in
815 3918 956 3987 quo
983 3891 1283 3962 ostendit
1313 3914 1435 3983 per
1471 3914 1675 3983 quem
1721 3892 1876 3960 tecit
1920 3891 2065 3960 liaec
2111 3914 2268 3960 om-

713 4003 832 4072 nia
863 4002 1075 4083 bona,
1107 3997 1454 4092 completo
1504 4001 1707 4068 etiam
1757 3999 1939 4090 quod
1978 4000 2264 4090 petitum

712 4119 814 4179 est
849 4131 1107 4202 supra:
1152 4109 1315 4200 quia
1363 4130 1504 4176 non
1551 4106 1855 4175 bumana
1904 4108 2264 4200 sapientia,

712 4216 832 4287 sed
886 4216 1197 4310 potentia
1252 4213 1510 4284 divina.
1566 4214 1649 4284 Et
1695 4213 1825 4283 hoc
1863 4214 2023 4283 facit
2086 4238 2267 4307 quae·

711 4325 954 4404 rende,
1003 4320 1511 4415 respondendO,
1569 4330 1638 4390 et
1684 4322 1967 4391 orando.
2033 4321 2265 4391 Primo

714 4436 996 4530 quidem
1043 4434 1287 4527 quaerit
1342 4456 1468 4527 per
1530 4457 1734 4527 quem
1789 4434 1935 4504 lieri
1989 4436 2261 4526 poterit.

717 4545 1066 4630 Secundo,
1098 4543 1400 4616 ostendit
1436 4569 1560 4638 per
1597 4546 1815 4637 ipsum
1846 4543 2094 4628 Deum,
2127 4568 2267 4614 non

713 4679 838 4749 per
909 4654 1152 4734 alium,
1225 4652 1345 4734 ibi,
1411 4659 1478 4731 ᾗ.
1539 4655 1688 4721 ¹2:
1776 4679 1812 4721 ι
1890 4654 2128 4721 Nonne
2193 4664 2267 4722 tu

714 4765 903 4832 Deus
937 4762 983 4831 P
1038 4788 1074 4826 ιι
1147 4759 1404 4840 Tertio,
1465 4762 1630 4852 petit
1696 4770 1770 4830 ut
1838 4762 1980 4854 ipse
2071 4761 2270 4832 faciat

713 4872 900 4965 quod
938 4872 1089 4940 sine
1138 4870 1288 4962 ipso
1327 4890 1765 4961 nequaquam
1812 4870 2084 4961 poterit,
2146 4867 2263 4946 ibi,

713 4982 779 5052 5.
827 4979 912 5046 13
942 4997 962 5045 2
1000 5001 1036 5040 ι
1071 4976 1187 5043 Da
1223 4971 1422 5042 nobis
1455 4973 1840 5042 aua-ilium.
1872 5002 1907 5036 n

803 5083 883 5153 ln
949 5084 1174 5177 prima
1250 5081 1388 5150 duo
1481 5082 1855 5151 secundum
1927 5081 2265 5173 duplicem

712 5192 1165 5285 quaestionem
1223 5211 1434 5283 quam
1483 5188 1662 5269 lacit,
1721 5198 1999 5281 propter
2038 5188 2268 5279 dupli-

710 5323 859 5369 cem
955 5298 1430 5368 difficultatem
1497 5321 1705 5390 quam
1787 5298 2115 5389 conspicit
2198 5298 2266 5365 in

709 5405 1295 5477 convertentibus.
1351 5404 1589 5474 Primo
1637 5427 1800 5496 ergo
1845 5406 2090 5495 quaerit
2148 5426 2268 5495 per

784 5643 802 5684 ¹
833 5644 922 5702 Ct.
953 5640 1128 5701 ioan.
1161 5656 1202 5707 ι.
1232 5642 1324 5696 27.

1712 267 1792 333 D.
1848 266 2046 333 ALB.
2100 266 2316 337 MAG.

2368 267 2575 337 ORD.
2628 268 2919 335 PRAED.

2367 459 2569 526 quern
2602 437 2881 502 rebelles
2913 442 3146 502 contra
3175 435 3398 503 Deum
3431 438 3736 506 converti
3770 442 3918 526 pot-

2367 552 2589 627 erunt,
2668 552 2729 610 et
2790 544 3056 610 mutari.
3133 542 3477 630 Secundo,
3538 569 3661 634 per
3709 567 3915 634 quem

2367 651 2655 739 peccatis
2712 649 3283 718 abominabilibus
3359 650 3721 742 inquinati,
3795 650 3914 732 ibi,

2375 781 2406 820 ι(
2439 758 2607 838 Quis
2633 756 2911 824 deducet
2939 780 3046 824 me
3068 779 3280 845 usquc
3310 762 3379 825 in
3411 760 3844 827 Idumoeam?
3875 781 3908 820 n

2454 863 2633 931 Dicit
2680 889 2838 956 ergo
2884 887 2897 931 :
2973 865 3085 931 Sic
3141 864 3305 948 dixi,
3369 867 3556 956 quod
3610 868 3666 932 si
3708 864 3916 931 fueris

2370 974 2775 1050 incarnatuS,
2847 976 2972 1040 ista
3030 973 3210 1039 bona
3294 976 3723 1062 provenient,
3797 971 3914 1039 sed

2372 1108 2405 1141 «
2436 1082 2589 1170 quis
2628 1080 2906 1146 deducet
2935 1102 3061 1158 me,
3102 1107 3134 1141 ι)
3165 1078 3233 1145 id
3265 1091 3388 1158 est,
3424 1082 3630 1150 {idem
3662 1081 3744 1147 de
3773 1103 3907 1156 me,
3999 1098 4207 1162 Μυῃιιμι

3941 1158 4264 1250 ⁰¹¹.‘¹.‘..‘.²::÷':¹.⁸¹⁶

3858 1298 3871 1311 .
3941 1267 4262 1317 eotuparatus.

2379 1214 2408 1250 α
2438 1189 2507 1252 in
2545 1188 2885 1254 civitatem
2915 1189 3252 1254 munitam
3276 1192 3312 1254 ?
3342 1189 3409 1257 id
3442 1197 3568 1274 est,
3612 1189 3681 1255 in
3716 1210 3915 1254 mun-

2364 1297 2525 1365 dum
2568 1299 3013 1378 incredulum,
3065 1305 3131 1365 et
3192 1297 3543 1380 rebellem,
3597 1307 3664 1367 et
3711 1299 3912 1364 bonus

2363 1411 2803 1477 contrarium.

2455 1518 2615 1586 llaec
2643 1528 2742 1587 est
2781 1517 2892 1586 illa
2921 1518 3185 1600 civitaS,
3230 1517 3312 1584 de
3358 1543 3495 1611 qua
3551 1541 3784 1609 supra,
3843 1517 3914 1582 in

2365 1626 2686 1710 I‘sal.1.1V,
2726 1628 2805 1693 10
2838 1649 2855 1691 ε
2904 1626 3056 1692 Vidi
3086 1626 3629 1716 iniquitatem,et
3649 1635 3917 1692 contra·

2364 1735 2748 1812 dictionem,
2821 1742 3054 1802 contra
3124 1733 3370 1815 Deum,
3464 1736 3535 1801 in
3610 1734 3906 1801 civitate.

2366 1842 2525 1910 llaec
2573 1849 2671 1909 est
2726 1842 2985 1908 munita
3036 1840 3247 1907 muris
3297 1841 3716 1920 divitiarum,
3772 1839 3918 1906 Na—

2364 1949 2557 2029 hum,
2600 1972 2697 2029 ιιι,
2739 1951 2827 2016 8:
2863 1952 3075 2039 Aquae
3104 1950 3292 2016 muri
3321 1950 3501 2039 ejus,
3541 1949 3608 2016 id
3648 1957 3775 2024 est,
3820 1946 3916 2012 di-

2362 2058 2570 2139 vitiae,
2622 2080 2771 2147 quae
2816 2064 3125 2124 crescunt
3172 2064 3238 2122 et
3282 2057 3706 2127 decrescunt.
3754 2054 3913 2122 Mali

2364 2164 2544 2230 enim
2568 2163 2979 2253 frequentius
3011 2160 3317 2230 habitant
3347 2164 3416 2231 in
3442 2163 3714 2232 talibus.
3751 2161 3787 2227 J
3798 2160 3912 2237 ob,

2366 2293 2483 2346 xn,
2528 2275 2568 2334 ti
2620 2291 2635 2336 :
2687 2268 3060 2337 Abundant
3121 2268 3572 2339 tabernacula
3634 2268 3917 2361 praedo-

2364 2401 2557 2455 num,
2601 2387 2665 2444 et
2692 2377 3017 2445 audacter
3033 2390 3410 2468 provocant
3439 2382 3690 2446 Deum.
3744 2376 3916 2443 l’ro·

2367 2485 2767 2578 pugnaculis
2796 2488 3231 2554 scientiarum
3270 2487 3730 2569 saecularium,
3764 2507 3918 2575 quae

2369 2593 2661 2662 multum
2700 2593 2950 2662 scilicet
2979 2593 3332 2661 elevantur
3360 2596 3430 2663 in
3461 2596 3706 2673 altum,
3743 2591 3801 2659 ll
3836 2591 3922 2658 ad

2369 2700 2677 2769 Corinth.
2712 2725 2778 2781 x,
2813 2703 2850 2768 4
2880 2710 2946 2770 et
2974 2704 3014 2769 5
3060 2724 3076 2768 :
3111 2703 3327 2770 Arma
3358 2704 3635 2772 militiae
3671 2711 3921 2769 nostra:

2369 2833 2501 2876 uon
2541 2809 2855 2877 carnalia
2890 2820 3076 2891 sunt,
3131 2809 3253 2875 sed
3299 2810 3613 2900 potentia
3642 2811 3785 2878 Deo
3827 2807 3925 2873 ad

2370 2919 2888 2986 destructionem
2918 2920 3411 3006 munitionum,
3466 2921 3763 2990 consilia
3799 2918 3924 2986 de-

2366 3038 2792 3107 strteente5,et
2816 3051 3081 3097 omnem
3110 3027 3558 3099 altitudinem
3588 3028 3925 3099 extollen-

2372 3148 2502 3205 tem
2548 3161 2619 3206 se
2645 3138 2967 3206 adversus
3006 3138 3360 3206 seientiam
3409 3140 3567 3209 Dei.
3622 3137 3924 3207 Fossatis

2370 3248 2695 3322 avaritiae,
2740 3270 2890 3338 quae
2939 3256 3079 3314 tam
3127 3245 3467 3335 profunda
3515 3247 3673 3314 facit
3712 3245 3923 3315 corda

2370 3366 2435 3425 et
2463 3355 2715 3446 ampla,
2757 3365 2830 3421 ut
2876 3378 3012 3422 non
3060 3354 3321 3444 possint
3372 3354 3641 3447 repleri,
3693 3354 3920 3423 Eccle.

2369 3488 2436 3541 v,
2467 3468 2509 3529 9
2563 3485 2578 3531 :
2646 3464 2912 3531 Avarus
2956 3485 3090 3529 non
3140 3462 3546 3554 implebitur
3588 3465 3918 3555 pecunia,

2369 3571 2485 3640 sed
2534 3572 2711 3641 miro
2767 3572 2968 3640 modo
3024 3571 3427 3663 profundior
3481 3582 3549 3642 et
3605 3574 3926 3665 capacior

2368 3682 2681 3750 efficitur.
2728 3682 3051 3750 Turribus
3093 3681 3573 3772 superborum,
3638 3683 3925 3750 inflato-

2372 3811 2549 3865 rum,
2617 3796 2681 3856 et
2721 3789 3081 3867 elatorum,
3120 3788 3251 3856 lsa.
3307 3812 3380 3869 n,
3437 3794 3518 3859 12
3566 3799 3637 3858 et
3684 3791 3793 3868 ¹5,
3836 3790 3921 3856 de

2370 3898 2671 3967 turribus
2707 3896 2812 3967 his
2844 3921 2861 3965 ε
2894 3901 3060 3968 Dies
3096 3901 3466 3970 Domini...
3508 3923 3723 3992 super
3768 3921 3921 3968 om-

2369 4028 2521 4072 nem
2553 4007 2798 4073 turrim
2829 4004 3189 4074 excelsam.
3224 4004 3334 4086 Et,
3366 4029 3535 4088 xxx,
3570 4009 3656 4076 25
3688 4015 3755 4075 et
3786 4010 3873 4074 26
3900 4031 3915 4075 ε

2373 4114 2450 4180 In
2478 4113 2591 4180 die
2619 4113 3103 4203 intersectionis
3130 4112 3540 4193 multorum,
3596 4136 3755 4182 eum
3811 4135 3924 4181 ee-

2370 4223 2659 4290 cidcrint
2711 4232 2955 4305 turres,
3020 4217 3278 4288 scilicet
3341 4223 3413 4290 in
3479 4222 3591 4291 die
3647 4221 3918 4312 judicii,

2370 4332 2498 4399 erit
2546 4329 2676 4398 tus
2721 4329 2927 4406 Iunae,
2978 4334 3109 4396 etc.
3166 4327 3399 4395 Armis
3454 4329 3919 4399 detractorum

2371 4439 2543 4507 alios
2594 4437 3123 4516 vulnerantium,
3176 4435 3358 4508 Psal.
3401 4460 3535 4517 ινι,
3577 4440 3621 4506 5
3675 4460 3694 4507 2
3744 4438 3926 4507 Filii

2371 4549 2725 4616 leontinum
2781 4548 3008 4615 devites
3036 4567 3269 4613 eorum
3300 4570 3503 4616 arma
3533 4556 3599 4615 et
3615 4550 3917 4638 saqittae.

2377 4656 2480 4732 131,
2517 4654 2765 4723 ibidem
2800 4677 2817 4723 ε
2859 4655 3133 4744 Linqua
3168 4674 3404 4722 eorum
3430 4654 3723 4747 qtadius
3761 4677 3925 4723 aeu-

2371 4773 2506 4830 tus.
2542 4760 2625 4830 Et
2662 4760 3088 4829 multitudine
3126 4759 3569 4852 populorum,
3612 4760 3837 4830 Eccle.
3873 4783 3919 4840 ι,

2378 4874 2457 4938 ¹3
2501 4894 2519 4939 :
2568 4868 2959 4939 Stultorum
3016 4869 3332 4957 infinitus
3395 4881 3496 4939 est
3559 4890 3915 4939 numerus.

2375 4978 2637 5070 Regum
2668 4987 2733 5048 et
2764 4978 3141 5070 principum
3172 4976 3571 5048 fortitudine
3605 5001 3621 5046 :
3657 4978 3922 5047 diemo·

2369 5111 2490 5155 nes
2528 5087 2708 5155 enim
2740 5087 2809 5155 in
2836 5109 2916 5155 ea
2946 5085 3435 5177 principantur.
3473 5086 3611 5155 Sed
3649 5084 3733 5155 de
3789 5084 3924 5153 ‹1ae-

2371 5219 2575 5263 mone
2613 5194 2879 5276 dicitur,
2907 5193 3066 5263 Job.
3099 5216 3239 5272 xm,
3279 5195 3365 5261 24
3409 5216 3426 5262 ε
3472 5196 3625 5263 Non
3657 5201 3757 5263 est
3800 5217 3920 5262 su·

2363 5326 2488 5394 per
2523 5312 2776 5369 terram
2805 5310 3129 5393 potcstaS,
3169 5321 3322 5390 qua?
3352 5309 3794 5393 comparetur
3828 5302 3915 5367 ei.

2460 5434 2493 5473 ι
2560 5410 2728 5494 Quis
2773 5407 3052 5476 deducet
3117 5427 3247 5487 me,
3293 5431 3328 5472 ι
3389 5405 3456 5476 id
3523 5417 3649 5490 est,
3710 5407 3916 5476 tidem
