5008 6329
716 292 839 358 100

713 461 780 527 in
804 483 934 550 qua
967 467 1317 550 separatur
1347 454 1643 521 activum
1685 475 1722 518 a
1755 453 2055 542 passive,
2118 476 2260 519 ma·

710 570 1042 637 sculinum
1091 564 1524 633 afoeminino.
1579 560 1907 630 Similiter
1946 571 2013 631 et
2047 563 2264 653 gratia

713 678 956 746 adhoc
995 675 1230 750 tendit,
1276 680 1350 739 ut
1381 674 1754 762 pretiosum
1796 695 1834 739 a
1870 671 1988 739 vili
2031 694 2265 761 segre-

713 796 930 876 getur,
975 793 1038 849 et
1078 781 1205 847 hoc
1255 780 1556 847 ostendit
1593 780 1933 847 Dominus
1974 780 2043 843 in
2082 779 2265 866 prin-

715 893 889 981 cipio
922 888 1281 977 Scripturae
1315 889 1357 956 ¹.
1409 888 1610 962 Vidit,
1648 887 1893 975 inquit,
1938 887 2126 952 Deus
2149 883 2264 950 Iu—

716 1021 854 1068 cem
885 996 1072 1087 quod
1097 1005 1260 1063 esset
1302 995 1478 1062 bona
1510 1019 1534 1062 .·
1564 1003 1628 1060 et
1675 993 1913 1060 divisit
1963 994 2180 1060 lucem
2222 1017 2263 1059 a

717 1103 1033 1176 tenebris.
1076 1104 1257 1194 Ergo
1290 1102 1408 1168 filii
1449 1099 1682 1177 Israel,
1719 1100 1941 1167 clerici
1980 1100 2259 1180 scilicet,

719 1214 965 1281 debent
986 1235 1023 1280 a
1049 1211 1236 1277 laicis
1265 1206 2028 1298 separari.Numer.1,-i9
2062 1210 2257 1276 et50:

723 1321 997 1392 Tribum
1041 1318 1205 1386 Levi
1249 1316 1398 1382 noli
1447 1338 1834 1395 ηανηενανε,
1887 1339 2007 1383 nec
2048 1337 2266 1407 pones

717 1448 1056 1496 summam
1106 1447 1336 1492 eorum
1378 1447 1531 1492 cum
1582 1425 1760 1513 siliis
1807 1424 2032 1491 Israel
2078 1447 2099 1490 .·
2148 1423 2271 1509 secl

723 1538 1048 1606 constitue
1088 1556 1196 1601 eos
1256 1556 1464 1624 super
1503 1532 2030 1600 tabernaculum
2089 1532 2269 1599 testi-

722 1645 959 1722 monii,
1011 1653 1072 1710 et
1091 1650 1333 1709 cuncta
1371 1664 1536 1708 vasa
1583 1641 1761 1729 ejus.
1821 1640 1982 1707 Ideo
2022 1639 2268 1706 dicitur

725 1754 841 1831 εἰς,
878 1752 901 1818 l
936 1752 1116 1820 Petr.
1162 1752 1278 1829 11,9
1325 1771 1340 1817 ε
1391 1751 1513 1816 Vos
1542 1751 1698 1816 estis
1714 1771 1931 1839 qenus
1950 1747 2264 1829 electum,

724 1860 956 1950 reqale
1013 1857 1495 1926 sacerdotium.
1569 1856 1654 1922 Et
1701 1854 1846 1923 haec
1929 1855 2266 1946 separatio

726 1964 1127 2034 attendenda
1196 1971 1297 2030 est
1362 1970 1694 2052 quantum
1777 1960 1861 2028 ad
1917 1960 2261 2036 allectum,

727 2069 1058 2147 habitum,
1115 2067 1440 2145 osticium,
1488 2076 1556 2135 et
1585 2067 1826 2133 vitam.
1875 2064 2037 2146 Sed,
2089 2064 2264 2133 heu!

728 2187 944 2247 totum
993 2176 1171 2243 idem
1225 2183 1557 2265 quantum
1614 2174 1700 2241 ad
1758 2172 2103 2242 affectum.
2161 2173 2272 2241 Je-

727 2309 894 2355 rem.
938 2308 1031 2362 vi,
1073 2285 1149 2352 13
1184 2308 1198 2350 :
1244 2287 1299 2351 A
1344 2284 1598 2349 minori
1635 2305 1850 2372 usque
1901 2283 1998 2348 ad
2040 2281 2274 2371 majo-

730 2416 869 2463 rem
890 2415 1115 2461 omnes
1145 2393 1458 2458 avaritiae
1480 2389 1780 2458 student.
1816 2388 2163 2478 Quantum
2190 2389 2274 2457 ad

729 2503 1035 2574 habitum
1081 2526 1096 2569 ε
1132 2523 1284 2592 quae
1333 2503 1515 2568 enim
1565 2499 1948 2569 differentia
1985 2499 2070 2567 ad
2103 2498 2277 2566 mili-

731 2621 856 2689 ίρε,
900 2611 1038 2677 imo
1078 2609 1163 2676 ad
1208 2607 1553 2685 mulieres,
1599 2607 1785 2698 quod
1815 2607 2081 2698 turpius
2127 2608 2274 2675 est?

736 2717 1041 2810 Sophon.
1087 2739 1133 2794 ι,
1193 2717 1234 2784 8
1298 2738 1312 2781 :
1363 2714 1744 2782 Visitabo...
1799 2736 2005 2806 super
2049 2735 2276 2781 omnes

733 2828 855 2920 qni
929 2824 1154 2892 induti
1209 2832 1370 2889 sunt
1435 2830 1610 2888 veste
1650 2819 2270 2912 pereqrina.lten1‚

737 2941 1070 3026 quantum
1137 2929 1222 2997 ad
1299 2928 1626 2997 officium.
1691 2927 1751 2996 11
1806 2925 2117 2997 Machab.
2178 2950 2272 3006 iv,

739 3044 819 3111 14
853 3065 876 3109 .·
899 3043 1007 3108 Ita
1037 3048 1112 3106 ut
1137 3039 1516 3106 sacerdotes
1532 3036 1694 3125 jam
1726 3061 1860 3104 non
1890 3038 2070 3104 eirca
2098 3033 2280 3103 alta-

734 3153 829 3220 ris
868 3149 1104 3240 officio
1162 3147 1379 3215 dediti
1430 3154 1670 3223 essent,
1719 3145 1844 3214 sed
1897 3154 2275 3237 contempto

734 3258 1011 3351 templo,
1062 3266 1125 3324 et
1176 3254 1535 3344 sacrificiis
1588 3251 1937 3342 mylanis,
1981 3254 2278 3342 festina-

737 3376 884 3435 rent
920 3365 1292 3458 participes
1334 3362 1492 3452 fieri
1523 3362 1892 3453 pala’stra‘,
1936 3371 2000 3428 et
2033 3360 2279 3453 praebi-

737 3475 942 3541 tionis
986 3472 1141 3562 ejus
1190 3471 1493 3560 injustam
1538 3469 1621 3536 Et
1664 3477 1999 3559 quantum
2048 3468 2134 3538 ad
2169 3470 2279 3537 vi-

733 3590 901 3657 tam,
960 3588 1025 3647 et
1068 3578 1685 3647 conversationem.
1738 3575 1869 3644 lsa.
1919 3599 2111 3658 xxiv,
2162 3579 2202 3646 2
2254 3600 2272 3645 z

733 3690 829 3757 Et
853 3687 981 3754 erit
1004 3687 1182 3752 sicut
1206 3683 1543 3776 populus,
1573 3684 1675 3751 sic
1696 3684 2037 3752 sacerdos.
2074 3682 2272 3763 Item,

735 3796 911 3864 inter
941 3794 1122 3884 ipsos
1158 3791 1440 3861 clericos
1487 3791 1686 3861 debet
1717 3815 1863 3861 esse
1910 3795 2273 3884 separati0,

734 3905 895 3995 quia
934 3900 1376 3969 l’raelatorum
1406 3901 1548 3968 vita
1574 3898 1777 3969 debet
1813 3899 2140 3970 excedere
2168 3904 2279 3970 vi-

732 4016 872 4076 tam
903 4006 1316 4097 simplicium
1344 4004 1774 4073 elericorum.
1809 4006 2058 4074 (lenes.
2091 4029 2273 4087 κως,

741 4119 818 4184 19
878 4139 897 4185 ε
964 4115 1124 4185 Gad
1187 4116 1526 4184 accinctus
1598 4112 2051 4206 proeliabitm·
2120 4126 2281 4184 ante

732 4250 912 4295 eum.
962 4223 1070 4304 Et.
1120 4224 1206 4292 ad
1256 4222 1465 4291 llebr.
1519 4245 1585 4299 v,
1646 4225 1706 4307 1,
1749 4221 1910 4291 dicit
1958 4222 2213 4294 Paulus
2255 4249 2271 4295 ε

737 4332 977 4404 Omnis
1018 4331 1351 4418 Pontifex
1395 4350 1481 4395 ea:
1514 4328 1910 4397 hominibus
1960 4353 2274 4426 assump-

736 4450 868 4519 tus.
906 4460 1041 4528 pro
1095 4431 1490 4503 hominibus
1553 4436 2001 4505 constituitur
2063 4440 2136 4507 in
2192 4441 2279 4509 iis

733 4570 887 4641 quae
909 4554 1071 4616 sunt
1098 4542 1196 4612 od
1214 4545 1467 4614 Deum.

826 4780 860 4821 ι
889 4758 987 4826 Et
1013 4754 1423 4822 didicerunt.
1461 4781 1496 4818 a·
1527 4752 1658 4823 llio
1686 4752 2090 4840 secundum,
2132 4780 2274 4827 ma·

733 4861 957 4933 lorum
985 4863 1299 4931 imitatio.

822 4971 936 5039 Ait
964 4970 1143 5039 enim
1174 4991 1193 5036 ε
1240 4968 1354 5037 Sic
1391 4969 1569 5037 inter
1607 4968 1858 5038 Gentes
1885 4980 2046 5043 sunt
2086 4995 2282 5044 com-

735 5079 915 5147 misti
967 5101 984 5146 :
1050 5106 1081 5142 ι
1106 5086 1172 5145 et
1207 5106 1240 5139 ι»
1282 5078 1381 5146 sic
1410 5107 1444 5141 «
1489 5076 1884 5147 didicerunt
1918 5103 2127 5174 opera
2163 5105 2281 5152 eo-

738 5210 919 5264 rum,
954 5213 989 5250 a·
1024 5185 1201 5254 mala
1231 5196 1297 5256 et
1326 5188 1644 5279 pessima.
1686 5186 1942 5258 Jerem.
1992 5212 2089 5274 xv,
2129 5193 2214 5261 22
2258 5215 2275 5262 ε

735 5296 1091 5388 Sapientes
1116 5305 1280 5363 sunt
1317 5304 1395 5363 ut
1420 5297 1695 5384 saciant
1722 5296 1943 5384 mala,
1970 5296 2132 5370 bene
2158 5325 2283 5371 au·

735 5415 871 5473 tem
893 5404 1121 5494 facere
1155 5401 1564 5472 nescierunt.

814 5637 834 5675 ¹
863 5634 1071 5693 Genes.
1102 5647 1145 5703 ι,
1174 5629 1230 5690 t.

1712 282 1793 348 D.
1845 281 2047 349 ΑΕΒ.
2099 280 2319 350 MAG.

2372 279 2577 349 ORD.
2632 283 2927 353 PRAED.

2469 477 2501 517 «
2545 455 2639 520 Et
2673 455 3070 520 servierunt.
3110 481 3141 515 »
3181 455 3309 521 Hie
3336 457 3640 545 tangitur
3677 474 3923 543 pecca-

2378 569 2521 627 tum
2556 558 2950 627 idololatriae
2994 580 3009 625 ε
3069 568 3134 626 et
3176 559 3494 629 dicuntur
3531 561 3692 628 du0.
3765 559 3924 626 Pri-

2377 692 2515 748 m0‚
2588 671 3044 738 venerationis
3120 669 3448 737 exhibitio
3503 670 3726 738 idolis.
3797 668 3928 735 Se-

2375 775 2623 859 cund0,
2693 776 3123 846 vehementia
3191 779 3675 855 venerationis,
3766 780 3923 868 quia

2376 906 2591 973 usque
2630 883 2717 950 ad
2793 884 3087 952 filiorum
3149 883 3722 964 immolationem,
3801 884 3924 965 ibi,

2375 1000 2439 1067 y.
2485 992 2567 1058 37
2605 1014 2620 1057 :
2670 1016 2702 1056 (ι
2745 994 2840 1059 Et
2880 992 3411 1060 immolaverunt
3448 991 3660 1082 filios.
3713 1019 3743 1052 »

2466 1098 2544 1165 ln
2581 1099 2801 1187 prima
2850 1098 3010 1166 duo.
3055 1097 3318 1179 Primo,
3384 1101 3731 1168 veneratio
3773 1099 3928 1166 ido-

2375 1206 2623 1273 lorum.
2672 1205 3010 1286 Secundo,
3036 1206 3511 1275 scandalizatio
3543 1209 3834 1275 aliorum
3858 1208 3927 1273 in

2377 1313 2578 1393 factO,
2624 1315 2801 1404 quod
2837 1314 3127 1382 multum
3170 1325 3525 1408 aggravat,
3570 1315 3690 1400 ibi,
3739 1341 3771 1381 ι
3833 1318 3929 1384 Et

2374 1424 2641 1513 factum
2672 1433 2791 1490 est.
2855 1450 2889 1486 »

2463 1529 2582 1596 Ait
2619 1529 2800 1595 enim
2847 1551 2862 1596 ε
2902 1528 3016 1596 Sic
3046 1531 3386 1597 commisti
3419 1539 3604 1608 sunt,
3638 1537 3701 1597 et
3750 1529 3931 1597 didi-

2377 1644 2615 1704 cerunt
2652 1636 2925 1704 illorum
2963 1660 3248 1728 opera.«
3296 1642 3389 1707 Et
3449 1638 3855 1717 servierunt,
3891 1667 3924 1700 »

2377 1743 2896 1824 idololatrando,
2962 1772 2997 1809 κ
3049 1746 3496 1837 sculptilibus
3570 1769 3828 1824 eorum,
3894 1771 3927 1812 n

2375 1852 2718 1931 Judicum‚
2753 1875 2826 1931 ιι,
2874 1853 2954 1921 10
2984 1862 3051 1921 et
3084 1855 3158 1921 11
3199 1879 3217 1921 z
3270 1854 3737 1922 Sur-rexerunt
3773 1853 3929 1931 alii,

2379 1962 2500 2051 qni
2527 1982 2659 2027 non
2689 1971 3016 2028 noverant
3050 1962 3529 2041 Dominum,et
3557 1984 3764 2053 opera
3784 1985 3937 2052 quse

2377 2070 2632 2158 fecerat
2670 2091 2824 2135 cum
2867 2069 3110 2137 lsrael.
3148 2071 3613 2160 Feceruntque
3655 2071 3801 2160 filii
3826 2071 3935 2139 Is-

2381 2176 2533 2243 rael
2558 2175 2826 2245 malum
2857 2179 2929 2244 in
2967 2188 3325 2270 conspectu
3355 2180 3663 2247 Domini.
3692 2178 3775 2245 Et
3813 2178 3933 2246 ite-

2382 2308 2556 2360 rum.
2595 2286 2663 2352 in
2694 2285 2961 2364 eodem,
3003 2294 3069 2361 5.
3139 2286 3217 2354 19
3254 2307 3269 2355 :
3318 2287 3546 2355 Multo
3583 2285 3937 2377 faciebant

2375 2390 2623 2482 pejora
2687 2414 2898 2483 quam
2924 2395 3232 2482 fecerant
3279 2403 3512 2484 patres
3549 2416 3810 2474 eorum,
3840 2415 3938 2461 se·

2381 2509 2658 2587 quentes
2726 2500 2886 2566 deos
2930 2498 3219 2578 alienos,
3286 2502 3646 2567 servientes
3715 2503 3838 2579 εἰς,
3872 2509 3935 2567 et

2383 2605 2749 2673 adorantes
2778 2604 2963 2673 illos.
3030 2604 3056 2672 l
3109 2603 3278 2696 lteg.
3330 2628 3476 2678 vin.
3530 2606 3570 2674 8
3608 2629 3622 2672 :
3656 2606 3937 2676 Dereli-

2382 2721 2679 2806 querunt
2717 2735 2843 2790 me,
2878 2723 2943 2781 et
2976 2715 3356 2781 servierunt
3394 2714 3530 2780 diis
3569 2714 3840 2781 alimis.

2476 2846 2511 2887 ι
2544 2824 2638 2889 Et
2662 2824 2933 2912 sactum
2961 2830 3060 2889 est
3090 2822 3262 2889 illis.
3310 2845 3345 2888 ι
3373 2820 3498 2889 llic
3529 2823 3931 2891 secundum.

2384 2928 2593 3009 Quasi
2649 2928 2896 2998 diceret
2963 2951 2979 2997 ε
3062 2927 3177 2998 Sic
3250 2931 3632 2998 servierunt
3666 2954 3683 2999 t
3757 2958 3788 2994 ι
3841 2932 3938 3000 Et

2375 3038 2642 3126 lactum
2682 3049 2783 3106 est
2813 3038 2961 3105 illis
3017 3039 3088 3105 in
3124 3039 3565 3118 scandalum,
3598 3068 3628 3103 ι
3673 3049 3737 3108 et
3768 3064 3940 3132 pro-

2382 3145 2635 3236 prium,
2695 3154 2761 3212 et
2818 3143 3135 3214 aliorum.
3197 3144 3432 3223 Josue.
3485 3170 3678 3229 xxm,
3737 3150 3815 3216 12
3871 3156 3939 3217 et

2392 3252 2471 3318 13
2507 3251 2638 3320 :Si
2695 3249 3051 3321 volueritis
3112 3255 3424 3345 gentium
3482 3254 3939 3346 liar-nmque

2388 3361 2565 3426 inter
2584 3382 2699 3428 vos
2725 3359 3069 3439 habitant,
3103 3360 3451 3429 erroribus
3469 3362 3840 3439 adita-rere,
3856 3414 3871 3430 .
3885 3412 3932 3431 ..

2385 3477 2585 3535 erunt
2611 3467 2799 3536 vobis
2836 3470 2909 3537 in
2961 3471 3234 3561 foveam
3303 3492 3383 3535 oe
3459 3470 3814 3561 laqueum.
3874 3485 3940 3540 et

2385 3574 2908 3665 offendiculum,
2988 3587 3055 3644 et
3120 3578 3330 3645 etiam
3414 3576 3589 3645 aliis.
3668 3578 3932 3655 Jerem.

2383 3704 2518 3766 vn,
2588 3685 2672 3754 30
2706 3708 2722 3755 ε
2767 3685 3155 3754 posuerunt
3196 3684 3622 3775 offendicula
3666 3708 3799 3755 sua
3864 3687 3936 3755 in

2383 3794 2585 3861 domo
2683 3795 2754 3861 in
2831 3816 2971 3886 qua
3045 3795 3439 3862 invocatum
3511 3804 3609 3862 est
3689 3816 3931 3863 nomen

2382 3924 2633 3972 meum.
2702 3899 2947 3969 Matth.
2985 3922 3181 3979 xvm.
3242 3903 3281 3971 Ἰ
3327 3922 3345 3971 t
3412 3902 3517 3969 Va>-
3573 3902 3833 3971 mundo
3890 3926 3934 3969 a

2379 4008 2755 4088 scandalis,
2813 4007 3065 4078 scilicet
3099 4007 3551 4088 clericorum,
3584 4018 3652 4078 et
3710 4009 3936 4080 Eccle-

2384 4118 2500 4185 siae
2525 4115 2974 4185 Praelatorum
3002 4117 3019 4185 l
3052 4114 3577 4196 Verumtamen.
3632 4119 3808 4189 sicut
3834 4119 3938 4189 di·

2382 4226 2558 4294 citur
2577 4223 2699 4310 ibi,
2728 4231 2790 4302 5.
2820 4224 2886 4307 6,
2928 4222 3177 4292 melius
3213 4234 3391 4294 esset
3420 4226 3481 4294 ei
3523 4236 3599 4296 ut
3639 4249 3938 4321 suspen?

2385 4332 2657 4404 deretur
2700 4332 2885 4403 mola
2916 4333 3216 4403 asinaria
3252 4335 3432 4404 collo
3462 4336 3639 4426 ejus,
3682 4344 3812 4404 etc.

2471 4677 2504 4711 α
2548 4650 2645 4718 ΕΙ
2672 4649 3227 4719 immolaverunt.
3273 4674 3308 4717 ι
3360 4651 3493 4722 nie
3548 4654 3934 4725 ostenditur

2381 4756 2810 4828 vehementia
2843 4761 2911 4828 in
2964 4761 3430 4846 veneratione,
3495 4765 3655 4855 quia
3713 4788 3931 4857 nsque

2383 4865 2469 4936 ad
2495 4866 3036 4936 immolationem
3067 4872 3423 4960 progeniei
3459 4894 3474 4939 ε
3518 4880 3585 4940 et
3612 4871 3934 4942 dicuntur

2381 4979 2535 5048 tria.
2579 4978 2839 5063 Primo,
2873 4976 3171 5047 filiorum
3212 4989 3280 5049 et
3327 4979 3618 5049 filiarum
3679 4983 3937 5053 immo-

2383 5087 2574 5156 latio.
2628 5084 2971 5166 Secundo,
3030 5086 3282 5156 modus
3345 5086 3935 5177 immolandi‚ibi,

2383 5204 2448 5274 ὴ.
2501 5195 2639 5265 38:
2685 5221 2720 5258 α
2761 5196 2857 5263 ΕΙ
2919 5195 3336 5288 effuderunt.
3381 5219 3416 5262 ι
3457 5195 3713 5278 Tertio,
3760 5200 3939 5270 infe-

2386 5306 2519 5374 ctio
2581 5304 2793 5374 totius
2873 5312 3067 5373 terroe
3131 5326 3217 5374 ex
3253 5303 3757 5397 immolatione,
3812 5308 3932 5388 ibi,

2388 5440 2423 5477 α
2463 5415 2561 5484 Et
2615 5414 2871 5505 insecta
2886 5422 3007 5482 est.
3041 5438 3079 5477 ι

4050 4655 4173 4723 88
