5008 6329
1816 396 2531 468 COMMENTARIUS
2579 396 2674 463 IN
2719 397 3153 469 PSALMUM
3203 401 3613 472 CXXXVII.

1118 564 1420 645 tertium,
1457 566 1528 633 in
1560 591 1697 658 quo
1727 570 1974 660 probat
2013 573 2200 662 quod
2247 572 2525 640 laudare
2575 572 2681 637 de-

1114 665 1279 736 bent
1307 671 1507 742 valde
1550 674 1880 756 laetanter,
1937 685 2003 745 et
2065 687 2432 744 sumuntur
2479 677 2683 742 ratio-

1115 796 1235 844 nes
1269 801 1309 844 a
1347 781 1592 850 tribus.
1630 784 1890 864 Prima,
1936 783 2021 851 ab
2054 785 2266 874 ipsius
2302 782 2679 872 maJestate.

1120 883 1463 968 Secunda,
1508 914 1547 956 a
1577 891 2029 981 benignitate,
2075 892 2195 971 ibi,
2250 893 2403 959 «Et
2446 891 2683 957 kumi-

1119 995 1243 1063 lia.
1293 1024 1327 1063 ι»
1374 999 1632 1079 Tertia,
1668 1023 1708 1067 a
1739 1001 2127 1085 severitate,
2176 1000 2295 1080 ibi,
2360 1025 2393 1066 α
2437 1003 2534 1069 Et
2582 1000 2685 1068 al-

1116 1111 1212 1171 ta.
1251 1129 1285 1168 »
1331 1103 1629 1190 Quart0,
1671 1104 1919 1194 probat
1947 1108 2324 1175 secundum
2351 1107 2538 1198 quod
2585 1114 2686 1174 est

1114 1209 1489 1300 benignus,
1525 1211 1645 1292 ibi,
1679 1221 1744 1289 ς’.
1788 1215 1827 1281 7
1878 1236 1891 1281 :
1933 1240 1966 1280 α
1999 1216 2084 1285 Si
2140 1215 2608 1283 ambulavero.
2646 1237 2680 1278 »

1118 1316 1406 1399 Quinto,
1440 1322 1751 1399 tertium,
1788 1321 1910 1404 ibi,
1948 1347 1981 1388 α
2025 1326 2119 1392 Et
2153 1346 2360 1414 super
2396 1325 2600 1390 iram.
2641 1347 2674 1382 n

1121 1423 1357 1504 Sexto,
1393 1428 1731 1517 primum,
1767 1429 1886 1515 ibi,
1927 1457 1960 1492 α
2001 1433 2099 1498 Et
2124 1430 2401 1498 salvum
2429 1452 2537 1496 me
2575 1429 2688 1517 se-

1123 1534 1241 1600 cit.
1286 1558 1320 1598 n

1208 1641 1391 1709 Dicit
1435 1663 1602 1732 ergo
1660 1665 1674 1709 :
1742 1642 1856 1711 Sic
1916 1651 2103 1735 opt0,
2136 1644 2321 1735 quod
2351 1641 2684 1711 cantando

1119 1747 1429 1833 laudent,
1476 1759 1543 1817 et
1610 1750 1887 1833 debent,
1963 1777 1996 1818 α
2040 1753 2372 1843 quoniam
2444 1752 2685 1819 Domi-

1119 1879 1276 1933 nus,
1322 1884 1356 1918 n
1404 1857 1673 1949 supple,
1755 1867 1880 1938 est,
1921 1886 1954 1923 α
2013 1860 2340 1936 excelsus,
2386 1886 2419 1920 »
2482 1858 2690 1946 maje-

1122 1972 1321 2036 state.
1366 1964 1551 2033 Vere
1612 1965 1948 2036 excelsus,
2009 1966 2143 2035 Isa.
2188 1990 2297 2043 Lv,
2333 1967 2373 2034 9
2417 1988 2432 2033 ε
2494 1966 2691 2034 Sicut

1120 2072 1537 2140 exaltantur
1600 2072 1754 2141 coeli
1821 2098 1863 2141 a
1923 2085 2132 2155 terra,
2203 2076 2305 2142 ita
2367 2073 2691 2142 exaltatae

1117 2188 1281 2246 sunt
1310 2181 1439 2247 viae
1471 2203 1638 2248 meae
1666 2206 1710 2250 a
1749 2183 1879 2250 viis
1908 2184 2169 2260 vestris,
2206 2193 2270 2249 et
2336 2181 2692 2273 coqitatio-

1121 2309 1238 2354 nes
1297 2309 1466 2356 meoe
1522 2312 1566 2356 a
1633 2290 2169 2380 coqitationibus
2220 2290 2479 2357 vestris.
2543 2287 2690 2355 Imo

1122 2394 1303 2485 pluS.
1346 2395 1512 2476 Job,
1566 2419 1661 2474 xi,
1705 2399 1746 2465 8
1791 2422 1807 2466 ε
1851 2398 2216 2467 lfa-celsior
2240 2399 2404 2466 caelo
2444 2406 2563 2474 est,
2629 2406 2693 2463 et

1120 2502 1298 2592 quid
1323 2505 1548 2593 facies
1578 2503 1620 2571 ?
1656 2503 1767 2581 Et,
1804 2528 2041 2585 xxxv1,
2086 2507 2197 2585 22,
2258 2506 2429 2573 dixit
2482 2503 2636 2572 Eliu
2670 2523 2686 2569 ε

1120 2613 1324 2690 Ecce,
1363 2613 1559 2680 Deus
1590 2614 1899 2681 excelsus
1931 2616 2002 2681 in
2029 2614 2445 2705 fortitudine
2468 2635 2622 2680 sua.

1218 2743 1251 2784 α
1296 2723 1396 2788 Et
1433 2721 1743 2790 humilia
1783 2725 2085 2815 respicit,
2133 2748 2167 2789 »
2228 2723 2427 2791 oculo
2485 2722 2693 2789 mise-

1123 2827 1439 2896 ricordiae
1493 2838 1562 2897 et
1608 2831 1907 2920 pietatis,
1952 2833 2023 2898 in
2079 2853 2217 2921 quo
2276 2836 2696 2898 monstratur

1123 2938 1273 3026 ejus
1304 2938 1726 3030 benignitas.
1764 2939 2016 3010 Genes.
2049 2963 2241 3021 xxm,
2294 2941 2377 3009 32
2416 2963 2433 3009 :
2515 2939 2698 3008 Vidit

1122 3046 1475 3115 Dominus
1548 3047 2027 3117 humilitatem
2081 3071 2333 3118 meam.
2402 3047 2566 3117 Luc.
2644 3071 2691 3126 1,

1126 3151 1264 3222 48:
1327 3154 1680 3246 Respexit,
1761 3155 2010 3247 iuquit,
2061 3156 2529 3225 humilitatem
2570 3178 2701 3223 an-

1129 3263 1316 3331 cillae
1342 3286 1513 3333 suoe.
1559 3263 1694 3332 Isa.
1737 3287 1921 3345 xxm,
1964 3267 2004 3332 2
2039 3288 2056 3332 :
2089 3266 2206 3335 Ad
2229 3288 2430 3357 quem
2479 3264 2700 3357 respi-

1131 3372 1340 3449 ciam,
1378 3370 1582 3440 oculo
1624 3373 2136 3454 misericordiae,
2196 3374 2335 3440 nisi
2389 3373 2487 3440 ad
2518 3395 2699 3465 pau-

1128 3476 1532 3571 perculum,
1575 3489 1640 3546 et
1669 3482 2042 3548 contritum
2077 3482 2358 3571 spiritu,
2389 3487 2522 3549 etc.
2566 3478 2700 3547 Sa-

1078 3640 1084 3644 .
1133 3588 1347 3678 pient.
1379 3609 1475 3674 vi,
1521 3589 1560 3656 Ἰ
1598 3609 1614 3655 :
1659 3590 1946 3681 Exiquo
1984 3588 2378 3657 conceditur
2425 3589 2699 3658 miseri-

1132 3693 1396 3762 cordia.

1227 3825 1261 3867 ι
1303 3802 1401 3868 Et
1448 3801 1628 3881 alta,
1677 3827 1711 3868 »
1770 3825 1895 3894 per
1958 3802 2376 3894 superbiam,
2446 3828 2482 3866 ι
2548 3824 2702 3894 coq-

1131 3908 1351 3976 noscit
1418 3933 1463 3977 a
1523 3908 1749 4001 lonqe,
1798 3936 1832 3974 ,υ
1902 3917 2257 4003 tamquam
2333 3909 2698 4002 indignans

1135 4017 1233 4085 eis
1303 4037 1320 4083 :
1401 4017 1474 4085 in
1515 4040 1653 4109 quo
1695 4026 2117 4088 monstratur
2156 4019 2303 4109 ejus
2341 4020 2692 4088 severitas.

1134 4123 1380 4194 Jacob.
1425 4146 1520 4203 ιν,
1567 4126 1635 4206 6,
1704 4132 1771 4193 et
1808 4124 1838 4192 1
1872 4124 2056 4196 Petr.
2096 4150 2165 4207 v,
2200 4128 2241 4196 5
2284 4145 2303 4197 ε
2350 4129 2542 4197 Deus
2574 4149 2701 4196 su-

1130 4231 1367 4324 perbis
1397 4233 1685 4312 resistit,
1716 4232 2131 4315 humilibus,
2165 4243 2270 4305 etc
2291 4241 2337 4302 ¹.

1238 4578 1268 4615 ι
1296 4550 1380 4619 Si
1417 4547 1895 4617 ambulavero,
1934 4575 1967 4611 ι»
2037 4547 2164 4617 llic
2223 4555 2568 4638 quartum,
2624 4546 2696 4615 in

1136 4679 1273 4749 quo
1309 4656 1584 4749 probat,
1628 4654 1815 4748 quod
1851 4677 2010 4726 vere
2076 4655 2442 4747 benignus,
2484 4665 2551 4724 et
2598 4677 2700 4725 re·

1133 4767 1335 4857 spicit
1364 4764 1688 4833 humilia.

1225 4872 1440 4953 Quasi
1496 4872 1804 4941 diceret:
1870 4872 1986 4941 Sic
2021 4872 2190 4953 dixi,
2261 4871 2445 4965 quod
2500 4873 2694 4941 beni-

1134 5003 1339 5074 gnus,
1381 4988 1451 5048 et
1488 5000 1651 5047 vere
1696 5001 1712 5046 :
1758 4979 1921 5071 quia
1963 5004 1997 5046 ι
2040 4980 2103 5047 si
2138 4979 2586 5049 ambulavero
2625 4980 2698 5048 in

1134 5089 1361 5159 medio
1394 5087 1899 5170 tribulationis,
1935 5114 1970 5155 ι
2011 5097 2364 5181 tamquam
2431 5091 2503 5158 in
2567 5088 2700 5159 for·

1136 5222 1302 5268 nace
1346 5198 1526 5289 ignis
1565 5197 1893 5278 ardentis,
1927 5221 1970 5268 o
2019 5198 2343 5283 Domine,
2381 5226 2415 5268 ι
2471 5200 2703 5290 vivifi-

1136 5308 1326 5377 cabis
1362 5332 1495 5378 me.
1544 5334 1579 5375 ι
1613 5307 1750 5377 isa.
1807 5329 2099 5389 xxxvm,
2163 5311 2301 5379 16:
2354 5311 2699 5402 Corripies

1137 5437 1268 5495 me,
1302 5426 1368 5484 et
1405 5414 1794 5505 vivificabis
1820 5436 1952 5483 me.
1996 5414 2110 5502 Et,
2141 5439 2328 5498 xun,
2358 5419 2398 5486 2
2436 5437 2456 5489 ε
2532 5418 2702 5488 Cum

1136 5523 1616 5594 ambulaveris
1693 5524 1765 5592 in
1831 5523 2016 5616 iqne,
2087 5523 2546 5595 tribulationis
2636 5534 2705 5596 et

1216 5756 1233 5792 ¹
1265 5753 1351 5811 Cf.
1387 5751 1671 5811 Proverb.
1704 5769 1787 5823 m,
1817 5755 1908 5824 θός
1940 5754 2100 5814 Psal.
2130 5770 2239 5827 m,
2269 5756 2359 5824 ²³3
2390 5756 2593 5813 nauh.
2626 5772 2699 5828 vi,

4202 397 4326 463 441

2786 573 3196 653 tentationiS,
3231 597 3363 639 non
3397 570 3835 647 combureris,
3880 590 3992 634 me
4036 565 4326 656 gratiam

2786 675 3199 757 infundente,
3269 678 3429 764 quia
3492 673 3971 740 vivificaberis,
4063 669 4332 758 Grego-

2785 782 2922 847 rius
2957 805 2970 847 :
3020 807 3051 845 «
3096 780 3266 849 Cum
3297 781 3634 848 Dominus
3665 803 3792 847 nos
3823 779 4121 846 exterius
4153 775 4332 842 asssi-

2790 916 2822 956 α
2857 890 2975 980 git,
3020 890 3299 956 interius
3330 913 3456 957 nos
3497 889 3708 956 reiicit
3754 911 3766 954 :
3804 909 3959 954 cum
3996 886 4177 951 enim
4211 906 4330 950 ex-

2787 999 3061 1066 «terius
3100 999 3419 1065 virtutem
3468 997 3688 1064 carnis
3745 992 4086 1070 humiliat,
4149 992 4330 1058 inte-

2789 1135 2821 1171 «
2859 1109 2991 1172 rius
3052 1106 3499 1172 intentionem
3566 1103 3842 1193 spiritus
3927 1097 4202 1167 exaltat.
4283 1123 4313 1160 n

2787 1212 2817 1279 1
2857 1211 3022 1302 Reg.
3068 1234 3137 1288 11,
3172 1212 3212 1277 6
3256 1233 3271 1276 :
3313 1210 3659 1279 Dominus
3687 1208 4085 1294 mortificat,
4134 1213 4198 1270 et
4235 1203 4333 1269 vi-

2785 1320 3016 1408 vificat
3056 1342 3076 1383 .·
3109 1317 3472 1385 mortificat
3501 1314 3937 1408 flagellandO,
3989 1321 4055 1381 et
4102 1310 4334 1378 vivifi-

2788 1440 2890 1500 cat
2920 1431 3207 1522 gratiam
3238 1428 3685 1497 infundendo.

2880 1667 2913 1708 α
2955 1645 3049 1710 Et
3111 1664 3316 1733 super
3363 1642 3567 1708 iram.
3606 1665 3639 1700 »
3706 1637 3835 1704 Hic
3891 1633 4136 1725 probat
4192 1639 4340 1700 ter-

2788 1755 2985 1832 tium,
3028 1753 3304 1833 scilicet,
3341 1750 3524 1842 quod
3552 1769 3855 1817 securus.
3892 1744 4104 1825 Quasi
4162 1743 4341 1811 dice-

2792 1870 2891 1928 ret
2925 1884 2940 1927 :
2987 1859 3099 1927 Sic
3127 1858 3423 1926 vivificat
3461 1879 3617 1925 cum
3650 1852 3962 1930 tribulor,
3999 1849 4180 1918 unde
4223 1870 4339 1938 ap-

2790 1978 3002 2059 paret,
3047 1965 3229 2058 quod
3266 1965 3626 2054 benignus.
3675 1987 3708 2028 α
3785 1963 3875 2028 Et
3932 1988 3967 2024 »
4038 1956 4243 2026 etiam
4295 1977 4336 2023 o

2791 2075 3085 2145 Domine
3124 2101 3159 2139 α
3229 2073 3595 2142 extendisti
3649 2091 3939 2138 manum
4002 2077 4223 2145 tuam,
4300 2088 4335 2129 ι

2795 2206 2911 2253 eos
2967 2181 3352 2273 affligendo,
3402 2207 3436 2257 ᾳ
3499 2201 3705 2271 super
3768 2178 3950 2244 iram
4018 2173 4335 2241 inimico-

2794 2315 2949 2360 rum
2978 2312 3305 2366 meorum,
3354 2313 3388 2354 »
3438 2287 3506 2355 id
3547 2296 3674 2365 est,
3726 2306 3933 2376 super
3970 2278 4339 2350 iracundos

2795 2400 3105 2467 inimicos
3170 2420 3383 2477 meos,
3455 2395 3636 2463 unde
3705 2414 4001 2484 appareo
4042 2408 4344 2457 severus.

2797 2505 3126 2575 Ezechiel.
3196 2528 3358 2587 xxv,
3425 2505 3557 2570 13:
3619 2500 4020 2570 Extendam
4060 2515 4349 2564 manum

2799 2638 3016 2684 meam
3054 2636 3263 2706 super
3323 2611 3731 2686 Idumaeam,
3784 2616 3847 2675 et
3895 2608 4221 2695 auferam
4275 2600 4361 2667 de

2798 2747 2876 2791 ea
2903 2723 3270 2802 hominem,
3312 2729 3376 2786 et
3435 2717 3869 2808 jumentum.
3948 2709 4257 2787 Nahum,
4302 2730 4350 2785 1,

2800 2834 2839 2899 2
2877 2855 2892 2899 ε
2932 2831 3267 2900 Ulciscens
3306 2829 3646 2896 Dominus
3674 2826 3745 2892 in
3784 2824 4006 2890 hostes
4032 2842 4221 2897 suos,
4288 2825 4352 2883 et

2801 2941 3093 3008 irascens
3129 2938 3271 3030 ipse
3300 2936 3599 3004 inimicis
3634 2934 3807 3001 suis.

2900 3180 2930 3217 ι
2973 3152 3061 3219 Et
3084 3148 3382 3218 salvum.
3415 3172 3450 3213 ι
3493 3145 3622 3215 Ηὶο
3680 3143 3922 3237 probat
3987 3144 4340 3234 primum:

2800 3271 2865 3331 et
2919 3261 3235 3330 dicuntur
3263 3260 3423 3329 duo.
3468 3258 3728 3334 Primo,
3773 3257 4016 3325 asserit
4064 3254 4151 3323 ab
4190 3253 4339 3342 ejus

2801 3371 3099 3462 potentia
3153 3392 3224 3438 se
3283 3367 3649 3437 salvatum.
3723 3364 4067 3445 Secundo,
4127 3370 4356 3431 osten-

2803 3482 2900 3549 dit
2931 3479 3165 3549 salutis
3201 3479 3511 3556 modum,
3548 3478 3669 3558 ibi,
3728 3484 3794 3554 5.
3839 3477 3881 3544 8
3924 3497 3942 3544 x
4008 3499 4042 3541 ι
4112 3472 4355 3542 Domi-

2802 3612 2934 3657 nus
2971 3587 3316 3657 retribuet.
3356 3613 3391 3650 ιι

2891 3695 3099 3776 Quasi
3129 3694 3427 3763 diceret:
3504 3692 3683 3761 Vere
3737 3688 4085 3760 excelsum
4142 3685 4283 3754 dixi
4325 3705 4345 3755 ε

2805 3805 2962 3896 quia
2998 3810 3360 3894 postquam
3410 3824 3543 3878 me,
3600 3800 3922 3880 Domine,
3993 3792 4355 3864 vivificasti

2806 3916 2876 3984 in
2917 3912 3375 3992 tribulatione,
3453 3921 3520 3981 et
3555 3934 3759 4003 super
3826 3909 4140 3977 inimicos
4198 3928 4356 3974 ma-

2805 4045 2969 4091 num
3000 4021 3384 4099 extendisti,
3420 4046 3454 4087 ι
3495 4019 3778 4088 dextera
3834 4026 3985 4096 tua,
4058 4043 4093 4078 n
4153 4021 4354 4105 pote-

2804 4142 2966 4213 stas,
3007 4140 3072 4201 et
3100 4131 3417 4221 majestas
3454 4139 3598 4210 tua,
3668 4154 3702 4196 ι
3742 4128 4019 4196 salvum
4076 4146 4185 4193 me
4245 4124 4350 4214 se·

2806 4241 2921 4321 cit,
2967 4267 3000 4303 ιι
3033 4238 3218 4331 quod
3256 4237 3342 4306 ab
3370 4236 3506 4307 alio
3545 4257 3984 4329 nequaquam
4015 4231 4162 4301 fieri
4219 4252 4354 4323 po-

2806 4352 2957 4419 tuit.
3035 4348 3329 4418 Dextera
3387 4348 3632 4427 Patris,
3704 4350 3880 4415 sicut
3963 4343 4364 4434 frequenter

2807 4458 3060 4526 dictum
3091 4464 3214 4535 est,
3255 4464 3355 4525 est
3387 4454 3623 4534 Filius,
3656 4454 3728 4522 in
3760 4475 3896 4545 quo
3936 4449 4181 4520 salvat.
4215 4447 4350 4516 lsa.

2807 4587 2940 4646 xm,
2987 4564 3066 4632 10
3103 4586 3118 4632 ε
3158 4563 3569 4632 Auxiliotus
3613 4584 3768 4629 sum
3814 4559 3966 4639 tibi,
4026 4566 4093 4626 et
4134 4577 4355 4625 susce-

2800 4672 2910 4766 pit
2947 4680 3010 4738 te
3044 4671 3324 4738 dez-tera
3341 4669 3534 4760 justi
3559 4671 3719 4747 mei,
3766 4675 3844 4735 ut
3872 4668 3961 4734 sit
4034 4671 4353 4734 constru-

2807 4780 2941 4849 ctio
2962 4778 3410 4847 intransitiva.
3435 4775 3599 4845 Haec
3625 4784 3727 4844 est
3749 4774 4052 4852 dextera,
4083 4771 4167 4840 de
4193 4792 4354 4862 qua,

2810 4885 3112 4977 Sapient.
3145 4907 3215 4966 v,
3254 4885 3332 4952 Π
3368 4903 3388 4954 :
3418 4885 3725 4953 Dea-‘tera
3767 4904 3900 4950 sua
3974 4888 4152 4971 teqet
4215 4898 4350 4945 eos.

2810 4991 2917 5073 Et,
2950 4988 3278 5058 Proverb.
3315 5012 3412 5073 ιιι,
3451 4990 3530 5056 16
3565 5010 3581 5056 :
3624 4986 4022 5080 Lonqitudo
4053 4984 4356 5067 dierum,

2811 5094 2967 5187 quia
3039 5093 3405 5175 aeternitas,
3468 5093 3536 5159 in
3575 5092 3858 5160 dea-tera
3914 5090 4072 5181 ejus
4102 5111 4125 5157 .·
4164 5088 4363 5158 dator

2812 5203 2995 5272 enim
3040 5210 3144 5271 est
3182 5200 3396 5270 Filius
3445 5200 3901 5292 longitudinis
3947 5198 4241 5282 dierum,
4304 5196 4373 5266 id

2809 5320 2935 5398 est,
2975 5310 3393 5381 aeternitatis.

2813 5760 2922 5829 253
2957 5758 3092 5815 Luc.
3123 5774 3228 5829 ιιι,
3257 5760 3347 5813 22.
