<?xml version="1.0" encoding="UTF-8"?>
<!DOCTYPE html PUBLIC "-//W3C//DTD XHTML 1.0 Transitional//EN"
    "http://www.w3.org/TR/xhtml1/DTD/xhtml1-transitional.dtd">
<html xmlns="http://www.w3.org/1999/xhtml" xml:lang="en" lang="en">
 <head>
  <title>
</title>
<meta http-equiv="Content-Type" content="text/html;charset=utf-8" />
  <meta name='ocr-system' content='tesseract 3.04.00' />
  <meta name='ocr-capabilities' content='ocr_page ocr_carea ocr_par ocr_line ocrx_word'/>
</head>
<body>
  <div class='ocr_page' id='page_1' title='image "balbertimagnira02chgoog_0106.png"; bbox 0 0 5008 6329; ppageno 0'>
   <div class='ocr_carea' id='block_1_1' title="bbox 392 2149 512 2220">
    <p class='ocr_par' dir='ltr' id='par_1_1' title="bbox 392 2149 512 2220">
     <span class='ocr_line' id='line_1_1' title="bbox 392 2149 512 2220; baseline -0.025 0"><span class='ocrx_word' id='word_1_1' title='bbox 392 2149 512 2220; x_wconf 71' lang='lat'><em>27</em></span> 
     </span>
    </p>
   </div>
   <div class='ocr_carea' id='block_1_2' title="bbox 666 232 2878 306">
    <p class='ocr_par' dir='ltr' id='par_1_2' title="bbox 666 232 2878 306">
     <span class='ocr_line' id='line_1_2' title="bbox 666 232 2878 306; baseline 0.011 -24"><span class='ocrx_word' id='word_1_2' title='bbox 666 232 750 300; x_wconf 58' lang='lat'><em>95</em></span> <span class='ocrx_word' id='word_1_3' title='bbox 1654 234 1738 300; x_wconf 88' lang='lat' dir='ltr'><em>D.</em></span> <span class='ocrx_word' id='word_1_4' title='bbox 1792 234 1995 300; x_wconf 83' lang='lat' dir='ltr'><strong>ALB.</strong></span> <span class='ocrx_word' id='word_1_5' title='bbox 2050 234 2269 301; x_wconf 83' lang='lat' dir='ltr'><strong>MAG.</strong></span> <span class='ocrx_word' id='word_1_6' title='bbox 2326 235 2530 304; x_wconf 77' lang='lat' dir='ltr'><em>om).</em></span> <span class='ocrx_word' id='word_1_7' title='bbox 2588 236 2878 306; x_wconf 82' lang='lat' dir='ltr'><strong>PRAED.</strong></span> 
     </span>
    </p>
   </div>
   <div class='ocr_carea' id='block_1_3' title="bbox 640 405 2220 1915">
    <p class='ocr_par' dir='ltr' id='par_1_3' title="bbox 640 405 2220 1915">
     <span class='ocr_line' id='line_1_3' title="bbox 659 405 2215 500; baseline 0.002 -30"><span class='ocrx_word' id='word_1_8' title='bbox 659 428 901 473; x_wconf 86' lang='lat' dir='ltr'><em>meam.</em></span> <span class='ocrx_word' id='word_1_9' title='bbox 938 407 1021 475; x_wconf 81' lang='lat' dir='ltr'><em>Et</em></span> <span class='ocrx_word' id='word_1_10' title='bbox 1049 418 1223 500; x_wconf 89' lang='lat' dir='ltr'><em>post,</em></span> <span class='ocrx_word' id='word_1_11' title='bbox 1254 416 1318 485; x_wconf 54' lang='grc' dir='ltr'><em>ᾗ.</em></span> <span class='ocrx_word' id='word_1_12' title='bbox 1363 409 1441 475; x_wconf 75' lang='grc'><em>41</em></span> <span class='ocrx_word' id='word_1_13' title='bbox 1475 431 1490 474; x_wconf 77' lang='lat' dir='ltr'><strong><em>z</em></strong></span> <span class='ocrx_word' id='word_1_14' title='bbox 1527 406 1842 474; x_wconf 80' lang='lat' dir='ltr'><em>Reddam</em></span> <span class='ocrx_word' id='word_1_15' title='bbox 1879 405 2215 473; x_wconf 82' lang='lat' dir='ltr'><em>ultionem</em></span> 
     </span>
     <span class='ocr_line' id='line_1_4' title="bbox 661 516 2214 605; baseline -0.002 -24"><span class='ocrx_word' id='word_1_16' title='bbox 661 516 966 585; x_wconf 76' lang='lat' dir='ltr'><em>hostibus</em></span> <span class='ocrx_word' id='word_1_17' title='bbox 1029 521 1218 596; x_wconf 87' lang='lat' dir='ltr'><em>meis,</em></span> <span class='ocrx_word' id='word_1_18' title='bbox 1279 528 1343 584; x_wconf 84' lang='lat' dir='ltr'><em>et</em></span> <span class='ocrx_word' id='word_1_19' title='bbox 1391 518 1501 582; x_wconf 72' lang='lat' dir='ltr'><em>leis</em></span> <span class='ocrx_word' id='word_1_20' title='bbox 1556 516 1680 605; x_wconf 86' lang='lat' dir='ltr'><em>qui</em></span> <span class='ocrx_word' id='word_1_21' title='bbox 1734 516 2051 595; x_wconf 84' lang='lat' dir='ltr'><em>oderunt,</em></span> <span class='ocrx_word' id='word_1_22' title='bbox 2085 523 2214 583; x_wconf 89' lang='lat' dir='ltr'><strong>ete.</strong></span> 
     </span>
     <span class='ocr_line' id='line_1_5' title="bbox 656 622 2220 717; baseline -0.002 -25"><span class='ocrx_word' id='word_1_23' title='bbox 656 625 738 692; x_wconf 87' lang='lat' dir='ltr'><em>Et</em></span> <span class='ocrx_word' id='word_1_24' title='bbox 768 627 930 717; x_wconf 90' lang='lat' dir='ltr'><em>quid</em></span> <span class='ocrx_word' id='word_1_25' title='bbox 997 629 1292 693; x_wconf 89' lang='lat' dir='ltr'><em>minatus</em></span> <span class='ocrx_word' id='word_1_26' title='bbox 1352 632 1454 691; x_wconf 88' lang='lat' dir='ltr'><em>est</em></span> <span class='ocrx_word' id='word_1_27' title='bbox 1493 626 1561 690; x_wconf 89' lang='lat' dir='ltr'><em>in</em></span> <span class='ocrx_word' id='word_1_28' title='bbox 1618 622 1963 691; x_wconf 83' lang='lat' dir='ltr'><strong>levando?</strong></span> <span class='ocrx_word' id='word_1_29' title='bbox 2030 649 2064 689; x_wconf 74' lang='grc' dir='ltr'><strong>α</strong></span> <span class='ocrx_word' id='word_1_30' title='bbox 2132 625 2220 692; x_wconf 85' lang='lat' dir='ltr'><em>Ut</em></span> 
     </span>
     <span class='ocr_line' id='line_1_6' title="bbox 647 732 2217 826; baseline -0.003 -23"><span class='ocrx_word' id='word_1_31' title='bbox 647 743 1098 826; x_wconf 80' lang='lat' dir='ltr'><em>prosterneret</em></span> <span class='ocrx_word' id='word_1_32' title='bbox 1135 756 1268 813; x_wconf 85' lang='lat' dir='ltr'><em>eos,</em></span> <span class='ocrx_word' id='word_1_33' title='bbox 1301 762 1332 794; x_wconf 88' lang='lat'>»</span> <span class='ocrx_word' id='word_1_34' title='bbox 1366 732 1764 810; x_wconf 87' lang='lat' dir='ltr'><em>occidendo,</em></span> <span class='ocrx_word' id='word_1_35' title='bbox 1806 761 1836 794; x_wconf 93' lang='lat'>«</span> <span class='ocrx_word' id='word_1_36' title='bbox 1872 735 1946 798; x_wconf 85' lang='lat' dir='ltr'><em>in</em></span> <span class='ocrx_word' id='word_1_37' title='bbox 1995 733 2217 800; x_wconf 86' lang='lat' dir='ltr'><em>deser·</em></span> 
     </span>
     <span class='ocr_line' id='line_1_7' title="bbox 654 841 2220 920; baseline -0.002 -10"><span class='ocrx_word' id='word_1_38' title='bbox 654 854 743 911; x_wconf 83' lang='lat' dir='ltr'><em>to.</em></span> <span class='ocrx_word' id='word_1_39' title='bbox 780 874 810 905; x_wconf 80' lang='grc' dir='ltr'><strong>υ</strong></span> <span class='ocrx_word' id='word_1_40' title='bbox 863 844 1144 909; x_wconf 81' lang='lat' dir='ltr'><strong>Numer.</strong></span> <span class='ocrx_word' id='word_1_41' title='bbox 1203 865 1344 920; x_wconf 79' lang='lat' dir='ltr'><em>xw,</em></span> <span class='ocrx_word' id='word_1_42' title='bbox 1390 845 1473 910; x_wconf 83' lang='lat'><em>29</em></span> <span class='ocrx_word' id='word_1_43' title='bbox 1508 865 1522 908; x_wconf 89' lang='lat'><strong>:</strong></span> <span class='ocrx_word' id='word_1_44' title='bbox 1558 844 1643 909; x_wconf 78' lang='lat' dir='ltr'><em>ln</em></span> <span class='ocrx_word' id='word_1_45' title='bbox 1669 841 2049 909; x_wconf 77' lang='lat' dir='ltr'><em>solitudine</em></span> <span class='ocrx_word' id='word_1_46' title='bbox 2089 842 2220 908; x_wconf 80' lang='lat' dir='ltr'><em>hac</em></span> 
     </span>
     <span class='ocr_line' id='line_1_8' title="bbox 640 947 2210 1040; baseline -0.002 -23"><span class='ocrx_word' id='word_1_47' title='bbox 640 949 974 1040; x_wconf 81' lang='lat' dir='ltr'><em>jacebunt</em></span> <span class='ocrx_word' id='word_1_48' title='bbox 1002 949 1339 1016; x_wconf 84' lang='lat' dir='ltr'><em>cadavera</em></span> <span class='ocrx_word' id='word_1_49' title='bbox 1381 960 1623 1017; x_wconf 84' lang='lat' dir='ltr'><em>vestra.</em></span> <span class='ocrx_word' id='word_1_50' title='bbox 1676 950 1705 1017; x_wconf 93' lang='grc' dir='ltr'>Ι</span> <span class='ocrx_word' id='word_1_51' title='bbox 1765 948 1851 1016; x_wconf 83' lang='lat' dir='ltr'><em>ad</em></span> <span class='ocrx_word' id='word_1_52' title='bbox 1901 947 2210 1017; x_wconf 81' lang='lat' dir='ltr'><em>Corinth.</em></span> 
     </span>
     <span class='ocr_line' id='line_1_9' title="bbox 651 1060 2217 1152; baseline -0.001 -24"><span class='ocrx_word' id='word_1_53' title='bbox 651 1086 719 1137; x_wconf 81' lang='lat' dir='ltr'><em>x,</em></span> <span class='ocrx_word' id='word_1_54' title='bbox 764 1064 801 1126; x_wconf 74' lang='lat'>5</span> <span class='ocrx_word' id='word_1_55' title='bbox 838 1084 853 1126; x_wconf 74' lang='grc' dir='ltr'>ε</span> <span class='ocrx_word' id='word_1_56' title='bbox 899 1062 1051 1127; x_wconf 88' lang='grc' dir='ltr'><em>Νοη</em></span> <span class='ocrx_word' id='word_1_57' title='bbox 1092 1062 1164 1127; x_wconf 82' lang='lat' dir='ltr'><em>in</em></span> <span class='ocrx_word' id='word_1_58' title='bbox 1183 1061 1518 1151; x_wconf 86' lang='lat' dir='ltr'><em>pluribus</em></span> <span class='ocrx_word' id='word_1_59' title='bbox 1567 1084 1806 1129; x_wconf 88' lang='lat' dir='ltr'><em>eorum</em></span> <span class='ocrx_word' id='word_1_60' title='bbox 1839 1060 2217 1152; x_wconf 82' lang='lat' dir='ltr'><em>beneplaci-</em></span> 
     </span>
     <span class='ocr_line' id='line_1_10' title="bbox 651 1172 2216 1264; baseline 0.003 -29"><span class='ocrx_word' id='word_1_61' title='bbox 651 1181 796 1236; x_wconf 82' lang='lat' dir='ltr'><em>lum</em></span> <span class='ocrx_word' id='word_1_62' title='bbox 826 1179 922 1237; x_wconf 83' lang='lat' dir='ltr'><em>est</em></span> <span class='ocrx_word' id='word_1_63' title='bbox 949 1173 1095 1237; x_wconf 84' lang='lat' dir='ltr'><em>Deo</em></span> <span class='ocrx_word' id='word_1_64' title='bbox 1118 1193 1143 1239; x_wconf 93' lang='lat'><em>.·</em></span> <span class='ocrx_word' id='word_1_65' title='bbox 1183 1195 1347 1239; x_wconf 84' lang='lat' dir='ltr'><em>nam</em></span> <span class='ocrx_word' id='word_1_66' title='bbox 1397 1175 1736 1264; x_wconf 79' lang='lat' dir='ltr'><em>prostrati</em></span> <span class='ocrx_word' id='word_1_67' title='bbox 1788 1183 1952 1240; x_wconf 85' lang='lat' dir='ltr'><em>sunt</em></span> <span class='ocrx_word' id='word_1_68' title='bbox 1989 1175 2064 1240; x_wconf 80' lang='lat' dir='ltr'><em>in</em></span> <span class='ocrx_word' id='word_1_69' title='bbox 2096 1172 2216 1239; x_wconf 88' lang='lat' dir='ltr'><em>de-</em></span> 
     </span>
     <span class='ocr_line' id='line_1_11' title="bbox 647 1279 2216 1370; baseline 0.001 -24"><span class='ocrx_word' id='word_1_70' title='bbox 647 1290 845 1348; x_wconf 84' lang='lat' dir='ltr'><em>serlo.</em></span> <span class='ocrx_word' id='word_1_71' title='bbox 880 1279 1030 1346; x_wconf 88' lang='lat' dir='ltr'><em>Hoc</em></span> <span class='ocrx_word' id='word_1_72' title='bbox 1060 1288 1313 1359; x_wconf 85' lang='lat' dir='ltr'><em>autem,</em></span> <span class='ocrx_word' id='word_1_73' title='bbox 1346 1280 1521 1348; x_wconf 90' lang='lat' dir='ltr'><em>sicut</em></span> <span class='ocrx_word' id='word_1_74' title='bbox 1554 1280 1811 1347; x_wconf 79' lang='lat' dir='ltr'><em>ibidem</em></span> <span class='ocrx_word' id='word_1_75' title='bbox 1834 1280 1997 1348; x_wconf 86' lang='lat' dir='ltr'><em>dicit</em></span> <span class='ocrx_word' id='word_1_76' title='bbox 2020 1282 2216 1370; x_wconf 85' lang='lat' dir='ltr'><strong>Apo-</strong></span> 
     </span>
     <span class='ocr_line' id='line_1_12' title="bbox 647 1384 2212 1482; baseline 0.002 -26"><span class='ocrx_word' id='word_1_77' title='bbox 647 1384 921 1469; x_wconf 84' lang='lat' dir='ltr'><em>stolus¹‚</em></span> <span class='ocrx_word' id='word_1_78' title='bbox 943 1392 1012 1457; x_wconf 89' lang='lat' dir='ltr'><em>in</em></span> <span class='ocrx_word' id='word_1_79' title='bbox 1046 1391 1263 1482; x_wconf 80' lang='lat' dir='ltr'><em>figura</em></span> <span class='ocrx_word' id='word_1_80' title='bbox 1291 1391 1819 1482; x_wconf 89' lang='lat' dir='ltr'><em>multorum,qui</em></span> <span class='ocrx_word' id='word_1_81' title='bbox 1853 1393 1924 1458; x_wconf 93' lang='lat' dir='ltr'><em>in</em></span> <span class='ocrx_word' id='word_1_82' title='bbox 1946 1392 2212 1459; x_wconf 87' lang='lat' dir='ltr'><em>deserto</em></span> 
     </span>
     <span class='ocr_line' id='line_1_13' title="bbox 646 1498 2211 1590; baseline 0 -24"><span class='ocrx_word' id='word_1_83' title='bbox 646 1498 992 1590; x_wconf 86' lang='lat' dir='ltr'><em>religionis</em></span> <span class='ocrx_word' id='word_1_84' title='bbox 1016 1508 1576 1589; x_wconf 88' lang='lat' dir='ltr'><em>prosternuntur,</em></span> <span class='ocrx_word' id='word_1_85' title='bbox 1615 1522 1754 1567; x_wconf 91' lang='lat' dir='ltr'><em>non</em></span> <span class='ocrx_word' id='word_1_86' title='bbox 1785 1499 1871 1565; x_wconf 85' lang='lat' dir='ltr'><em>ad</em></span> <span class='ocrx_word' id='word_1_87' title='bbox 1911 1499 2211 1568; x_wconf 87' lang='lat' dir='ltr'><em>eoelestia</em></span> 
     </span>
     <span class='ocr_line' id='line_1_14' title="bbox 644 1606 2202 1696; baseline -0.001 -20"><span class='ocrx_word' id='word_1_88' title='bbox 644 1608 1019 1676; x_wconf 72' lang='lat' dir='ltr'><strong>elevantur.</strong></span> <span class='ocrx_word' id='word_1_89' title='bbox 1058 1606 1305 1696; x_wconf 87' lang='lat' dir='ltr'><strong>Supra,</strong></span> <span class='ocrx_word' id='word_1_90' title='bbox 1358 1609 1429 1675; x_wconf 93' lang='lat' dir='ltr'><em>in</em></span> <span class='ocrx_word' id='word_1_91' title='bbox 1492 1607 1673 1675; x_wconf 83' lang='lat' dir='ltr'><em>Psal.</em></span> <span class='ocrx_word' id='word_1_92' title='bbox 1711 1631 2042 1692; x_wconf 74' lang='lat' dir='ltr'><em>Lxxxvm,</em></span> <span class='ocrx_word' id='word_1_93' title='bbox 2077 1610 2202 1675; x_wconf 71' lang='lat'><em>4:52</em></span> 
     </span>
     <span class='ocr_line' id='line_1_15' title="bbox 645 1715 2212 1797; baseline 0.001 -13"><span class='ocrx_word' id='word_1_94' title='bbox 645 1719 1066 1784; x_wconf 71' lang='lat' dir='ltr'><em>Destruxisti</em></span> <span class='ocrx_word' id='word_1_95' title='bbox 1094 1739 1249 1784; x_wconf 87' lang='lat' dir='ltr'><em>eum</em></span> <span class='ocrx_word' id='word_1_96' title='bbox 1284 1715 1371 1784; x_wconf 87' lang='lat' dir='ltr'><em>ab</em></span> <span class='ocrx_word' id='word_1_97' title='bbox 1405 1716 1918 1797; x_wconf 82' lang='lat' dir='ltr'><em>emundatione,</em></span> <span class='ocrx_word' id='word_1_98' title='bbox 1953 1718 2212 1786; x_wconf 85' lang='lat' dir='ltr'><em>scilicet</em></span> 
     </span>
     <span class='ocr_line' id='line_1_16' title="bbox 641 1825 1886 1915; baseline 0.002 -23"><span class='ocrx_word' id='word_1_99' title='bbox 641 1826 726 1892; x_wconf 86' lang='lat' dir='ltr'><em>ab</em></span> <span class='ocrx_word' id='word_1_100' title='bbox 767 1849 848 1894; x_wconf 92' lang='lat' dir='ltr'><em>eo</em></span> <span class='ocrx_word' id='word_1_101' title='bbox 882 1849 919 1894; x_wconf 86' lang='lat' dir='ltr'><strong>a</strong></span> <span class='ocrx_word' id='word_1_102' title='bbox 953 1848 1091 1915; x_wconf 92' lang='lat' dir='ltr'><em>quo</em></span> <span class='ocrx_word' id='word_1_103' title='bbox 1133 1826 1461 1894; x_wconf 89' lang='lat' dir='ltr'><strong>deberent</strong></span> <span class='ocrx_word' id='word_1_104' title='bbox 1499 1825 1886 1894; x_wconf 87' lang='lat' dir='ltr'><em>emundari.</em></span> 
     </span>
    </p>
   </div>
   <div class='ocr_carea' id='block_1_4' title="bbox 603 2152 2204 5262">
    <p class='ocr_par' dir='ltr' id='par_1_4' title="bbox 625 2152 2204 2996">
     <span class='ocr_line' id='line_1_17' title="bbox 734 2152 2200 2241; baseline 0.003 -23"><span class='ocrx_word' id='word_1_105' title='bbox 734 2178 766 2218; x_wconf 71' lang='grc' dir='ltr'>ι</span> <span class='ocrx_word' id='word_1_106' title='bbox 809 2155 905 2222; x_wconf 80' lang='lat' dir='ltr'><em>Et</em></span> <span class='ocrx_word' id='word_1_107' title='bbox 970 2164 1044 2218; x_wconf 82' lang='lat' dir='ltr'><em>ut</em></span> <span class='ocrx_word' id='word_1_108' title='bbox 1109 2152 1452 2241; x_wconf 71' lang='lat' dir='ltr'><em>dejiceret.</em></span> <span class='ocrx_word' id='word_1_109' title='bbox 1513 2180 1545 2218; x_wconf 84' lang='lat'><strong>»</strong></span> <span class='ocrx_word' id='word_1_110' title='bbox 1619 2154 1744 2222; x_wconf 85' lang='lat' dir='ltr'><em>Hic</em></span> <span class='ocrx_word' id='word_1_111' title='bbox 1798 2155 2200 2239; x_wconf 84' lang='lat' dir='ltr'><em>secundum,</em></span> 
     </span>
     <span class='ocr_line' id='line_1_18' title="bbox 640 2260 2204 2352; baseline 0.003 -25"><span class='ocrx_word' id='word_1_112' title='bbox 640 2260 819 2352; x_wconf 85' lang='lat' dir='ltr'><em>quod</em></span> <span class='ocrx_word' id='word_1_113' title='bbox 896 2262 1355 2328; x_wconf 88' lang='lat' dir='ltr'><em>comminatus</em></span> <span class='ocrx_word' id='word_1_114' title='bbox 1420 2270 1548 2343; x_wconf 89' lang='lat' dir='ltr'><em>est,</em></span> <span class='ocrx_word' id='word_1_115' title='bbox 1627 2261 1883 2331; x_wconf 88' lang='lat' dir='ltr'><em>scilicet</em></span> <span class='ocrx_word' id='word_1_116' title='bbox 1922 2265 2204 2332; x_wconf 87' lang='lat' dir='ltr'><em>seminis</em></span> 
     </span>
     <span class='ocr_line' id='line_1_19' title="bbox 639 2367 2196 2458; baseline 0.002 -24"><span class='ocrx_word' id='word_1_117' title='bbox 639 2367 1141 2458; x_wconf 81' lang='lat' dir='ltr'><strong>captivitatem:</strong></span> <span class='ocrx_word' id='word_1_118' title='bbox 1203 2375 1268 2434; x_wconf 90' lang='lat' dir='ltr'><em>et</em></span> <span class='ocrx_word' id='word_1_119' title='bbox 1322 2367 1642 2435; x_wconf 89' lang='lat' dir='ltr'><em>dicuntur</em></span> <span class='ocrx_word' id='word_1_120' title='bbox 1695 2367 1860 2436; x_wconf 88' lang='lat' dir='ltr'><em>duo.</em></span> <span class='ocrx_word' id='word_1_121' title='bbox 1933 2368 2196 2454; x_wconf 84' lang='lat' dir='ltr'><em>Primo,</em></span> 
     </span>
     <span class='ocr_line' id='line_1_20' title="bbox 634 2475 2194 2566; baseline 0.003 -24"><span class='ocrx_word' id='word_1_122' title='bbox 634 2475 818 2566; x_wconf 85' lang='lat' dir='ltr'><em>quod</em></span> <span class='ocrx_word' id='word_1_123' title='bbox 856 2475 1153 2542; x_wconf 85' lang='lat' dir='ltr'><em>minatus</em></span> <span class='ocrx_word' id='word_1_124' title='bbox 1191 2482 1290 2541; x_wconf 82' lang='lat' dir='ltr'><em>est</em></span> <span class='ocrx_word' id='word_1_125' title='bbox 1320 2476 1811 2565; x_wconf 83' lang='lat' dir='ltr'><strong>captivitatem.</strong></span> <span class='ocrx_word' id='word_1_126' title='bbox 1848 2475 2194 2557; x_wconf 85' lang='lat' dir='ltr'><em>Secundo,</em></span> 
     </span>
     <span class='ocr_line' id='line_1_21' title="bbox 630 2583 2194 2673; baseline 0.003 -24"><span class='ocrx_word' id='word_1_127' title='bbox 630 2584 697 2649; x_wconf 92' lang='lat' dir='ltr'><em>in</em></span> <span class='ocrx_word' id='word_1_128' title='bbox 741 2584 884 2673; x_wconf 85' lang='lat' dir='ltr'><em>ipsa</em></span> <span class='ocrx_word' id='word_1_129' title='bbox 911 2584 1304 2672; x_wconf 77' lang='lat' dir='ltr'><strong>captivitate</strong></span> <span class='ocrx_word' id='word_1_130' title='bbox 1335 2583 1859 2673; x_wconf 84' lang='lat' dir='ltr'><em>dispersionem.</em></span> <span class='ocrx_word' id='word_1_131' title='bbox 1900 2583 1972 2652; x_wconf 90' lang='lat' dir='ltr'><em>Si</em></span> <span class='ocrx_word' id='word_1_132' title='bbox 2009 2586 2194 2654; x_wconf 89' lang='lat' dir='ltr'><em>enim</em></span> 
     </span>
     <span class='ocr_line' id='line_1_22' title="bbox 629 2687 2197 2780; baseline 0.003 -25"><span class='ocrx_word' id='word_1_133' title='bbox 629 2690 695 2755; x_wconf 92' lang='lat' dir='ltr'><em>in</em></span> <span class='ocrx_word' id='word_1_134' title='bbox 728 2711 865 2755; x_wconf 91' lang='lat' dir='ltr'><em>uno</em></span> <span class='ocrx_word' id='word_1_135' title='bbox 897 2687 1129 2778; x_wconf 85' lang='lat' dir='ltr'><em>aliquo</em></span> <span class='ocrx_word' id='word_1_136' title='bbox 1169 2689 1319 2756; x_wconf 85' lang='lat' dir='ltr'><em>loco</em></span> <span class='ocrx_word' id='word_1_137' title='bbox 1347 2698 1575 2757; x_wconf 78' lang='lat' dir='ltr'><strong>essent</strong></span> <span class='ocrx_word' id='word_1_138' title='bbox 1620 2691 2020 2780; x_wconf 79' lang='lat' dir='ltr'><em>captivitati,</em></span> <span class='ocrx_word' id='word_1_139' title='bbox 2066 2689 2197 2760; x_wconf 85' lang='lat' dir='ltr'><em>hoc</em></span> 
     </span>
     <span class='ocr_line' id='line_1_23' title="bbox 625 2795 2189 2887; baseline 0.003 -25"><span class='ocrx_word' id='word_1_140' title='bbox 625 2795 900 2887; x_wconf 78' lang='lat' dir='ltr'><em>aliquod</em></span> <span class='ocrx_word' id='word_1_141' title='bbox 932 2806 1105 2864; x_wconf 77' lang='lat' dir='ltr'><em>esset</em></span> <span class='ocrx_word' id='word_1_142' title='bbox 1148 2797 1567 2864; x_wconf 72' lang='lat' dir='ltr'><em>remedium:</em></span> <span class='ocrx_word' id='word_1_143' title='bbox 1617 2797 1708 2865; x_wconf 88' lang='lat' dir='ltr'><em>ibi</em></span> <span class='ocrx_word' id='word_1_144' title='bbox 1768 2799 2189 2867; x_wconf 82' lang='lat' dir='ltr'><em>secundum:</em></span> 
     </span>
     <span class='ocr_line' id='line_1_24' title="bbox 631 2904 1358 2996; baseline -0.001 -26"><span class='ocrx_word' id='word_1_145' title='bbox 631 2930 663 2970; x_wconf 70' lang='grc' dir='ltr'>ι</span> <span class='ocrx_word' id='word_1_146' title='bbox 699 2906 793 2972; x_wconf 76' lang='lat' dir='ltr'><em>Et</em></span> <span class='ocrx_word' id='word_1_147' title='bbox 847 2904 1287 2996; x_wconf 77' lang='lat' dir='ltr'><em>disperqerel.</em></span> <span class='ocrx_word' id='word_1_148' title='bbox 1327 2933 1358 2969; x_wconf 72' lang='grc' dir='ltr'><strong>ι</strong></span> 
     </span>
    </p>

    <p class='ocr_par' dir='ltr' id='par_1_5' title="bbox 603 3011 2193 5262">
     <span class='ocr_line' id='line_1_25' title="bbox 716 3011 2193 3085; baseline 0.006 -9"><span class='ocrx_word' id='word_1_149' title='bbox 716 3011 829 3079; x_wconf 74' lang='lat' dir='ltr'><em>Ait</em></span> <span class='ocrx_word' id='word_1_150' title='bbox 858 3012 1041 3079; x_wconf 87' lang='lat' dir='ltr'><em>enim</em></span> <span class='ocrx_word' id='word_1_151' title='bbox 1084 3033 1101 3081; x_wconf 69' lang='grc' dir='ltr'>ε</span> <span class='ocrx_word' id='word_1_152' title='bbox 1158 3011 1270 3079; x_wconf 90' lang='lat' dir='ltr'><em>Sic</em></span> <span class='ocrx_word' id='word_1_153' title='bbox 1337 3014 1640 3081; x_wconf 89' lang='lat' dir='ltr'><em>minatus</em></span> <span class='ocrx_word' id='word_1_154' title='bbox 1687 3022 1788 3082; x_wconf 89' lang='lat' dir='ltr'><em>est</em></span> <span class='ocrx_word' id='word_1_155' title='bbox 1856 3015 1955 3084; x_wconf 87' lang='lat' dir='ltr'><em>eis</em></span> <span class='ocrx_word' id='word_1_156' title='bbox 2003 3040 2193 3085; x_wconf 89' lang='lat' dir='ltr'><em>mor-</em></span> 
     </span>
     <span class='ocr_line' id='line_1_26' title="bbox 625 3109 2185 3216; baseline 0.005 -29"><span class='ocrx_word' id='word_1_157' title='bbox 625 3109 788 3196; x_wconf 66' lang='lat' dir='ltr'><em>¹em.</em></span> <span class='ocrx_word' id='word_1_158' title='bbox 870 3145 904 3184; x_wconf 78' lang='grc' dir='ltr'>ι</span> <span class='ocrx_word' id='word_1_159' title='bbox 973 3130 1037 3188; x_wconf 84' lang='lat' dir='ltr'><em>e!</em></span> <span class='ocrx_word' id='word_1_160' title='bbox 1096 3131 1171 3187; x_wconf 83' lang='lat' dir='ltr'><em>ut</em></span> <span class='ocrx_word' id='word_1_161' title='bbox 1237 3119 1587 3211; x_wconf 80' lang='lat' dir='ltr'><em>dejiceret,</em></span> <span class='ocrx_word' id='word_1_162' title='bbox 1664 3153 1696 3185; x_wconf 73' lang='lat' dir='ltr'>n</span> <span class='ocrx_word' id='word_1_163' title='bbox 1746 3126 2185 3216; x_wconf 80' lang='lat' dir='ltr'><strong>captivando,</strong></span> 
     </span>
     <span class='ocr_line' id='line_1_27' title="bbox 627 3230 2189 3324; baseline 0.006 -29"><span class='ocrx_word' id='word_1_164' title='bbox 627 3257 657 3290; x_wconf 73' lang='grc' dir='ltr'><strong>α</strong></span> <span class='ocrx_word' id='word_1_165' title='bbox 699 3251 924 3296; x_wconf 81' lang='lat' dir='ltr'><em>semen</em></span> <span class='ocrx_word' id='word_1_166' title='bbox 982 3251 1242 3304; x_wconf 84' lang='lat' dir='ltr'><em>eorum,</em></span> <span class='ocrx_word' id='word_1_167' title='bbox 1279 3257 1311 3290; x_wconf 69' lang='grc' dir='ltr'><strong>υ</strong></span> <span class='ocrx_word' id='word_1_168' title='bbox 1387 3230 1564 3298; x_wconf 83' lang='lat' dir='ltr'><em>tilios</em></span> <span class='ocrx_word' id='word_1_169' title='bbox 1594 3240 1661 3300; x_wconf 89' lang='lat' dir='ltr'><em>et</em></span> <span class='ocrx_word' id='word_1_170' title='bbox 1701 3243 2009 3324; x_wconf 77' lang='lat' dir='ltr'><em>nepotes,</em></span> <span class='ocrx_word' id='word_1_171' title='bbox 2042 3263 2071 3298; x_wconf 75' lang='grc' dir='ltr'><strong>υ</strong></span> <span class='ocrx_word' id='word_1_172' title='bbox 2118 3238 2189 3305; x_wconf 81' lang='lat' dir='ltr'><em>in</em></span> 
     </span>
     <span class='ocr_line' id='line_1_28' title="bbox 621 3336 2187 3419; baseline 0.005 -14"><span class='ocrx_word' id='word_1_173' title='bbox 621 3336 1018 3405; x_wconf 81' lang='lat' dir='ltr'><em>nationibus</em></span> <span class='ocrx_word' id='word_1_174' title='bbox 1051 3362 1065 3405; x_wconf 90' lang='lat'>:</span> <span class='ocrx_word' id='word_1_175' title='bbox 1118 3366 1150 3400; x_wconf 66' lang='grc' dir='ltr'>ι</span> <span class='ocrx_word' id='word_1_176' title='bbox 1195 3362 1315 3406; x_wconf 85' lang='lat' dir='ltr'><em>nec</em></span> <span class='ocrx_word' id='word_1_177' title='bbox 1345 3338 1477 3407; x_wconf 81' lang='lat' dir='ltr'><em>hoc</em></span> <span class='ocrx_word' id='word_1_178' title='bbox 1510 3349 1805 3419; x_wconf 83' lang='lat' dir='ltr'><strong>tantum.</strong></span> <span class='ocrx_word' id='word_1_179' title='bbox 1849 3344 1988 3411; x_wconf 87' lang='lat' dir='ltr'><em>imo</em></span> <span class='ocrx_word' id='word_1_180' title='bbox 2056 3371 2090 3410; x_wconf 72' lang='lat' dir='ltr'><em>c</em></span> <span class='ocrx_word' id='word_1_181' title='bbox 2124 3358 2187 3414; x_wconf 84' lang='lat' dir='ltr'><em>e!</em></span> 
     </span>
     <span class='ocr_line' id='line_1_29' title="bbox 618 3446 2185 3538; baseline 0.005 -26"><span class='ocrx_word' id='word_1_182' title='bbox 618 3446 1032 3537; x_wconf 73' lang='lat' dir='ltr'><em>disperqere!</em></span> <span class='ocrx_word' id='word_1_183' title='bbox 1087 3470 1220 3527; x_wconf 76' lang='lat' dir='ltr'><em>eos,</em></span> <span class='ocrx_word' id='word_1_184' title='bbox 1260 3474 1291 3510; x_wconf 72' lang='grc' dir='ltr'><strong>ι</strong></span> <span class='ocrx_word' id='word_1_185' title='bbox 1355 3456 1505 3538; x_wconf 70' lang='lat' dir='ltr'><strong>post</strong></span> <span class='ocrx_word' id='word_1_186' title='bbox 1553 3449 2035 3538; x_wconf 87' lang='lat' dir='ltr'><em>dejectionem,</em></span> <span class='ocrx_word' id='word_1_187' title='bbox 2116 3453 2185 3519; x_wconf 92' lang='lat' dir='ltr'><em>in</em></span> 
     </span>
     <span class='ocr_line' id='line_1_30' title="bbox 616 3554 2187 3649; baseline 0.004 -29"><span class='ocrx_word' id='word_1_188' title='bbox 616 3554 918 3622; x_wconf 75' lang='lat' dir='ltr'><em>diversas</em></span> <span class='ocrx_word' id='word_1_189' title='bbox 973 3563 1198 3645; x_wconf 81' lang='lat' dir='ltr'><strong>partes</strong></span> <span class='ocrx_word' id='word_1_190' title='bbox 1256 3555 1588 3645; x_wconf 81' lang='lat' dir='ltr'><strong>perderet,</strong></span> <span class='ocrx_word' id='word_1_191' title='bbox 1663 3585 1697 3620; x_wconf 75' lang='grc' dir='ltr'><strong><em>κ</em></strong></span> <span class='ocrx_word' id='word_1_192' title='bbox 1744 3558 1814 3624; x_wconf 81' lang='lat' dir='ltr'><em>in</em></span> <span class='ocrx_word' id='word_1_193' title='bbox 1883 3559 2187 3649; x_wconf 75' lang='lat' dir='ltr'><em>reqioni-</em></span> 
     </span>
     <span class='ocr_line' id='line_1_31' title="bbox 618 3661 2185 3752; baseline 0.004 -24"><span class='ocrx_word' id='word_1_194' title='bbox 618 3661 765 3737; x_wconf 80' lang='lat' dir='ltr'><em>bus,</em></span> <span class='ocrx_word' id='word_1_195' title='bbox 805 3688 837 3723; x_wconf 76' lang='grc' dir='ltr'><em>ιι</em></span> <span class='ocrx_word' id='word_1_196' title='bbox 870 3663 1042 3729; x_wconf 84' lang='lat' dir='ltr'><em>sieut</em></span> <span class='ocrx_word' id='word_1_197' title='bbox 1075 3672 1303 3752; x_wconf 86' lang='lat' dir='ltr'><strong>aperte</strong></span> <span class='ocrx_word' id='word_1_198' title='bbox 1344 3663 1596 3731; x_wconf 79' lang='lat' dir='ltr'><strong>facturn</strong></span> <span class='ocrx_word' id='word_1_199' title='bbox 1628 3688 1775 3732; x_wconf 70' lang='lat' dir='ltr'><em>esse</em></span> <span class='ocrx_word' id='word_1_200' title='bbox 1817 3688 1999 3734; x_wconf 89' lang='lat' dir='ltr'><em>nunc</em></span> <span class='ocrx_word' id='word_1_201' title='bbox 2076 3668 2185 3734; x_wconf 78' lang='lat' dir='ltr'><em>vi-</em></span> 
     </span>
     <span class='ocr_line' id='line_1_32' title="bbox 612 3767 2181 3864; baseline 0.005 -29"><span class='ocrx_word' id='word_1_202' title='bbox 612 3767 879 3842; x_wconf 85' lang='lat' dir='ltr'><em>demus.</em></span> <span class='ocrx_word' id='word_1_203' title='bbox 914 3770 1077 3860; x_wconf 83' lang='lat' dir='ltr'><em>quia</em></span> <span class='ocrx_word' id='word_1_204' title='bbox 1110 3792 1228 3860; x_wconf 88' lang='lat' dir='ltr'><em>per</em></span> <span class='ocrx_word' id='word_1_205' title='bbox 1258 3776 1479 3839; x_wconf 78' lang='lat' dir='ltr'><strong>totuin</strong></span> <span class='ocrx_word' id='word_1_206' title='bbox 1513 3770 1851 3840; x_wconf 86' lang='lat' dir='ltr'><em>mundum</em></span> <span class='ocrx_word' id='word_1_207' title='bbox 1891 3772 2181 3864; x_wconf 86' lang='lat' dir='ltr'><em>dispersi</em></span> 
     </span>
     <span class='ocr_line' id='line_1_33' title="bbox 612 3875 2181 3971; baseline 0.003 -27"><span class='ocrx_word' id='word_1_208' title='bbox 612 3886 795 3944; x_wconf 78' lang='lat' dir='ltr'><em>sunt.</em></span> <span class='ocrx_word' id='word_1_209' title='bbox 841 3875 1024 3946; x_wconf 80' lang='lat' dir='ltr'><em>Psal.</em></span> <span class='ocrx_word' id='word_1_210' title='bbox 1091 3899 1274 3958; x_wconf 63' lang='lat' dir='ltr'><strong>tvm,</strong></span> <span class='ocrx_word' id='word_1_211' title='bbox 1342 3880 1464 3947; x_wconf 79' lang='lat'><em>¹2:</em></span> <span class='ocrx_word' id='word_1_212' title='bbox 1513 3879 1848 3971; x_wconf 76' lang='lat' dir='ltr'><em>Disperqe</em></span> <span class='ocrx_word' id='word_1_213' title='bbox 1895 3880 2060 3949; x_wconf 83' lang='lat' dir='ltr'><em>illos</em></span> <span class='ocrx_word' id='word_1_214' title='bbox 2111 3884 2181 3950; x_wconf 81' lang='lat' dir='ltr'><em>in</em></span> 
     </span>
     <span class='ocr_line' id='line_1_34' title="bbox 612 3984 2186 4079; baseline 0.006 -30"><span class='ocrx_word' id='word_1_215' title='bbox 612 3984 863 4051; x_wconf 75' lang='lat' dir='ltr'><em>virtute</em></span> <span class='ocrx_word' id='word_1_216' title='bbox 926 3994 1073 4062; x_wconf 78' lang='lat' dir='ltr'><em>tua,</em></span> <span class='ocrx_word' id='word_1_217' title='bbox 1143 3995 1207 4052; x_wconf 82' lang='lat' dir='ltr'><em>et</em></span> <span class='ocrx_word' id='word_1_218' title='bbox 1269 3984 1532 4077; x_wconf 79' lang='lat' dir='ltr'><em>depone</em></span> <span class='ocrx_word' id='word_1_219' title='bbox 1610 4009 1746 4069; x_wconf 89' lang='lat' dir='ltr'><em>eos,</em></span> <span class='ocrx_word' id='word_1_220' title='bbox 1836 3999 2186 4079; x_wconf 75' lang='lat' dir='ltr'><strong>protector</strong></span> 
     </span>
     <span class='ocr_line' id='line_1_35' title="bbox 614 4095 2183 4185; baseline 0.002 -23"><span class='ocrx_word' id='word_1_221' title='bbox 614 4117 827 4176; x_wconf 84' lang='lat' dir='ltr'><em>meus,</em></span> <span class='ocrx_word' id='word_1_222' title='bbox 894 4095 1208 4162; x_wconf 81' lang='lat' dir='ltr'><em>Domine.</em></span> <span class='ocrx_word' id='word_1_223' title='bbox 1282 4095 1399 4164; x_wconf 87' lang='lat' dir='ltr'><em>Sic</em></span> <span class='ocrx_word' id='word_1_224' title='bbox 1473 4095 1963 4185; x_wconf 84' lang='lat' dir='ltr'><em>disperduntur</em></span> <span class='ocrx_word' id='word_1_225' title='bbox 2018 4098 2183 4167; x_wconf 78' lang='lat' dir='ltr'><em>mali</em></span> 
     </span>
     <span class='ocr_line' id='line_1_36' title="bbox 614 4201 2179 4290; baseline 0.004 -22"><span class='ocrx_word' id='word_1_226' title='bbox 614 4201 910 4287; x_wconf 67' lang='lat' dir='ltr'><em>religiosi</em></span> <span class='ocrx_word' id='word_1_227' title='bbox 971 4223 1092 4290; x_wconf 88' lang='lat' dir='ltr'><em>per</em></span> <span class='ocrx_word' id='word_1_228' title='bbox 1145 4223 1345 4269; x_wconf 80' lang='lat' dir='ltr'><em>curas</em></span> <span class='ocrx_word' id='word_1_229' title='bbox 1402 4201 1667 4281; x_wconf 83' lang='lat' dir='ltr'><em>mundi.</em></span> <span class='ocrx_word' id='word_1_230' title='bbox 1712 4209 1780 4271; x_wconf 88' lang='lat' dir='ltr'><em>et</em></span> <span class='ocrx_word' id='word_1_231' title='bbox 1844 4203 2179 4274; x_wconf 78' lang='lat' dir='ltr'><em>desideria</em></span> 
     </span>
     <span class='ocr_line' id='line_1_37' title="bbox 613 4305 2174 4384; baseline 0.004 -8"><span class='ocrx_word' id='word_1_232' title='bbox 613 4307 982 4384; x_wconf 78' lang='lat' dir='ltr'><em>mundana,</em></span> <span class='ocrx_word' id='word_1_233' title='bbox 1042 4305 1128 4374; x_wconf 85' lang='lat' dir='ltr'><em>ad</em></span> <span class='ocrx_word' id='word_1_234' title='bbox 1157 4308 1596 4378; x_wconf 79' lang='lat' dir='ltr'><em>serviendum</em></span> <span class='ocrx_word' id='word_1_235' title='bbox 1628 4310 1954 4383; x_wconf 56' lang='lat' dir='ltr'><em>daemoni.</em></span> <span class='ocrx_word' id='word_1_236' title='bbox 1991 4311 2174 4382; x_wconf 82' lang='lat' dir='ltr'><em>Psal.</em></span> 
     </span>
     <span class='ocr_line' id='line_1_38' title="bbox 611 4414 2182 4510; baseline 0.002 -26"><span class='ocrx_word' id='word_1_237' title='bbox 611 4437 792 4492; x_wconf 78' lang='lat' dir='ltr'><em>xcni.</em></span> <span class='ocrx_word' id='word_1_238' title='bbox 861 4414 989 4482; x_wconf 77' lang='lat'><em>23:</em></span> <span class='ocrx_word' id='word_1_239' title='bbox 1066 4415 1144 4481; x_wconf 82' lang='lat' dir='ltr'><em>ln</em></span> <span class='ocrx_word' id='word_1_240' title='bbox 1211 4414 1492 4484; x_wconf 76' lang='lat' dir='ltr'><em>malitia</em></span> <span class='ocrx_word' id='word_1_241' title='bbox 1547 4439 1786 4486; x_wconf 84' lang='lat' dir='ltr'><em>corum</em></span> <span class='ocrx_word' id='word_1_242' title='bbox 1833 4417 2182 4510; x_wconf 79' lang='lat' dir='ltr'><strong>disperdet</strong></span> 
     </span>
     <span class='ocr_line' id='line_1_39' title="bbox 608 4519 2180 4600; baseline 0.004 -10"><span class='ocrx_word' id='word_1_243' title='bbox 608 4545 738 4591; x_wconf 87' lang='lat' dir='ltr'><em>eos.</em></span> <span class='ocrx_word' id='word_1_244' title='bbox 777 4519 1073 4598; x_wconf 66' lang='lat' dir='ltr'><em>Buucb,</em></span> <span class='ocrx_word' id='word_1_245' title='bbox 1109 4545 1178 4600; x_wconf 89' lang='grc' dir='ltr'><em>ιι,</em></span> <span class='ocrx_word' id='word_1_246' title='bbox 1215 4523 1255 4590; x_wconf 72' lang='lat' dir='ltr'><em>-t</em></span> <span class='ocrx_word' id='word_1_247' title='bbox 1294 4532 1362 4592; x_wconf 89' lang='lat' dir='ltr'><em>et</em></span> <span class='ocrx_word' id='word_1_248' title='bbox 1398 4525 1439 4593; x_wconf 81' lang='lat'>5</span> <span class='ocrx_word' id='word_1_249' title='bbox 1469 4546 1485 4591; x_wconf 74' lang='grc' dir='ltr'>ε</span> <span class='ocrx_word' id='word_1_250' title='bbox 1521 4524 1733 4593; x_wconf 75' lang='lat' dir='ltr'><em>Dedit</em></span> <span class='ocrx_word' id='word_1_251' title='bbox 1758 4525 2036 4596; x_wconf 79' lang='lat' dir='ltr'><em>eos...‘in</em></span> <span class='ocrx_word' id='word_1_252' title='bbox 2066 4528 2180 4597; x_wconf 85' lang='lat' dir='ltr'><em>de-</em></span> 
     </span>
     <span class='ocr_line' id='line_1_40' title="bbox 603 4629 2177 4726; baseline 0.003 -29"><span class='ocrx_word' id='word_1_253' title='bbox 603 4629 1015 4698; x_wconf 76' lang='lat' dir='ltr'><em>solationem</em></span> <span class='ocrx_word' id='word_1_254' title='bbox 1055 4631 1125 4698; x_wconf 81' lang='lat' dir='ltr'><em>in</em></span> <span class='ocrx_word' id='word_1_255' title='bbox 1157 4629 1478 4698; x_wconf 83' lang='lat' dir='ltr'><em>omnibus</em></span> <span class='ocrx_word' id='word_1_256' title='bbox 1497 4630 1790 4724; x_wconf 79' lang='lat' dir='ltr'><em>populis</em></span> <span class='ocrx_word' id='word_1_257' title='bbox 1817 4633 1892 4700; x_wconf 82' lang='lat' dir='ltr'><em>in</em></span> <span class='ocrx_word' id='word_1_258' title='bbox 1920 4633 2177 4726; x_wconf 81' lang='lat' dir='ltr'><em>quibus</em></span> 
     </span>
     <span class='ocr_line' id='line_1_41' title="bbox 609 4738 2178 4830; baseline 0.004 -25"><span class='ocrx_word' id='word_1_259' title='bbox 609 4761 728 4806; x_wconf 82' lang='lat' dir='ltr'><em>nos</em></span> <span class='ocrx_word' id='word_1_260' title='bbox 745 4738 1065 4830; x_wconf 76' lang='lat' dir='ltr'><em>dispersit</em></span> <span class='ocrx_word' id='word_1_261' title='bbox 1086 4739 1428 4806; x_wconf 80' lang='lat' dir='ltr'><em>Dominus</em></span> <span class='ocrx_word' id='word_1_262' title='bbox 1451 4751 1551 4809; x_wconf 77' lang='lat' dir='ltr'><em>:ce</em></span> <span class='ocrx_word' id='word_1_263' title='bbox 1569 4741 1749 4830; x_wconf 75' lang='lat' dir='ltr'><em>sacti</em></span> <span class='ocrx_word' id='word_1_264' title='bbox 1761 4762 2006 4810; x_wconf 87' lang='lat' dir='ltr'><em>sumus</em></span> <span class='ocrx_word' id='word_1_265' title='bbox 2018 4742 2178 4811; x_wconf 83' lang='lat' dir='ltr'><em>sub·</em></span> 
     </span>
     <span class='ocr_line' id='line_1_42' title="bbox 607 4849 2175 4942; baseline 0.005 -28"><span class='ocrx_word' id='word_1_266' title='bbox 607 4858 742 4925; x_wconf 79' lang='lat' dir='ltr'><em>tus,</em></span> <span class='ocrx_word' id='word_1_267' title='bbox 773 4858 837 4916; x_wconf 77' lang='lat' dir='ltr'><em>ec</em></span> <span class='ocrx_word' id='word_1_268' title='bbox 886 4871 1022 4916; x_wconf 77' lang='lat' dir='ltr'><em>uon</em></span> <span class='ocrx_word' id='word_1_269' title='bbox 1068 4871 1313 4940; x_wconf 80' lang='lat' dir='ltr'><em>supra,</em></span> <span class='ocrx_word' id='word_1_270' title='bbox 1344 4849 1516 4941; x_wconf 83' lang='lat' dir='ltr'><em>quia</em></span> <span class='ocrx_word' id='word_1_271' title='bbox 1553 4851 1993 4942; x_wconf 79' lang='lat' dir='ltr'><em>peccavimus</em></span> <span class='ocrx_word' id='word_1_272' title='bbox 2028 4854 2175 4922; x_wconf 86' lang='lat' dir='ltr'><em>Do·</em></span> 
     </span>
     <span class='ocr_line' id='line_1_43' title="bbox 608 4953 2175 5051; baseline 0.005 -31"><span class='ocrx_word' id='word_1_273' title='bbox 608 4954 795 5021; x_wconf 80' lang='lat' dir='ltr'><em>mino</em></span> <span class='ocrx_word' id='word_1_274' title='bbox 830 4956 971 5021; x_wconf 85' lang='lat' dir='ltr'><em>Deo</em></span> <span class='ocrx_word' id='word_1_275' title='bbox 998 4968 1251 5022; x_wconf 76' lang='lat' dir='ltr'><em>nostro.</em></span> <span class='ocrx_word' id='word_1_276' title='bbox 1297 4953 1516 5024; x_wconf 82' lang='lat' dir='ltr'><strong>Exod.</strong></span> <span class='ocrx_word' id='word_1_277' title='bbox 1543 4978 1613 5038; x_wconf 77' lang='grc' dir='ltr'><em>ν,</em></span> <span class='ocrx_word' id='word_1_278' title='bbox 1645 4959 1768 5025; x_wconf 79' lang='lat'><em>¹2:</em></span> <span class='ocrx_word' id='word_1_279' title='bbox 1808 4959 2175 5051; x_wconf 80' lang='lat' dir='ltr'><em>Dispersus</em></span> 
     </span>
     <span class='ocr_line' id='line_1_44' title="bbox 606 5061 2176 5160; baseline 0.006 -34"><span class='ocrx_word' id='word_1_280' title='bbox 606 5071 703 5127; x_wconf 84' lang='lat' dir='ltr'><em>es!</em></span> <span class='ocrx_word' id='word_1_281' title='bbox 733 5061 1040 5152; x_wconf 80' lang='lat' dir='ltr'><em>populus</em></span> <span class='ocrx_word' id='word_1_282' title='bbox 1087 5085 1220 5154; x_wconf 84' lang='lat' dir='ltr'><strong>per</strong></span> <span class='ocrx_word' id='word_1_283' title='bbox 1259 5084 1530 5130; x_wconf 81' lang='lat' dir='ltr'><em>omnem</em></span> <span class='ocrx_word' id='word_1_284' title='bbox 1579 5074 1838 5134; x_wconf 76' lang='lat' dir='ltr'><em>terram</em></span> <span class='ocrx_word' id='word_1_285' title='bbox 1870 5069 2176 5160; x_wconf 73' lang='lat' dir='ltr'><strong>AEqypti</strong></span> 
     </span>
     <span class='ocr_line' id='line_1_45' title="bbox 609 5166 1456 5262; baseline 0.007 -29"><span class='ocrx_word' id='word_1_286' title='bbox 609 5167 708 5233; x_wconf 87' lang='lat' dir='ltr'><em>ad</em></span> <span class='ocrx_word' id='word_1_287' title='bbox 730 5166 1162 5258; x_wconf 76' lang='lat' dir='ltr'><em>colliqendas</em></span> <span class='ocrx_word' id='word_1_288' title='bbox 1182 5168 1456 5262; x_wconf 79' lang='lat' dir='ltr'><em>paleas.</em></span> 
     </span>
    </p>
   </div>
   <div class='ocr_carea' id='block_1_5' title="bbox 605 5413 2168 5672">
    <p class='ocr_par' dir='ltr' id='par_1_6' title="bbox 605 5413 2168 5672">
     <span class='ocr_line' id='line_1_46' title="bbox 679 5413 2165 5491; baseline 0.004 -21"><span class='ocrx_word' id='word_1_289' title='bbox 679 5418 696 5454; x_wconf 83' lang='lat'>⁸</span> <span class='ocrx_word' id='word_1_290' title='bbox 733 5415 751 5470; x_wconf 90' lang='grc' dir='ltr'>Ι</span> <span class='ocrx_word' id='word_1_291' title='bbox 782 5414 859 5472; x_wconf 72' lang='grc' dir='ltr'><em>ιὰ</em></span> <span class='ocrx_word' id='word_1_292' title='bbox 886 5413 1156 5472; x_wconf 79' lang='lat' dir='ltr'><strong>Corinth.</strong></span> <span class='ocrx_word' id='word_1_293' title='bbox 1183 5432 1244 5484; x_wconf 76' lang='lat' dir='ltr'><em>x.</em></span> <span class='ocrx_word' id='word_1_294' title='bbox 1282 5418 1318 5473; x_wconf 74' lang='grc'><strong>6</strong></span> <span class='ocrx_word' id='word_1_295' title='bbox 1347 5432 1364 5474; x_wconf 72' lang='lat'>2</span> <span class='ocrx_word' id='word_1_296' title='bbox 1404 5416 1528 5474; x_wconf 66' lang='lat' dir='ltr'><em>Hac</em></span> <span class='ocrx_word' id='word_1_297' title='bbox 1552 5423 1742 5474; x_wconf 76' lang='lat' dir='ltr'><em>autem</em></span> <span class='ocrx_word' id='word_1_298' title='bbox 1771 5418 1834 5475; x_wconf 75' lang='lat' dir='ltr'><em>in</em></span> <span class='ocrx_word' id='word_1_299' title='bbox 1858 5423 2046 5491; x_wconf 64' lang='grc' dir='ltr'><em>βοτη-α</em></span> <span class='ocrx_word' id='word_1_300' title='bbox 2068 5421 2165 5489; x_wconf 74' lang='lat' dir='ltr'><strong>ta·</strong></span> 
     </span>
     <span class='ocr_line' id='line_1_47' title="bbox 605 5504 2168 5581; baseline 0.003 -19"><span class='ocrx_word' id='word_1_301' title='bbox 605 5512 692 5563; x_wconf 80' lang='lat' dir='ltr'><em>eta</em></span> <span class='ocrx_word' id='word_1_302' title='bbox 718 5512 844 5562; x_wconf 72' lang='lat' dir='ltr'><em>sum</em></span> <span class='ocrx_word' id='word_1_303' title='bbox 879 5505 1081 5572; x_wconf 75' lang='lat' dir='ltr'><em>nostri,</em></span> <span class='ocrx_word' id='word_1_304' title='bbox 1111 5513 1175 5562; x_wconf 83' lang='lat' dir='ltr'><em>ut</em></span> <span class='ocrx_word' id='word_1_305' title='bbox 1216 5522 1329 5561; x_wconf 72' lang='lat' dir='ltr'><em>non</em></span> <span class='ocrx_word' id='word_1_306' title='bbox 1356 5504 1532 5575; x_wconf 79' lang='lat' dir='ltr'><em>simus</em></span> <span class='ocrx_word' id='word_1_307' title='bbox 1590 5508 2031 5581; x_wconf 74' lang='lat' dir='ltr'><em>concupiscentes</em></span> <span class='ocrx_word' id='word_1_308' title='bbox 2049 5525 2168 5567; x_wconf 78' lang='lat' dir='ltr'><em>ma·</em></span> 
     </span>
     <span class='ocr_line' id='line_1_48' title="bbox 606 5597 1755 5672; baseline -0.002 -16"><span class='ocrx_word' id='word_1_309' title='bbox 606 5616 806 5672; x_wconf 60' lang='lat' dir='ltr'><em>torum,</em></span> <span class='ocrx_word' id='word_1_310' title='bbox 832 5599 974 5656; x_wconf 81' lang='lat' dir='ltr'><em>sicut</em></span> <span class='ocrx_word' id='word_1_311' title='bbox 1004 5604 1056 5654; x_wconf 83' lang='lat' dir='ltr'><em>et</em></span> <span class='ocrx_word' id='word_1_312' title='bbox 1083 5597 1180 5655; x_wconf 64' lang='lat' dir='ltr'><em>sui</em></span> <span class='ocrx_word' id='word_1_313' title='bbox 1206 5597 1612 5671; x_wconf 78' lang='lat' dir='ltr'><em>concupierunt</em></span> <span class='ocrx_word' id='word_1_314' title='bbox 1640 5603 1755 5655; x_wconf 83' lang='lat' dir='ltr'><strong>etc.</strong></span> 
     </span>
    </p>
   </div>
   <div class='ocr_carea' id='block_1_6' title="bbox 2327 411 3885 1352">
    <p class='ocr_par' dir='ltr' id='par_1_7' title="bbox 2327 411 3885 1352">
     <span class='ocr_line' id='line_1_49' title="bbox 2426 411 3881 502; baseline 0.012 -32"><span class='ocrx_word' id='word_1_315' title='bbox 2426 434 2461 470; x_wconf 71' lang='grc' dir='ltr'><em>(ι</em></span> <span class='ocrx_word' id='word_1_316' title='bbox 2501 411 2596 475; x_wconf 85' lang='lat' dir='ltr'><em>Et</em></span> <span class='ocrx_word' id='word_1_317' title='bbox 2628 411 2885 478; x_wconf 83' lang='lat' dir='ltr'><em>initiati</em></span> <span class='ocrx_word' id='word_1_318' title='bbox 2943 427 3124 484; x_wconf 83' lang='lat' dir='ltr'><em>sunt.</em></span> <span class='ocrx_word' id='word_1_319' title='bbox 3176 443 3210 482; x_wconf 65' lang='grc' dir='ltr'><strong>ι</strong></span> <span class='ocrx_word' id='word_1_320' title='bbox 3270 421 3399 490; x_wconf 89' lang='lat' dir='ltr'><em>Hic</em></span> <span class='ocrx_word' id='word_1_321' title='bbox 3455 423 3754 502; x_wconf 90' lang='lat' dir='ltr'><strong>tertium,</strong></span> <span class='ocrx_word' id='word_1_322' title='bbox 3811 422 3881 488; x_wconf 92' lang='lat' dir='ltr'><em>in</em></span> 
     </span>
     <span class='ocr_line' id='line_1_50' title="bbox 2335 520 3874 610; baseline 0.012 -31"><span class='ocrx_word' id='word_1_323' title='bbox 2335 535 2470 601; x_wconf 90' lang='lat' dir='ltr'><em>quo</em></span> <span class='ocrx_word' id='word_1_324' title='bbox 2537 520 2835 607; x_wconf 79' lang='lat' dir='ltr'><strong>tangitur</strong></span> <span class='ocrx_word' id='word_1_325' title='bbox 2914 532 3266 610; x_wconf 85' lang='lat' dir='ltr'><em>peccatum</em></span> <span class='ocrx_word' id='word_1_326' title='bbox 3366 530 3874 608; x_wconf 79' lang='lat' dir='ltr'><strong>incredulitatiS,</strong></span> 
     </span>
     <span class='ocr_line' id='line_1_51' title="bbox 2333 625 3884 713; baseline 0.01 -25"><span class='ocrx_word' id='word_1_327' title='bbox 2333 625 2834 713; x_wconf 87' lang='lat' dir='ltr'><em>comparatione</em></span> <span class='ocrx_word' id='word_1_328' title='bbox 2865 627 2950 694; x_wconf 87' lang='lat' dir='ltr'><em>ad</em></span> <span class='ocrx_word' id='word_1_329' title='bbox 3023 629 3323 699; x_wconf 86' lang='lat' dir='ltr'><em>divinam</em></span> <span class='ocrx_word' id='word_1_330' title='bbox 3353 633 3728 706; x_wconf 88' lang='lat' dir='ltr'><strong>bonitatem</strong></span> <span class='ocrx_word' id='word_1_331' title='bbox 3769 661 3783 704; x_wconf 90' lang='lat'>:</span> <span class='ocrx_word' id='word_1_332' title='bbox 3816 647 3884 704; x_wconf 90' lang='lat' dir='ltr'><em>et</em></span> 
     </span>
     <span class='ocr_line' id='line_1_52' title="bbox 2332 730 3882 834; baseline 0.009 -37"><span class='ocrx_word' id='word_1_333' title='bbox 2332 730 2647 799; x_wconf 87' lang='lat' dir='ltr'><em>dicuntur</em></span> <span class='ocrx_word' id='word_1_334' title='bbox 2676 734 2809 802; x_wconf 92' lang='lat' dir='ltr'><em>duo</em></span> <span class='ocrx_word' id='word_1_335' title='bbox 2871 738 3243 806; x_wconf 88' lang='lat' dir='ltr'><em>secundum</em></span> <span class='ocrx_word' id='word_1_336' title='bbox 3310 741 3445 809; x_wconf 92' lang='lat' dir='ltr'><em>duo</em></span> <span class='ocrx_word' id='word_1_337' title='bbox 3504 767 3655 834; x_wconf 82' lang='lat' dir='ltr'><em>quae</em></span> <span class='ocrx_word' id='word_1_338' title='bbox 3712 768 3882 813; x_wconf 91' lang='lat' dir='ltr'><em>con-</em></span> 
     </span>
     <span class='ocr_line' id='line_1_53' title="bbox 2330 842 3885 942; baseline 0.011 -38"><span class='ocrx_word' id='word_1_339' title='bbox 2330 849 2610 908; x_wconf 87' lang='lat' dir='ltr'><em>currunt</em></span> <span class='ocrx_word' id='word_1_340' title='bbox 2647 842 2730 910; x_wconf 87' lang='lat' dir='ltr'><em>ad</em></span> <span class='ocrx_word' id='word_1_341' title='bbox 2771 843 2892 912; x_wconf 90' lang='lat' dir='ltr'><em>Dei</em></span> <span class='ocrx_word' id='word_1_342' title='bbox 2934 845 3333 928; x_wconf 84' lang='lat' dir='ltr'><strong>bonitatem,</strong></span> <span class='ocrx_word' id='word_1_343' title='bbox 3375 852 3631 920; x_wconf 88' lang='lat' dir='ltr'><em>seilicet</em></span> <span class='ocrx_word' id='word_1_344' title='bbox 3672 855 3885 942; x_wconf 90' lang='lat' dir='ltr'><em>justi-</em></span> 
     </span>
     <span class='ocr_line' id='line_1_54' title="bbox 2329 944 3885 1047; baseline 0.013 -39"><span class='ocrx_word' id='word_1_345' title='bbox 2329 944 2446 1021; x_wconf 86' lang='lat' dir='ltr'><strong>tia,</strong></span> <span class='ocrx_word' id='word_1_346' title='bbox 2489 952 2556 1011; x_wconf 88' lang='lat' dir='ltr'><em>et</em></span> <span class='ocrx_word' id='word_1_347' title='bbox 2578 949 3056 1018; x_wconf 81' lang='lat' dir='ltr'><em>misericordia.</em></span> <span class='ocrx_word' id='word_1_348' title='bbox 3104 953 3335 1023; x_wconf 88' lang='lat' dir='ltr'><em>Primo</em></span> <span class='ocrx_word' id='word_1_349' title='bbox 3376 979 3537 1047; x_wconf 89' lang='lat' dir='ltr'><em>ergo</em></span> <span class='ocrx_word' id='word_1_350' title='bbox 3579 960 3885 1027; x_wconf 87' lang='lat' dir='ltr'><em>ostendi-</em></span> 
     </span>
     <span class='ocr_line' id='line_1_55' title="bbox 2329 1059 3882 1157; baseline 0.012 -41"><span class='ocrx_word' id='word_1_351' title='bbox 2329 1059 2441 1117; x_wconf 86' lang='lat' dir='ltr'><strong>tur</strong></span> <span class='ocrx_word' id='word_1_352' title='bbox 2475 1062 2825 1141; x_wconf 89' lang='lat' dir='ltr'><em>peccatum</em></span> <span class='ocrx_word' id='word_1_353' title='bbox 2872 1080 3134 1140; x_wconf 90' lang='lat' dir='ltr'><em>eorum,</em></span> <span class='ocrx_word' id='word_1_354' title='bbox 3207 1065 3433 1152; x_wconf 87' lang='lat' dir='ltr'><em>quoad</em></span> <span class='ocrx_word' id='word_1_355' title='bbox 3473 1088 3642 1156; x_wconf 92' lang='lat' dir='ltr'><em>opus</em></span> <span class='ocrx_word' id='word_1_356' title='bbox 3679 1068 3882 1157; x_wconf 88' lang='lat' dir='ltr'><em>justi-</em></span> 
     </span>
     <span class='ocr_line' id='line_1_56' title="bbox 2329 1162 3879 1262; baseline 0.014 -35"><span class='ocrx_word' id='word_1_357' title='bbox 2329 1163 2462 1229; x_wconf 86' lang='lat' dir='ltr'><strong>tiae.</strong></span> <span class='ocrx_word' id='word_1_358' title='bbox 2510 1162 2844 1245; x_wconf 88' lang='lat' dir='ltr'><em>Secundo,</em></span> <span class='ocrx_word' id='word_1_359' title='bbox 2889 1170 3115 1258; x_wconf 85' lang='lat' dir='ltr'><em>quoad</em></span> <span class='ocrx_word' id='word_1_360' title='bbox 3154 1194 3326 1262; x_wconf 89' lang='lat' dir='ltr'><em>opus</em></span> <span class='ocrx_word' id='word_1_361' title='bbox 3400 1177 3879 1249; x_wconf 87' lang='lat' dir='ltr'><em>misericordiae</em></span> 
     </span>
     <span class='ocr_line' id='line_1_57' title="bbox 2327 1268 3684 1352; baseline 0.01 -17"><span class='ocrx_word' id='word_1_362' title='bbox 2327 1268 2446 1350; x_wconf 89' lang='lat' dir='ltr'><em>ibi,</em></span> <span class='ocrx_word' id='word_1_363' title='bbox 2488 1279 2553 1347; x_wconf 61' lang='lat'><em>5.</em></span> <span class='ocrx_word' id='word_1_364' title='bbox 2589 1273 2712 1340; x_wconf 81' lang='lat'><em>32:</em></span> <span class='ocrx_word' id='word_1_365' title='bbox 2752 1302 2786 1338; x_wconf 88' lang='lat'>«</span> <span class='ocrx_word' id='word_1_366' title='bbox 2817 1279 2912 1343; x_wconf 82' lang='lat' dir='ltr'><strong>Et</strong></span> <span class='ocrx_word' id='word_1_367' title='bbox 2942 1278 3387 1349; x_wconf 81' lang='lat' dir='ltr'><em>irritaverunt</em></span> <span class='ocrx_word' id='word_1_368' title='bbox 3414 1306 3593 1352; x_wconf 88' lang='lat' dir='ltr'><em>eum.</em></span> <span class='ocrx_word' id='word_1_369' title='bbox 3652 1315 3684 1348; x_wconf 65' lang='grc' dir='ltr'><em>ι»</em></span> 
     </span>
    </p>
   </div>
   <div class='ocr_carea' id='block_1_7' title="bbox 2312 1388 3875 1810">
    <p class='ocr_par' dir='ltr' id='par_1_8' title="bbox 2312 1388 3875 1810">
     <span class='ocr_line' id='line_1_58' title="bbox 2414 1388 3875 1482; baseline 0.014 -28"><span class='ocrx_word' id='word_1_370' title='bbox 2414 1388 2491 1455; x_wconf 92' lang='lat' dir='ltr'><em>ln</em></span> <span class='ocrx_word' id='word_1_371' title='bbox 2528 1391 2743 1480; x_wconf 86' lang='lat' dir='ltr'><em>prima</em></span> <span class='ocrx_word' id='word_1_372' title='bbox 2786 1392 3104 1463; x_wconf 89' lang='lat' dir='ltr'><em>dicuntur</em></span> <span class='ocrx_word' id='word_1_373' title='bbox 3132 1399 3282 1466; x_wconf 86' lang='lat' dir='ltr'><strong>tria.</strong></span> <span class='ocrx_word' id='word_1_374' title='bbox 3333 1400 3592 1482; x_wconf 87' lang='lat' dir='ltr'><em>Primo,</em></span> <span class='ocrx_word' id='word_1_375' title='bbox 3637 1427 3875 1474; x_wconf 88' lang='lat' dir='ltr'><em>eorum</em></span> 
     </span>
     <span class='ocr_line' id='line_1_59' title="bbox 2324 1497 3875 1605; baseline 0.013 -41"><span class='ocrx_word' id='word_1_376' title='bbox 2324 1497 2546 1587; x_wconf 84' lang='lat' dir='ltr'><strong>eulpa.</strong></span> <span class='ocrx_word' id='word_1_377' title='bbox 2586 1498 2924 1580; x_wconf 84' lang='lat' dir='ltr'><em>Secundo,</em></span> <span class='ocrx_word' id='word_1_378' title='bbox 2969 1527 3168 1592; x_wconf 86' lang='lat' dir='ltr'><strong>poena</strong></span> <span class='ocrx_word' id='word_1_379' title='bbox 3199 1531 3321 1597; x_wconf 93' lang='lat' dir='ltr'><strong>pro</strong></span> <span class='ocrx_word' id='word_1_380' title='bbox 3381 1510 3497 1577; x_wconf 89' lang='lat' dir='ltr'><strong>tali</strong></span> <span class='ocrx_word' id='word_1_381' title='bbox 3532 1513 3730 1605; x_wconf 84' lang='lat' dir='ltr'><em>culpa</em></span> <span class='ocrx_word' id='word_1_382' title='bbox 3778 1518 3875 1584; x_wconf 90' lang='lat' dir='ltr'><em>eis</em></span> 
     </span>
     <span class='ocr_line' id='line_1_60' title="bbox 2325 1605 3875 1691; baseline 0.014 -21"><span class='ocrx_word' id='word_1_383' title='bbox 2325 1605 2602 1683; x_wconf 84' lang='lat' dir='ltr'><em>inflicta,</em></span> <span class='ocrx_word' id='word_1_384' title='bbox 2636 1606 2755 1685; x_wconf 87' lang='lat' dir='ltr'><em>ibi,</em></span> <span class='ocrx_word' id='word_1_385' title='bbox 2789 1609 2857 1675; x_wconf 93' lang='lat' dir='ltr'><em>in</em></span> <span class='ocrx_word' id='word_1_386' title='bbox 2897 1611 3119 1679; x_wconf 90' lang='lat' dir='ltr'><em>medio</em></span> <span class='ocrx_word' id='word_1_387' title='bbox 3150 1620 3212 1688; x_wconf 58' lang='grc' dir='ltr'><em>ς’.</em></span> <span class='ocrx_word' id='word_1_388' title='bbox 3249 1617 3333 1681; x_wconf 78' lang='lat'><em>29</em></span> <span class='ocrx_word' id='word_1_389' title='bbox 3368 1638 3384 1685; x_wconf 89' lang='lat'>:</span> <span class='ocrx_word' id='word_1_390' title='bbox 3437 1643 3471 1683; x_wconf 74' lang='grc' dir='ltr'><strong>α</strong></span> <span class='ocrx_word' id='word_1_391' title='bbox 3511 1621 3608 1687; x_wconf 81' lang='lat' dir='ltr'><em>Et</em></span> <span class='ocrx_word' id='word_1_392' title='bbox 3636 1623 3875 1691; x_wconf 85' lang='lat' dir='ltr'><em>multi-</em></span> 
     </span>
     <span class='ocr_line' id='line_1_61' title="bbox 2312 1713 3874 1810; baseline 0.013 -32"><span class='ocrx_word' id='word_1_393' title='bbox 2312 1713 2582 1803; x_wconf 83' lang='lat' dir='ltr'><em>plicata</em></span> <span class='ocrx_word' id='word_1_394' title='bbox 2611 1725 2729 1782; x_wconf 85' lang='lat' dir='ltr'><em>est.</em></span> <span class='ocrx_word' id='word_1_395' title='bbox 2768 1742 2800 1780; x_wconf 84' lang='lat'><strong>»</strong></span> <span class='ocrx_word' id='word_1_396' title='bbox 2832 1716 3082 1799; x_wconf 86' lang='lat' dir='ltr'><strong>Terti0‚</strong></span> <span class='ocrx_word' id='word_1_397' title='bbox 3127 1720 3417 1810; x_wconf 78' lang='lat' dir='ltr'><strong>placatio</strong></span> <span class='ocrx_word' id='word_1_398' title='bbox 3468 1727 3747 1796; x_wconf 89' lang='lat' dir='ltr'><em>Domini</em></span> <span class='ocrx_word' id='word_1_399' title='bbox 3797 1740 3874 1799; x_wconf 90' lang='lat' dir='ltr'><em>ut</em></span> 
     </span>
    </p>
   </div>
   <div class='ocr_carea' id='block_1_8' title="bbox 2318 1826 3872 1995">
    <p class='ocr_par' dir='ltr' id='par_1_9' title="bbox 2318 1826 3872 1995">
     <span class='ocr_line' id='line_1_62' title="bbox 2322 1826 3872 1912; baseline 0.012 -26"><span class='ocrx_word' id='word_1_400' title='bbox 2322 1830 2613 1889; x_wconf 82' lang='lat' dir='ltr'><em>cessaret</em></span> <span class='ocrx_word' id='word_1_401' title='bbox 2650 1845 2871 1912; x_wconf 64' lang='lat' dir='ltr'><strong>poena,</strong></span> <span class='ocrx_word' id='word_1_402' title='bbox 2943 1826 3058 1909; x_wconf 89' lang='lat' dir='ltr'><em>ibi,</em></span> <span class='ocrx_word' id='word_1_403' title='bbox 3118 1834 3183 1903; x_wconf 61' lang='lat'><em>5.</em></span> <span class='ocrx_word' id='word_1_404' title='bbox 3239 1829 3323 1898; x_wconf 87' lang='lat'><em>30</em></span> <span class='ocrx_word' id='word_1_405' title='bbox 3368 1854 3385 1898; x_wconf 74' lang='grc' dir='ltr'>ε</span> <span class='ocrx_word' id='word_1_406' title='bbox 3432 1857 3464 1897; x_wconf 84' lang='lat'><strong>«</strong></span> <span class='ocrx_word' id='word_1_407' title='bbox 3535 1835 3632 1901; x_wconf 81' lang='lat' dir='ltr'><strong>Et</strong></span> <span class='ocrx_word' id='word_1_408' title='bbox 3683 1840 3872 1905; x_wconf 81' lang='lat' dir='ltr'><em>stetit</em></span> 
     </span>
     <span class='ocr_line' id='line_1_63' title="bbox 2318 1926 2706 1995; baseline -0.005 -2"><span class='ocrx_word' id='word_1_409' title='bbox 2318 1926 2632 1995; x_wconf 79' lang='lat' dir='ltr'><em>Phinees.</em></span> <span class='ocrx_word' id='word_1_410' title='bbox 2674 1955 2706 1991; x_wconf 71' lang='lat' dir='ltr'>n</span> 
     </span>
    </p>
   </div>
   <div class='ocr_carea' id='block_1_9' title="bbox 2303 2033 3871 3305">
    <p class='ocr_par' dir='ltr' id='par_1_10' title="bbox 2314 2033 3871 2427">
     <span class='ocr_line' id='line_1_64' title="bbox 2408 2033 3871 2136; baseline 0.012 -37"><span class='ocrx_word' id='word_1_411' title='bbox 2408 2033 2483 2100; x_wconf 91' lang='lat' dir='ltr'><em>In</em></span> <span class='ocrx_word' id='word_1_412' title='bbox 2517 2036 2732 2124; x_wconf 86' lang='lat' dir='ltr'><em>prima</em></span> <span class='ocrx_word' id='word_1_413' title='bbox 2762 2035 2922 2105; x_wconf 92' lang='lat' dir='ltr'><em>duo.</em></span> <span class='ocrx_word' id='word_1_414' title='bbox 2969 2037 3226 2124; x_wconf 85' lang='lat' dir='ltr'><em>Primo,</em></span> <span class='ocrx_word' id='word_1_415' title='bbox 3269 2048 3676 2136; x_wconf 87' lang='lat' dir='ltr'><strong>perpetratio</strong></span> <span class='ocrx_word' id='word_1_416' title='bbox 3719 2048 3871 2117; x_wconf 89' lang='lat' dir='ltr'><em>cul-</em></span> 
     </span>
     <span class='ocr_line' id='line_1_65' title="bbox 2317 2139 3861 2244; baseline 0.01 -38"><span class='ocrx_word' id='word_1_417' title='bbox 2317 2162 2442 2231; x_wconf 82' lang='lat' dir='ltr'><strong>pae.</strong></span> <span class='ocrx_word' id='word_1_418' title='bbox 2489 2139 2830 2226; x_wconf 84' lang='lat' dir='ltr'><em>Secund0‚</em></span> <span class='ocrx_word' id='word_1_419' title='bbox 2862 2144 3108 2233; x_wconf 89' lang='lat' dir='ltr'><em>judicis</em></span> <span class='ocrx_word' id='word_1_420' title='bbox 3148 2146 3434 2218; x_wconf 74' lang='lat' dir='ltr'><em>offensio</em></span> <span class='ocrx_word' id='word_1_421' title='bbox 3485 2174 3608 2241; x_wconf 95' lang='lat' dir='ltr'><strong>pro</strong></span> <span class='ocrx_word' id='word_1_422' title='bbox 3639 2153 3861 2244; x_wconf 81' lang='lat' dir='ltr'><strong>culpa,</strong></span> 
     </span>
     <span class='ocr_line' id='line_1_66' title="bbox 2317 2245 3865 2327; baseline 0.011 -16"><span class='ocrx_word' id='word_1_423' title='bbox 2317 2245 2435 2326; x_wconf 91' lang='lat' dir='ltr'><em>ibi,</em></span> <span class='ocrx_word' id='word_1_424' title='bbox 2469 2252 2535 2323; x_wconf 58' lang='grc' dir='ltr'><em>ὲ.</em></span> <span class='ocrx_word' id='word_1_425' title='bbox 2568 2250 2652 2315; x_wconf 75' lang='grc'><em>29</em></span> <span class='ocrx_word' id='word_1_426' title='bbox 2679 2271 2695 2317; x_wconf 89' lang='lat'>:</span> <span class='ocrx_word' id='word_1_427' title='bbox 2723 2275 2755 2315; x_wconf 71' lang='grc' dir='ltr'>ι</span> <span class='ocrx_word' id='word_1_428' title='bbox 2791 2253 2884 2317; x_wconf 77' lang='lat' dir='ltr'><em>El</em></span> <span class='ocrx_word' id='word_1_429' title='bbox 2914 2252 3358 2321; x_wconf 70' lang='lat' dir='ltr'><em>irritat-erun!</em></span> <span class='ocrx_word' id='word_1_430' title='bbox 3380 2280 3534 2324; x_wconf 87' lang='lat' dir='ltr'><em>eum</em></span> <span class='ocrx_word' id='word_1_431' title='bbox 3567 2259 3637 2325; x_wconf 82' lang='lat' dir='ltr'><em>in</em></span> <span class='ocrx_word' id='word_1_432' title='bbox 3669 2260 3865 2327; x_wconf 85' lang='lat' dir='ltr'><em>adin-</em></span> 
     </span>
     <span class='ocr_line' id='line_1_67' title="bbox 2314 2356 3013 2427; baseline 0 -5"><span class='ocrx_word' id='word_1_433' title='bbox 2314 2356 2740 2424; x_wconf 79' lang='lat' dir='ltr'><em>ventionibus</em></span> <span class='ocrx_word' id='word_1_434' title='bbox 2774 2359 2941 2427; x_wconf 87' lang='lat' dir='ltr'><em>suis.</em></span> <span class='ocrx_word' id='word_1_435' title='bbox 2979 2386 3013 2422; x_wconf 72' lang='lat' dir='ltr'>n</span> 
     </span>
    </p>

    <p class='ocr_par' dir='ltr' id='par_1_11' title="bbox 2309 2465 3859 2856">
     <span class='ocr_line' id='line_1_68' title="bbox 2403 2465 3854 2556; baseline 0.008 -25"><span class='ocrx_word' id='word_1_436' title='bbox 2403 2465 2477 2532; x_wconf 78' lang='lat' dir='ltr'><em>ln</em></span> <span class='ocrx_word' id='word_1_437' title='bbox 2512 2468 2729 2556; x_wconf 85' lang='lat' dir='ltr'><em>prima</em></span> <span class='ocrx_word' id='word_1_438' title='bbox 2759 2467 3075 2536; x_wconf 89' lang='lat' dir='ltr'><em>dicuntur</em></span> <span class='ocrx_word' id='word_1_439' title='bbox 3103 2470 3264 2539; x_wconf 89' lang='lat' dir='ltr'><em>duo.</em></span> <span class='ocrx_word' id='word_1_440' title='bbox 3301 2471 3558 2549; x_wconf 84' lang='lat' dir='ltr'><em>Primo,</em></span> <span class='ocrx_word' id='word_1_441' title='bbox 3596 2475 3854 2544; x_wconf 78' lang='lat' dir='ltr'><em>dedica·</em></span> 
     </span>
     <span class='ocr_line' id='line_1_69' title="bbox 2311 2573 3855 2662; baseline 0.008 -22"><span class='ocrx_word' id='word_1_442' title='bbox 2311 2574 2404 2641; x_wconf 89' lang='lat' dir='ltr'><em>tio</em></span> <span class='ocrx_word' id='word_1_443' title='bbox 2445 2574 2548 2640; x_wconf 87' lang='lat' dir='ltr'><em>sui</em></span> <span class='ocrx_word' id='word_1_444' title='bbox 2592 2573 2772 2641; x_wconf 85' lang='lat' dir='ltr'><em>idolo</em></span> <span class='ocrx_word' id='word_1_445' title='bbox 2813 2574 3300 2644; x_wconf 65' lang='lat' dir='ltr'><em>fornicationis</em></span> <span class='ocrx_word' id='word_1_446' title='bbox 3350 2577 3690 2662; x_wconf 86' lang='lat' dir='ltr'><em>Secundo,</em></span> <span class='ocrx_word' id='word_1_447' title='bbox 3736 2607 3855 2651; x_wconf 80' lang='lat' dir='ltr'><strong>ve-</strong></span> 
     </span>
     <span class='ocr_line' id='line_1_70' title="bbox 2309 2682 3859 2772; baseline 0.006 -24"><span class='ocrx_word' id='word_1_448' title='bbox 2309 2682 2569 2749; x_wconf 81' lang='lat' dir='ltr'><strong>neratio</strong></span> <span class='ocrx_word' id='word_1_449' title='bbox 2600 2684 2744 2769; x_wconf 88' lang='lat' dir='ltr'><em>ejus</em></span> <span class='ocrx_word' id='word_1_450' title='bbox 2792 2684 2860 2749; x_wconf 92' lang='lat' dir='ltr'><em>in</em></span> <span class='ocrx_word' id='word_1_451' title='bbox 2901 2705 3130 2772; x_wconf 88' lang='lat' dir='ltr'><strong>opere,</strong></span> <span class='ocrx_word' id='word_1_452' title='bbox 3174 2684 3293 2763; x_wconf 90' lang='lat' dir='ltr'><em>ibi,</em></span> <span class='ocrx_word' id='word_1_453' title='bbox 3346 2714 3376 2746; x_wconf 77' lang='grc' dir='ltr'>α</span> <span class='ocrx_word' id='word_1_454' title='bbox 3420 2689 3514 2754; x_wconf 80' lang='lat' dir='ltr'><strong>Et</strong></span> <span class='ocrx_word' id='word_1_455' title='bbox 3551 2690 3859 2758; x_wconf 82' lang='lat' dir='ltr'><em>comede-</em></span> 
     </span>
     <span class='ocr_line' id='line_1_71' title="bbox 2309 2799 2564 2856; baseline 0 0"><span class='ocrx_word' id='word_1_456' title='bbox 2309 2799 2493 2856; x_wconf 77' lang='lat' dir='ltr'><em>runt.</em></span> <span class='ocrx_word' id='word_1_457' title='bbox 2534 2818 2564 2849; x_wconf 72' lang='grc' dir='ltr'><em>»ι</em></span> 
     </span>
    </p>

    <p class='ocr_par' dir='ltr' id='par_1_12' title="bbox 2303 2897 3856 3305">
     <span class='ocr_line' id='line_1_72' title="bbox 2400 2897 3854 2991; baseline 0.008 -27"><span class='ocrx_word' id='word_1_458' title='bbox 2400 2897 2572 2967; x_wconf 86' lang='lat' dir='ltr'><strong>Dicit</strong></span> <span class='ocrx_word' id='word_1_459' title='bbox 2600 2922 2761 2988; x_wconf 77' lang='lat' dir='ltr'><em>ergo</em></span> <span class='ocrx_word' id='word_1_460' title='bbox 2804 2921 2819 2964; x_wconf 90' lang='lat'>:</span> <span class='ocrx_word' id='word_1_461' title='bbox 2875 2898 2987 2967; x_wconf 87' lang='lat' dir='ltr'><em>Sic</em></span> <span class='ocrx_word' id='word_1_462' title='bbox 3027 2911 3476 2991; x_wconf 81' lang='lat' dir='ltr'><strong>peceaverunt</strong></span> <span class='ocrx_word' id='word_1_463' title='bbox 3520 2927 3658 2973; x_wconf 90' lang='lat' dir='ltr'><em>non</em></span> <span class='ocrx_word' id='word_1_464' title='bbox 3708 2928 3854 2975; x_wconf 90' lang='lat' dir='ltr'><em>cre·</em></span> 
     </span>
     <span class='ocr_line' id='line_1_73' title="bbox 2307 3005 3852 3099; baseline 0.006 -28"><span class='ocrx_word' id='word_1_465' title='bbox 2307 3005 2541 3073; x_wconf 88' lang='lat' dir='ltr'><em>dentes</em></span> <span class='ocrx_word' id='word_1_466' title='bbox 2591 3006 2889 3074; x_wconf 77' lang='lat' dir='ltr'><em>divinam</em></span> <span class='ocrx_word' id='word_1_467' title='bbox 2942 3009 3342 3099; x_wconf 84' lang='lat' dir='ltr'><strong>potentiam,</strong></span> <span class='ocrx_word' id='word_1_468' title='bbox 3385 3032 3510 3078; x_wconf 91' lang='lat' dir='ltr'><em>nec</em></span> <span class='ocrx_word' id='word_1_469' title='bbox 3564 3007 3852 3081; x_wconf 73' lang='lat' dir='ltr'><em>summ‘oe</em></span> 
     </span>
     <span class='ocr_line' id='line_1_74' title="bbox 2303 3113 3856 3187; baseline 0.007 -10"><span class='ocrx_word' id='word_1_470' title='bbox 2303 3113 2569 3180; x_wconf 78' lang='lat' dir='ltr'><strong>veritati</strong></span> <span class='ocrx_word' id='word_1_471' title='bbox 2601 3113 3091 3182; x_wconf 83' lang='lat' dir='ltr'><em>assentientes:</em></span> <span class='ocrx_word' id='word_1_472' title='bbox 3141 3143 3174 3177; x_wconf 85' lang='lat'>«</span> <span class='ocrx_word' id='word_1_473' title='bbox 3217 3126 3282 3182; x_wconf 82' lang='lat' dir='ltr'><em>e!</em></span> <span class='ocrx_word' id='word_1_474' title='bbox 3322 3141 3356 3179; x_wconf 75' lang='grc' dir='ltr'><em>ιι</em></span> <span class='ocrx_word' id='word_1_475' title='bbox 3399 3118 3602 3185; x_wconf 86' lang='lat' dir='ltr'><em>etiam</em></span> <span class='ocrx_word' id='word_1_476' title='bbox 3635 3143 3669 3183; x_wconf 71' lang='grc' dir='ltr'><strong>α</strong></span> <span class='ocrx_word' id='word_1_477' title='bbox 3716 3120 3856 3187; x_wconf 84' lang='lat' dir='ltr'><em>ini-</em></span> 
     </span>
     <span class='ocr_line' id='line_1_75' title="bbox 2305 3213 3847 3305; baseline 0.005 -18"><span class='ocrx_word' id='word_1_478' title='bbox 2305 3213 2464 3288; x_wconf 75' lang='lat' dir='ltr'><strong>tiat&#39;i</strong></span> <span class='ocrx_word' id='word_1_479' title='bbox 2488 3233 2674 3299; x_wconf 80' lang='lat' dir='ltr'><em>sum,</em></span> <span class='ocrx_word' id='word_1_480' title='bbox 2709 3249 2740 3282; x_wconf 71' lang='grc' dir='ltr'><strong>ο</strong></span> <span class='ocrx_word' id='word_1_481' title='bbox 2781 3221 2844 3289; x_wconf 80' lang='lat' dir='ltr'><em>id</em></span> <span class='ocrx_word' id='word_1_482' title='bbox 2877 3232 3000 3301; x_wconf 88' lang='lat' dir='ltr'><em>est,</em></span> <span class='ocrx_word' id='word_1_483' title='bbox 3034 3226 3404 3293; x_wconf 79' lang='lat' dir='ltr'><em>consecrati</em></span> <span class='ocrx_word' id='word_1_484' title='bbox 3438 3234 3504 3294; x_wconf 89' lang='lat' dir='ltr'><em>et</em></span> <span class='ocrx_word' id='word_1_485' title='bbox 3533 3226 3847 3305; x_wconf 85' lang='lat' dir='ltr'><em>dedicati,</em></span> 
     </span>
    </p>
   </div>
   <div class='ocr_carea' id='block_1_10' title="bbox 2308 3328 4202 3451">
    <p class='ocr_par' dir='ltr' id='par_1_13' title="bbox 2308 3328 4202 3451">
     <span class='ocr_line' id='line_1_76' title="bbox 2308 3328 4202 3451; baseline 0.005 -57"><span class='ocrx_word' id='word_1_486' title='bbox 2308 3354 2340 3394; x_wconf 71' lang='grc' dir='ltr'>ι</span> <span class='ocrx_word' id='word_1_487' title='bbox 2379 3329 2820 3420; x_wconf 77' lang='lat' dir='ltr'><em>Beelpleeqor‚</em></span> <span class='ocrx_word' id='word_1_488' title='bbox 2872 3362 2901 3388; x_wconf 73' lang='grc' dir='ltr'><em>»ι</em></span> <span class='ocrx_word' id='word_1_489' title='bbox 2935 3328 3114 3396; x_wconf 85' lang='lat' dir='ltr'><em>idolo</em></span> <span class='ocrx_word' id='word_1_490' title='bbox 3153 3333 3486 3421; x_wconf 85' lang='lat' dir='ltr'><em>gentium,</em></span> <span class='ocrx_word' id='word_1_491' title='bbox 3521 3340 3585 3400; x_wconf 87' lang='lat' dir='ltr'><em>et</em></span> <span class='ocrx_word' id='word_1_492' title='bbox 3631 3334 3854 3401; x_wconf 76' lang='lat' dir='ltr'><em>maxi·</em></span> <span class='ocrx_word' id='word_1_493' title='bbox 3881 3351 4202 3451; x_wconf 44' lang='grc' dir='ltr'><em>επιιίἕξὲ</em></span> 
     </span>
    </p>
   </div>
   <div class='ocr_carea' id='block_1_11' title="bbox 2305 3439 4149 3512">
    <p class='ocr_par' dir='ltr' id='par_1_14' title="bbox 2305 3439 4149 3512">
     <span class='ocr_line' id='line_1_77' title="bbox 2305 3439 4149 3512; baseline -0.001 -6"><span class='ocrx_word' id='word_1_494' title='bbox 2305 3463 2410 3507; x_wconf 89' lang='lat' dir='ltr'><em>me</em></span> <span class='ocrx_word' id='word_1_495' title='bbox 2501 3439 3059 3507; x_wconf 78' lang='lat' dir='ltr'><em>fornicationibus</em></span> <span class='ocrx_word' id='word_1_496' title='bbox 3155 3451 3217 3507; x_wconf 87' lang='lat' dir='ltr'><em>et</em></span> <span class='ocrx_word' id='word_1_497' title='bbox 3315 3443 3854 3512; x_wconf 79' lang='lat' dir='ltr'><em>comestionibus</em></span> <span class='ocrx_word' id='word_1_498' title='bbox 3926 3459 4149 3507; x_wconf 67' lang='lat' dir='ltr'><em>libidinis.</em></span> 
     </span>
    </p>
   </div>
   <div class='ocr_carea' id='block_1_12' title="bbox 2290 3546 3858 4691">
    <p class='ocr_par' dir='ltr' id='par_1_15' title="bbox 2290 3546 3858 4691">
     <span class='ocr_line' id='line_1_78' title="bbox 2300 3546 3853 3628; baseline 0.003 -14"><span class='ocrx_word' id='word_1_499' title='bbox 2300 3546 2691 3616; x_wconf 81' lang='lat' dir='ltr'><em>vacantium</em></span> <span class='ocrx_word' id='word_1_500' title='bbox 2731 3569 2745 3614; x_wconf 74' lang='grc' dir='ltr'>ε</span> <span class='ocrx_word' id='word_1_501' title='bbox 2784 3577 2814 3607; x_wconf 76' lang='lat' dir='ltr'><em>e«</em></span> <span class='ocrx_word' id='word_1_502' title='bbox 2849 3558 2939 3628; x_wconf 83' lang='lat' dir='ltr'><em>et,</em></span> <span class='ocrx_word' id='word_1_503' title='bbox 2968 3574 3002 3609; x_wconf 70' lang='lat' dir='ltr'><em>n</em></span> <span class='ocrx_word' id='word_1_504' title='bbox 3035 3555 3107 3615; x_wconf 91' lang='lat' dir='ltr'><em>ut</em></span> <span class='ocrx_word' id='word_1_505' title='bbox 3155 3557 3373 3617; x_wconf 89' lang='lat' dir='ltr'><strong>totum</strong></span> <span class='ocrx_word' id='word_1_506' title='bbox 3412 3573 3853 3620; x_wconf 80' lang='lat' dir='ltr'><em>consumma·</em></span> 
     </span>
     <span class='ocr_line' id='line_1_79' title="bbox 2302 3653 3858 3746; baseline 0.005 -26"><span class='ocrx_word' id='word_1_507' title='bbox 2302 3662 2510 3732; x_wconf 89' lang='lat' dir='ltr'><strong>retur,</strong></span> <span class='ocrx_word' id='word_1_508' title='bbox 2547 3681 2581 3719; x_wconf 75' lang='grc' dir='ltr'>ι</span> <span class='ocrx_word' id='word_1_509' title='bbox 2612 3653 3046 3721; x_wconf 77' lang='lat' dir='ltr'><em>comederunt</em></span> <span class='ocrx_word' id='word_1_510' title='bbox 3065 3655 3149 3723; x_wconf 90' lang='lat' dir='ltr'><em>de</em></span> <span class='ocrx_word' id='word_1_511' title='bbox 3172 3658 3535 3746; x_wconf 82' lang='lat' dir='ltr'><em>sacrificiis</em></span> <span class='ocrx_word' id='word_1_512' title='bbox 3555 3671 3858 3728; x_wconf 77' lang='lat' dir='ltr'><em>mortuo·</em></span> 
     </span>
     <span class='ocr_line' id='line_1_80' title="bbox 2299 3760 3853 3858; baseline 0.004 -29"><span class='ocrx_word' id='word_1_513' title='bbox 2299 3784 2481 3839; x_wconf 85' lang='lat' dir='ltr'><em>rum,</em></span> <span class='ocrx_word' id='word_1_514' title='bbox 2527 3788 2560 3822; x_wconf 73' lang='lat' dir='ltr'><em>n</em></span> <span class='ocrx_word' id='word_1_515' title='bbox 2601 3760 2668 3828; x_wconf 84' lang='lat' dir='ltr'><em>id</em></span> <span class='ocrx_word' id='word_1_516' title='bbox 2706 3770 2831 3837; x_wconf 85' lang='lat' dir='ltr'><em>est,</em></span> <span class='ocrx_word' id='word_1_517' title='bbox 2877 3761 2959 3828; x_wconf 86' lang='lat' dir='ltr'><strong>de</strong></span> <span class='ocrx_word' id='word_1_518' title='bbox 3000 3762 3370 3832; x_wconf 85' lang='lat' dir='ltr'><em>immolatis</em></span> <span class='ocrx_word' id='word_1_519' title='bbox 3426 3764 3650 3849; x_wconf 80' lang='lat' dir='ltr'><em>idolis,</em></span> <span class='ocrx_word' id='word_1_520' title='bbox 3701 3789 3853 3858; x_wconf 78' lang='lat' dir='ltr'><em>quae</em></span> 
     </span>
     <span class='ocr_line' id='line_1_81' title="bbox 2300 3873 3847 3954; baseline 0.003 -14"><span class='ocrx_word' id='word_1_521' title='bbox 2300 3895 2405 3940; x_wconf 88' lang='lat' dir='ltr'><em>res</em></span> <span class='ocrx_word' id='word_1_522' title='bbox 2433 3880 2590 3938; x_wconf 91' lang='lat' dir='ltr'><em>sunt</em></span> <span class='ocrx_word' id='word_1_523' title='bbox 2613 3881 2921 3951; x_wconf 69' lang='lat' dir='ltr'><em>mortuae,</em></span> <span class='ocrx_word' id='word_1_524' title='bbox 2955 3873 3140 3939; x_wconf 90' lang='lat' dir='ltr'><em>omni</em></span> <span class='ocrx_word' id='word_1_525' title='bbox 3176 3873 3313 3940; x_wconf 79' lang='lat' dir='ltr'><strong>vita</strong></span> <span class='ocrx_word' id='word_1_526' title='bbox 3342 3884 3650 3943; x_wconf 83' lang='lat' dir='ltr'><em>carentes</em></span> <span class='ocrx_word' id='word_1_527' title='bbox 3677 3877 3847 3954; x_wconf 64' lang='lat' dir='ltr'><strong>wel,</strong></span> 
     </span>
     <span class='ocr_line' id='line_1_82' title="bbox 2297 3978 3852 4074; baseline 0.003 -26"><span class='ocrx_word' id='word_1_528' title='bbox 2297 3981 2379 4049; x_wconf 91' lang='lat' dir='ltr'><strong>de</strong></span> <span class='ocrx_word' id='word_1_529' title='bbox 2417 3980 2662 4048; x_wconf 85' lang='lat' dir='ltr'><em>oblatis</em></span> <span class='ocrx_word' id='word_1_530' title='bbox 2708 3982 2993 4047; x_wconf 80' lang='lat' dir='ltr'><em>mortuis</em></span> <span class='ocrx_word' id='word_1_531' title='bbox 3042 3978 3465 4057; x_wconf 83' lang='lat' dir='ltr'><em>hominibus,</em></span> <span class='ocrx_word' id='word_1_532' title='bbox 3500 4007 3675 4074; x_wconf 88' lang='lat' dir='ltr'><em>quos</em></span> <span class='ocrx_word' id='word_1_533' title='bbox 3712 4009 3852 4054; x_wconf 89' lang='lat' dir='ltr'><em>cre-</em></span> 
     </span>
     <span class='ocr_line' id='line_1_83' title="bbox 2295 4086 3850 4178; baseline 0.004 -24"><span class='ocrx_word' id='word_1_534' title='bbox 2295 4086 2543 4154; x_wconf 82' lang='lat' dir='ltr'><strong>debant</strong></span> <span class='ocrx_word' id='word_1_535' title='bbox 2598 4086 2797 4163; x_wconf 75' lang='lat' dir='ltr'><em>neos,</em></span> <span class='ocrx_word' id='word_1_536' title='bbox 2832 4108 2969 4154; x_wconf 90' lang='lat' dir='ltr'><em>non</em></span> <span class='ocrx_word' id='word_1_537' title='bbox 3017 4087 3367 4156; x_wconf 83' lang='lat' dir='ltr'><em>credentes</em></span> <span class='ocrx_word' id='word_1_538' title='bbox 3406 4089 3708 4159; x_wconf 80' lang='lat' dir='ltr'><em>divinam</em></span> <span class='ocrx_word' id='word_1_539' title='bbox 3740 4093 3850 4178; x_wconf 87' lang='lat' dir='ltr'><em>ju·</em></span> 
     </span>
     <span class='ocr_line' id='line_1_84' title="bbox 2294 4191 3841 4283; baseline 0.001 -22"><span class='ocrx_word' id='word_1_540' title='bbox 2294 4193 2547 4273; x_wconf 78' lang='lat' dir='ltr'><em>stitiam</em></span> <span class='ocrx_word' id='word_1_541' title='bbox 2590 4191 2744 4259; x_wconf 82' lang='lat' dir='ltr'><strong>talia</strong></span> <span class='ocrx_word' id='word_1_542' title='bbox 2775 4194 3190 4283; x_wconf 75' lang='lat' dir='ltr'><em>puniturum.</em></span> <span class='ocrx_word' id='word_1_543' title='bbox 3236 4194 3521 4264; x_wconf 79' lang='lat' dir='ltr'><em>Numer.</em></span> <span class='ocrx_word' id='word_1_544' title='bbox 3566 4221 3727 4279; x_wconf 78' lang='lat' dir='ltr'>xxv,</span> <span class='ocrx_word' id='word_1_545' title='bbox 3759 4201 3841 4265; x_wconf 78' lang='lat'><em>3:</em></span> 
     </span>
     <span class='ocr_line' id='line_1_85' title="bbox 2297 4301 3849 4397; baseline 0.004 -29"><span class='ocrx_word' id='word_1_546' title='bbox 2297 4302 2623 4370; x_wconf 79' lang='lat' dir='ltr'><em>Initialus</em></span> <span class='ocrx_word' id='word_1_547' title='bbox 2662 4311 2761 4370; x_wconf 82' lang='lat' dir='ltr'><em>es!</em></span> <span class='ocrx_word' id='word_1_548' title='bbox 2807 4301 3028 4370; x_wconf 80' lang='lat' dir='ltr'><em>lsrael</em></span> <span class='ocrx_word' id='word_1_549' title='bbox 3068 4304 3513 4397; x_wconf 71' lang='lat' dir='ltr'><em>Beelpheqor.</em></span> <span class='ocrx_word' id='word_1_550' title='bbox 3570 4307 3677 4387; x_wconf 81' lang='lat' dir='ltr'><em>Et,</em></span> <span class='ocrx_word' id='word_1_551' title='bbox 3713 4308 3849 4374; x_wconf 86' lang='lat' dir='ltr'><em>ibi-</em></span> 
     </span>
     <span class='ocr_line' id='line_1_86' title="bbox 2291 4408 3849 4493; baseline 0.004 -17"><span class='ocrx_word' id='word_1_552' title='bbox 2291 4408 2474 4490; x_wconf 84' lang='lat' dir='ltr'><em>dem,</em></span> <span class='ocrx_word' id='word_1_553' title='bbox 2506 4416 2571 4486; x_wconf 66' lang='lat'><em>5.</em></span> <span class='ocrx_word' id='word_1_554' title='bbox 2607 4412 2646 4476; x_wconf 82' lang='lat'>2</span> <span class='ocrx_word' id='word_1_555' title='bbox 2681 4432 2696 4476; x_wconf 74' lang='grc' dir='ltr'>ε</span> <span class='ocrx_word' id='word_1_556' title='bbox 2747 4409 2876 4478; x_wconf 78' lang='grc' dir='ltr'><em>11Ιί</em></span> <span class='ocrx_word' id='word_1_557' title='bbox 2910 4409 3163 4480; x_wconf 87' lang='lat' dir='ltr'><em>scilicet</em></span> <span class='ocrx_word' id='word_1_558' title='bbox 3205 4410 3324 4479; x_wconf 82' lang='lat' dir='ltr'><em>tilii</em></span> <span class='ocrx_word' id='word_1_559' title='bbox 3384 4411 3615 4493; x_wconf 79' lang='lat' dir='ltr'><em>israel,</em></span> <span class='ocrx_word' id='word_1_560' title='bbox 3654 4437 3849 4482; x_wconf 84' lang='lat' dir='ltr'><em>eom-</em></span> 
     </span>
     <span class='ocr_line' id='line_1_87' title="bbox 2291 4516 3844 4607; baseline 0.004 -24"><span class='ocrx_word' id='word_1_561' title='bbox 2291 4516 2596 4589; x_wconf 81' lang='lat' dir='ltr'><em>ederuul,</em></span> <span class='ocrx_word' id='word_1_562' title='bbox 2630 4517 2893 4607; x_wconf 85' lang='lat' dir='ltr'><strong>supple.</strong></span> <span class='ocrx_word' id='word_1_563' title='bbox 2917 4516 2999 4583; x_wconf 88' lang='lat' dir='ltr'><strong>de</strong></span> <span class='ocrx_word' id='word_1_564' title='bbox 3027 4518 3398 4602; x_wconf 85' lang='lat' dir='ltr'><em>sacriticiis,</em></span> <span class='ocrx_word' id='word_1_565' title='bbox 3426 4531 3491 4586; x_wconf 83' lang='lat' dir='ltr'><em>e!</em></span> <span class='ocrx_word' id='word_1_566' title='bbox 3510 4520 3844 4591; x_wconf 73' lang='lat' dir='ltr'><em>adorave-</em></span> 
     </span>
     <span class='ocr_line' id='line_1_88' title="bbox 2290 4622 2931 4691; baseline 0 0"><span class='ocrx_word' id='word_1_567' title='bbox 2290 4633 2455 4691; x_wconf 79' lang='lat' dir='ltr'><em>run!</em></span> <span class='ocrx_word' id='word_1_568' title='bbox 2480 4622 2641 4690; x_wconf 89' lang='lat' dir='ltr'><em>deos</em></span> <span class='ocrx_word' id='word_1_569' title='bbox 2676 4645 2931 4691; x_wconf 85' lang='lat' dir='ltr'><em>eorum.</em></span> 
     </span>
    </p>
   </div>
   <div class='ocr_carea' id='block_1_13' title="bbox 2286 4736 3843 5252">
    <p class='ocr_par' dir='ltr' id='par_1_16' title="bbox 2286 4736 3843 5252">
     <span class='ocr_line' id='line_1_89' title="bbox 2380 4736 3843 4829; baseline 0.005 -23"><span class='ocrx_word' id='word_1_570' title='bbox 2380 4736 2835 4829; x_wconf 71' lang='lat' dir='ltr'><strong>spiritualiter</strong></span> <span class='ocrx_word' id='word_1_571' title='bbox 2870 4746 3096 4809; x_wconf 83' lang='lat' dir='ltr'><em>autem</em></span> <span class='ocrx_word' id='word_1_572' title='bbox 3154 4743 3486 4811; x_wconf 76' lang='lat' dir='ltr'><em>sacrificia</em></span> <span class='ocrx_word' id='word_1_573' title='bbox 3528 4755 3843 4813; x_wconf 86' lang='lat' dir='ltr'><em>mortuo-</em></span> 
     </span>
     <span class='ocr_line' id='line_1_90' title="bbox 2289 4846 3841 4942; baseline 0.004 -27"><span class='ocrx_word' id='word_1_574' title='bbox 2289 4870 2441 4915; x_wconf 89' lang='lat' dir='ltr'><em>rum</em></span> <span class='ocrx_word' id='word_1_575' title='bbox 2494 4846 2960 4927; x_wconf 82' lang='lat' dir='ltr'><em>comederunt,</em></span> <span class='ocrx_word' id='word_1_576' title='bbox 3002 4846 3133 4919; x_wconf 86' lang='lat' dir='ltr'><em>hoc</em></span> <span class='ocrx_word' id='word_1_577' title='bbox 3179 4859 3305 4929; x_wconf 86' lang='lat' dir='ltr'><em>est.</em></span> <span class='ocrx_word' id='word_1_578' title='bbox 3365 4874 3490 4942; x_wconf 87' lang='lat' dir='ltr'><strong>pro</strong></span> <span class='ocrx_word' id='word_1_579' title='bbox 3549 4856 3841 4921; x_wconf 87' lang='lat' dir='ltr'><em>mortuis</em></span> 
     </span>
     <span class='ocr_line' id='line_1_91' title="bbox 2287 4953 3842 5033; baseline 0.005 -12"><span class='ocrx_word' id='word_1_580' title='bbox 2287 4954 2467 5031; x_wconf 82' lang='lat' dir='ltr'><strong>data.</strong></span> <span class='ocrx_word' id='word_1_581' title='bbox 2511 4963 2575 5022; x_wconf 84' lang='lat' dir='ltr'><em>et</em></span> <span class='ocrx_word' id='word_1_582' title='bbox 2641 4953 2852 5033; x_wconf 82' lang='lat' dir='ltr'><strong>illata,</strong></span> <span class='ocrx_word' id='word_1_583' title='bbox 2909 4954 3132 5025; x_wconf 87' lang='lat' dir='ltr'><em>clerici</em></span> <span class='ocrx_word' id='word_1_584' title='bbox 3197 4957 3604 5027; x_wconf 78' lang='lat' dir='ltr'><strong>beneficiati.</strong></span> <span class='ocrx_word' id='word_1_585' title='bbox 3670 4958 3842 5028; x_wconf 87' lang='lat' dir='ltr'><em>Ber-</em></span> 
     </span>
     <span class='ocr_line' id='line_1_92' title="bbox 2286 5060 3841 5141; baseline 0.004 -11"><span class='ocrx_word' id='word_1_586' title='bbox 2286 5061 2540 5130; x_wconf 82' lang='lat' dir='ltr'><em>nardus</em></span> <span class='ocrx_word' id='word_1_587' title='bbox 2597 5083 2614 5128; x_wconf 89' lang='lat'>:</span> <span class='ocrx_word' id='word_1_588' title='bbox 2684 5088 2719 5125; x_wconf 75' lang='grc' dir='ltr'><strong>α</strong></span> <span class='ocrx_word' id='word_1_589' title='bbox 2760 5060 2902 5139; x_wconf 76' lang='lat' dir='ltr'><em>Vae,</em></span> <span class='ocrx_word' id='word_1_590' title='bbox 2945 5085 3046 5131; x_wconf 79' lang='lat' dir='ltr'><em>vae</em></span> <span class='ocrx_word' id='word_1_591' title='bbox 3104 5064 3248 5141; x_wconf 88' lang='lat' dir='ltr'><strong>tibi,</strong></span> <span class='ocrx_word' id='word_1_592' title='bbox 3320 5063 3602 5134; x_wconf 84' lang='lat' dir='ltr'><em>clerice!</em></span> <span class='ocrx_word' id='word_1_593' title='bbox 3656 5088 3841 5136; x_wconf 80' lang='lat' dir='ltr'><em>mors</em></span> 
     </span>
     <span class='ocr_line' id='line_1_93' title="bbox 2288 5167 3836 5252; baseline 0.006 -18"><span class='ocrx_word' id='word_1_594' title='bbox 2288 5198 2322 5232; x_wconf 85' lang='lat'>«</span> <span class='ocrx_word' id='word_1_595' title='bbox 2368 5170 2439 5237; x_wconf 79' lang='lat' dir='ltr'><em>in</em></span> <span class='ocrx_word' id='word_1_596' title='bbox 2477 5169 2627 5238; x_wconf 80' lang='lat' dir='ltr'><em>olla</em></span> <span class='ocrx_word' id='word_1_597' title='bbox 2651 5167 2697 5238; x_wconf 73' lang='lat'><em>³.</em></span> <span class='ocrx_word' id='word_1_598' title='bbox 2741 5168 2926 5240; x_wconf 81' lang='lat' dir='ltr'><em>Mors</em></span> <span class='ocrx_word' id='word_1_599' title='bbox 2955 5173 3023 5240; x_wconf 90' lang='lat' dir='ltr'><em>in</em></span> <span class='ocrx_word' id='word_1_600' title='bbox 3053 5171 3208 5240; x_wconf 85' lang='lat' dir='ltr'><em>ollis</em></span> <span class='ocrx_word' id='word_1_601' title='bbox 3252 5173 3560 5242; x_wconf 86' lang='lat' dir='ltr'><em>carnium</em></span> <span class='ocrx_word' id='word_1_602' title='bbox 3596 5197 3612 5244; x_wconf 89' lang='lat'>:</span> <span class='ocrx_word' id='word_1_603' title='bbox 3649 5197 3836 5252; x_wconf 78' lang='lat' dir='ltr'><em>mors</em></span> 
     </span>
    </p>
   </div>
   <div class='ocr_carea' id='block_1_14' title="bbox 2280 5427 3833 5602">
    <p class='ocr_par' dir='ltr' id='par_1_17' title="bbox 2280 5427 3833 5602">
     <span class='ocr_line' id='line_1_94' title="bbox 2353 5427 3833 5510; baseline 0.007 -23"><span class='ocrx_word' id='word_1_604' title='bbox 2353 5428 2378 5466; x_wconf 79' lang='lat'><strong>³</strong></span> <span class='ocrx_word' id='word_1_605' title='bbox 2405 5427 2482 5488; x_wconf 82' lang='lat' dir='ltr'><em>lv</em></span> <span class='ocrx_word' id='word_1_606' title='bbox 2510 5430 2756 5505; x_wconf 77' lang='lat' dir='ltr'><em>Regum.</em></span> <span class='ocrx_word' id='word_1_607' title='bbox 2786 5447 2860 5496; x_wconf 78' lang='lat' dir='ltr'><em>iv.</em></span> <span class='ocrx_word' id='word_1_608' title='bbox 2886 5434 2956 5488; x_wconf 70' lang='lat'><em>40</em></span> <span class='ocrx_word' id='word_1_609' title='bbox 2986 5447 3002 5489; x_wconf 73' lang='grc' dir='ltr'>ε</span> <span class='ocrx_word' id='word_1_610' title='bbox 3034 5431 3422 5493; x_wconf 66' lang='lat' dir='ltr'><em>Clamosa-unt</em></span> <span class='ocrx_word' id='word_1_611' title='bbox 3459 5437 3722 5510; x_wconf 77' lang='lat' dir='ltr'><em>dicentes,</em></span> <span class='ocrx_word' id='word_1_612' title='bbox 3755 5438 3833 5498; x_wconf 71' lang='lat' dir='ltr'><em>cd</em></span> 
     </span>
     <span class='ocr_line' id='line_1_95' title="bbox 2280 5517 3524 5602; baseline 0.006 -26"><span class='ocrx_word' id='word_1_613' title='bbox 2280 5517 2544 5577; x_wconf 73' lang='lat' dir='ltr'><em>Eliseum</em></span> <span class='ocrx_word' id='word_1_614' title='bbox 2575 5519 2804 5577; x_wconf 77' lang='lat' dir='ltr'><em>scilicet</em></span> <span class='ocrx_word' id='word_1_615' title='bbox 2829 5535 2844 5575; x_wconf 71' lang='grc' dir='ltr'>ε</span> <span class='ocrx_word' id='word_1_616' title='bbox 2876 5523 3018 5578; x_wconf 68' lang='lat' dir='ltr'><em>Mors</em></span> <span class='ocrx_word' id='word_1_617' title='bbox 3044 5521 3100 5602; x_wconf 70' lang='grc' dir='ltr'><em>ξπ</em></span> <span class='ocrx_word' id='word_1_618' title='bbox 3128 5521 3264 5592; x_wconf 81' lang='lat' dir='ltr'><strong>otta,</strong></span> <span class='ocrx_word' id='word_1_619' title='bbox 3296 5525 3386 5580; x_wconf 61' lang='lat' dir='ltr'><em>vir</em></span> <span class='ocrx_word' id='word_1_620' title='bbox 3405 5530 3524 5584; x_wconf 73' lang='lat' dir='ltr'><em>Dei.</em></span> 
     </span>
    </p>
   </div>
  </div>
 </body>
</html>
