5008 6329
942 2599 1130 2666 Topqzii

916 2663 1172 2711 proprieta-

1990 381 2701 454 COMMENTARIUS
2751 381 2843 448 IN
2892 382 3334 454 PSALMUM
3385 383 3693 454 CXVIII.

4358 383 4477 450 311

1255 563 1493 630 tiosior
1556 570 1676 644 est,
1773 560 2104 651 sapientia
2205 555 2485 633 scilicet,
2569 552 2825 619 cunctis
2912 554 3201 633 stodias,
3260 565 3324 621 et
3387 557 3615 644 facias
3683 578 3949 622 omnem
3992 555 4210 645 leqem
4266 577 4481 645 quam

1254 668 1517 759 opibus.
1595 666 1901 756 Sapient.
1973 686 2091 742 vn,
2163 665 2244 729 9:
2330 661 2467 728 Nec
2536 679 2817 746 compa-

1253 779 1403 844 ravi
1443 776 1557 843 illi
1617 774 1925 865 lapidem
1971 771 2376 863 pretiosum.
2459 764 2568 844 Et,
2646 762 2803 845 Job‚

1251 908 1490 964 xxvm,
1531 885 1653 951 16:
1686 885 1842 952 Non
1886 881 2275 968 conseretur
2330 873 2560 940 tinctis
2591 870 2808 938 Indiae

1247 993 1614 1070 coloribuS,
1647 1014 1765 1059 nec
1801 986 2031 1080 lapidi
2066 980 2494 1071 sardonycho
2539 981 2802 1071 prelio-

1245 1103 1537 1181 sissimv,
1573 1100 1684 1167 vel
1723 1095 2076 1187 sapphiro.
2138 1089 2268 1158 Hic
2324 1098 2424 1157 est
2487 1088 2685 1178 lapis,
2719 1087 2801 1154 de

1248 1233 1409 1300 que,
1443 1207 1658 1276 Exod.
1695 1226 1932 1280 xxviii,
1964 1202 2069 1278 17,
2105 1201 2175 1266 in
2207 1198 2657 1287 descriptione
2688 1217 2801 1261 ra-

1246 1317 1557 1386 tionalis:
1595 1316 1676 1382 ln
1700 1313 1931 1404 primo
1963 1331 2158 1377 versu
2215 1308 2344 1373 erit
2404 1304 2585 1395 Iapis
2654 1326 2800 1369 sar-

1245 1426 1424 1502 dius,
1486 1432 1550 1489 ec
1606 1419 1943 1511 ίοραείηε,
2013 1426 2077 1483 et
2157 1411 2595 1501 smaraqdus.
2681 1408 2792 1486 Et,

1243 1530 1573 1598 Ezechiel.
1599 1549 1834 1605 xxvm,
1860 1526 1938 1593 13
1966 1523 2232 1593 :Omnis
2258 1521 2437 1610 lapis
2449 1518 2793 1609 pretiosus

1241 1640 1731 1727 operimentum
1807 1643 2008 1700 tuum
2039 1654 2060 1697 .·
2090 1628 2391 1705 sardius,
2450 1624 2787 1715 topazius,

1238 1756 1299 1812 et
1336 1744 1594 1836 jaspis,
1656 1742 1764 1820 131,
1816 1736 2103 1830 Apocal.
2172 1758 2311 1814 xxi,
2372 1733 2485 1816 20,
2547 1731 2790 1799 dieitur

1236 1876 1456 1930 nonus
1524 1851 1591 1918 in
1649 1847 2096 1916 fundamento
2160 1841 2451 1911 civitatis
2499 1862 2694 1907 novae
2737 1841 2781 1905 ¹.

1237 1959 1364 2027 llic
1429 1965 1656 2025 autem
1723 1955 1922 2045 lapis,
1956 1954 2055 2021 sic
2090 1958 2374 2019 vocatur
2409 1970 2448 2016 a
2488 1945 2783 2038 quadam

1237 2065 1456 2133 insula
1493 2066 1588 2132 sic
1625 2064 1827 2142 dieta,
1882 2062 1951 2128 in
1984 2082 2117 2152 qua
2173 2057 2558 2125 invenitur:
2606 2052 2784 2121 unde

1234 2174 1485 2241 Poeta:

1305 2385 1572 2442 Nominis
1602 2383 1873 2457 eJusdem
1914 2380 2180 2454 topazion
2214 2377 2410 2434 insula
2439 2375 2646 2450 gignit.

1233 2598 1547 2666 Etliubet
1601 2599 1885 2664 virtutes
1950 2591 2317 2663 mirabiles,
2373 2588 2785 2658 llaeniorroi-

1231 2708 1349 2775 das
1379 2716 1597 2786 sanat,
1631 2715 1696 2774 et
1734 2705 1896 2772 luna
1965 2710 2248 2781 mutata,
2318 2707 2645 2781 mutatur,
2714 2706 2781 2765 et

1227 2815 1444 2884 undas
1504 2815 1734 2897 maris,
1787 2814 1962 2881 sicut
2028 2810 2283 2891 dieunt,
2351 2808 2770 2899 compescit:

1224 2920 1404 2989 unde
1435 2921 1673 3001 Poeta,

1291 3189 1500 3245 Fertur
1529 3183 1930 3242 hemorroidis
1961 3183 2118 3239 idem
2152 3181 2303 3254 lapis
2328 3178 2603 3238 auxiliari
2637 3194 2651 3233 :

1285 3276 1572 3350 Quodque
1592 3275 1777 3346 magis
1797 3270 2253 3339 miruni‚lunam
2268 3271 2491 3328 sentire
2504 3268 2766 3324 videtur:

1288 3367 1602 3423 Fervente-s
1627 3364 1805 3421 etiam
1839 3379 2222 3436 compescere
2252 3361 2474 3417 dicitur
2502 3357 2715 3416 undas.

1305 3699 1336 3736 ιι
1383 3673 1754 3761 Propterea
1810 3668 1909 3735 ad
1942 3669 2202 3737 omnia.
2240 3694 2274 3730 n
2334 3666 2464 3733 llic
2518 3688 2766 3733 secun-

1211 3779 1402 3862 dum,
1445 3780 1514 3847 in
1546 3802 1682 3869 quo
1715 3785 2048 3846 monstrat
2081 3777 2512 3845 dilectionem
2566 3799 2760 3843 suam

1211 3890 1277 3956 in
1309 3887 1576 3955 effectu.
1624 3886 1706 3955 Et
1737 3888 1986 3976 primo,
2019 3895 2350 3977 quantum
2384 3885 2466 3952 ad
2499 3886 2758 3953 exitum

1209 3994 1279 4062 in
1311 3993 1773 4084 operationem
1815 3990 2094 4058 bonam.
2139 3989 2483 4066 Secundo,
2538 4013 2762 4080 quan-

1207 4111 1349 4171 tum
1416 4100 1498 4169 ad
1559 4100 1719 4168 mali
1776 4098 2165 4190 generalem
2205 4099 2753 4180 detestationem,

1205 4211 1322 4292 ibi,
1368 4239 1402 4275 α
1440 4210 1721 4278 Omnem
1754 4209 1964 4277 viam.
2002 4233 2037 4276 ι

1293 4318 1468 4387 Dicit
1498 4341 1660 4408 ergo
1686 4339 1701 4384 :
1732 4315 1848 4385 Sic
1886 4316 2089 4385 dilexi
2131 4339 2337 4409 super
2373 4339 2616 4385 omnes
2645 4316 2754 4384 di-

1199 4428 1423 4506 vitiaS‚
1460 4423 1777 4494 mandata
1808 4434 1926 4492 tua
1991 4425 2059 4493 in
2116 4424 2385 4510 affectu,
2418 4431 2485 4493 et
2542 4427 2748 4494 etiam

1199 4561 1233 4600 α
1267 4544 1656 4627 propterea,
1693 4560 1727 4600 ι
1762 4534 1925 4625 quia
1954 4540 2216 4601 tantum
2264 4533 2468 4603 dilexi
2514 4534 2742 4617 corde,

1196 4668 1232 4709 ι
1265 4641 1643 4721 adomnia,
1691 4667 1725 4707 ι
1759 4664 1900 4710 non
1947 4640 2032 4709 ad
2089 4640 2397 4733 quaedam
2446 4650 2739 4725 tantum,

1190 4750 1373 4843 quod
1440 4749 1628 4819 nullo
1684 4749 1893 4819 modo
1966 4756 2233 4840 poterat
2312 4757 2511 4817 vetus
2602 4749 2738 4830 lex,

1191 4885 1224 4926 ι
1259 4857 1593 4927 mandata
1621 4867 1745 4926 tua
1773 4855 2149 4948 diriqebar,
2186 4884 2220 4924 ι
2263 4855 2377 4925 illa
2409 4865 2590 4925 reeta
2640 4858 2740 4926 in·

1153 4967 1489 5036 ‘tentione
1525 4963 1862 5044 faciendo,
1915 4963 2096 5056 quod
2161 4965 2470 5057 sequitur
2498 4988 2585 5033 ex
2638 4965 2738 5034 di-

1186 5074 1496 5143 lectione.
1542 5070 1800 5141 Cantic.
1845 5095 1893 5151 ι,
1935 5074 2020 5142 3:
2070 5074 2262 5142 Recta*
2305 5072 2616 5165 diliqzmt
2643 5083 2731 5142 te.

1183 5180 1510 5250 l‘roverb.
1545 5204 1638 5260 iv,
1689 5179 1820 5248 26:
1869 5180 2116 5269 Diriqe
2175 5181 2491 5248 semitam
2529 5180 2734 5272 pecli-

1182 5290 1307 5359 bas
1343 5293 1507 5375 tuis,
1539 5301 1605 5361 el
1631 5312 1863 5359 ornnes
1891 5289 2017 5358 via·
2071 5299 2207 5359 tuce
2257 5290 2726 5361 stabilit-mur.

1175 5400 1410 5478 Josue.
1452 5423 1499 5480 ι,
1532 5401 1614 5469 7:
1650 5402 1821 5467 Esto
1851 5395 2173 5466 robustus
2224 5399 2449 5488 valde,
2485 5408 2562 5469 ut
2616 5425 2732 5471 cu·

1246 5652 1266 5689 ⁸
1297 5651 1479 5723 Apoe.
1505 5665 1624 5714 xxi.
1661 5652 1724 5706 ¹9
1764 5657 1826 5707 et
1852 5652 1961 5706 20:
1992 5651 2059 5708 Ee
2083 5650 2450 5723 {tmdamenta
2470 5653 2623 5711 muri
2639 5657 2720 5712 ci·

1175 5740 1360 5800 vitatis
1389 5737 1544 5795 omni
1570 5737 1759 5811 lapide
1804 5740 2052 5811 pretioso
2106 5746 2323 5799 emata.
2369 5741 2720 5801 Fundamen-

2909 663 3235 751 praecepit
3305 660 3435 729 tibi
3501 665 3795 752 Moyses,
3863 661 4101 730 Jacob.
4175 686 4245 746 ιι,
4332 664 4412 731 10
4458 686 4474 730 :

2921 768 3350 860 Quicumque
3380 781 3593 837 totam
3621 771 3836 859 leqem
3857 771 4249 850 servaverit,
4272 773 4478 861 offen·

2914 872 3038 938 dat
3068 884 3299 943 autem
3349 878 3420 943 in
3500 900 3658 956 uno,
3718 877 3951 966 sactus
4009 884 4104 943 est
4160 877 4471 944 omnium

2909 1001 3089 1049 reus.

2996 1087 3105 1156 Ad
3157 1092 3391 1157 omnia
3446 1113 3608 1181 ergo
3652 1089 3959 1158 facienda
4000 1089 4368 1180 dirigebar,
4403 1098 4471 1159 et

2909 1218 2943 1259 α
2969 1194 3125 1263 odio
3146 1197 3365 1265 habui
3383 1221 3651 1265 omnem
3679 1200 3865 1267 viam
3897 1200 4287 1289 iniquam.»
4327 1198 4468 1266 Su-

2903 1324 3048 1390 pra,
3093 1302 3163 1369 in
3203 1304 3469 1383 eodem,
3512 1313 3577 1381 ς’.
3628 1307 3793 1375 1¹3:
3831 1308 4114 1396 lniquos
4157 1306 4315 1372 odio
4344 1306 4466 1373 ka-

2891 1406 3047 1487 bui,
3081 1408 3171 1478 Et
3206 1411 3404 1491 infra,
3438 1420 3501 1487 31.
3564 1414 3732 1480 163;
3788 1414 4238 1503 Iniquitalem
4305 1412 4462 1480 odio

2900 1515 3139 1602 habui,
3185 1528 3248 1585 el
3288 1519 3730 1588 abominatus
3757 1544 3936 1588 sum.
3973 1520 4129 1588 Non
4179 1543 4332 1587 sum
4382 1520 4464 1589 de

2898 1620 3032 1688 illis
3095 1625 3211 1713 qui
3261 1625 3546 1692 credunt
3578 1647 3650 1693 se
3688 1625 3892 1692 simul
3924 1625 4183 1692 malum
4232 1634 4300 1693 et
4343 1626 4464 1694 bo-

2895 1750 3062 1795 num
3096 1753 3295 1820 posse
3333 1732 3642 1823 diligere,
3679 1755 3763 1801 ex
3795 1741 4081 1824 utraque
4112 1742 4302 1823 parte
4348 1735 4461 1800 in-

2891 1834 3146 1919 clinati,
3201 1838 3452 1929 quibus
3528 1840 3796 1918 dicitur,
3859 1840 3954 1906 111
4019 1841 4188 1931 neg.
4258 1863 4449 1921 xvm,

2890 1944 3015 2009 21:
3069 1946 3429 2036 Usquequo
3470 1947 3881 2014 claudicatis
3914 1950 3985 2014 ἰη
4051 1947 4228 2015 duas
4286 1971 4453 2039 par-

2890 2060 2987 2117 tes
3010 2050 3178 2120 PAd
3202 2052 3495 2125 Roman.
3530 2078 3652 2138 xli,
3686 2059 3768 2125 9:
3810 2058 4129 2127 odientes
4147 2056 4445 2141 malum,

2888 2158 3309 2228 adhaerentes
3341 2161 3535 2231 bono.

2978 2368 3191 2441 Vides
3247 2397 3413 2465 ergo
3481 2377 3830 2465 quomodo
3889 2380 4085 2469 petiit
4139 2378 4448 2469 adjuvari

2889 2489 3129 2548 contra
3166 2485 3525 2551 veritatem
3568 2484 3895 2553 doctrinae
3936 2487 4447 2579 impugnante8‚

2892 2586 3245 2677 quomodo
3282 2590 3623 2682 pra-elegit
3664 2593 3985 2659 omnibus
4033 2593 4287 2661 divitiis
4332 2615 4445 2662 co·

2884 2695 3267 2786 gnitionem
3302 2695 3497 2788 legiS‚
3532 2706 3598 2765 et
3630 2698 3788 2766 odio
3846 2698 4109 2767 habens
4155 2700 4441 2782 malum,

2883 2802 2969 2869 ad
3000 2800 3260 2870 bonum
3310 2811 3530 2871 totum
3577 2828 3696 2872 cor
3721 2805 3995 2897 dirigit:
4059 2807 4239 2875 unde
4269 2807 4441 2876 bene

2878 2923 3298 3014 praeponitur
3316 2923 3538 2993 littera
3570 2924 3902 2995 liebraica
3923 2950 4035 2995 Am
4056 2916 4228 3014 (Β),
4252 2927 4440 3020 quod

2881 3029 3367 3121 interpretatur
3436 3033 3703 3111 oculus,
3790 3034 3898 3103 vel
3978 3038 4164 3126 sons.
4226 3033 4437 3116 Quasi

2880 3136 3178 3207 diceret:
3220 3139 3349 3210 llic
3407 3142 3520 3233 qui
3562 3141 3674 3211 hic
3713 3142 4041 3235 loquitur,
4090 3142 4254 3235 quid
4310 3166 4436 3212 ne-

2876 3246 3249 3314 cessarium
3288 3248 3377 3316 sit
3449 3261 3513 3316 et
3553 3249 3840 3329 honuni,
3911 3259 3977 3320 et
4024 3253 4204 3320 inter
4253 3250 4436 3321 bona

2876 3351 3108 3432 etiam,
3143 3352 3307 3445 quid
3339 3355 3609 3435 melius»,
3645 3355 3882 3425 fontali
3949 3357 4151 3426 oculo
4219 3359 4437 3426 iutue-

2874 3467 3007 3528 tur.

3478 3891 3631 3961 Pan
3686 3895 3813 3992 (D)

2870 4341 3027 4414 ¹²9·
3121 4319 3486 4392 Mirabilia
3553 4320 3973 4392 testimonia
4019 4336 4169 4403 tua,
4256 4324 4421 4396 ideo

3128 4442 3445 4497 scrutata
3475 4443 3585 4498 est
3626 4448 3708 4496 ea
3747 4427 3993 4500 anima
4023 4449 4213 4500 mea.

2865 4535 3020 4605 130.
3052 4533 3459 4606 Declaratio
3481 4557 3908 4608 sermonum
3929 4556 4226 4610 tuorum
4256 4537 4421 4612 illu-

3117 4640 3392 4724 minat,
3417 4659 3488 4715 et
3511 4642 3957 4718 intellectum
3997 4645 4121 4717 dat
4144 4667 4416 4739 parvu-
4526 4742 4531 4745 .

3110 4747 3227 4821 lis.

2854 4857 3012 4929 131.
3056 4854 3167 4930 Os
3196 4878 3445 4930 meum
3475 4856 3753 4953 aperui,
3795 4873 3867 4930 et
3894 4857 4150 4931 attraxi
4192 4859 4408 4955 spiri·

3112 4982 3297 5044 tum,
3370 4964 3540 5059 quia
3587 4965 3930 5038 mandata
3952 4982 4076 5037 tua
4114 4966 4405 5042 deside·

3112 5071 3388 5143 rabam.

2852 5180 3009 5251 132.
3062 5178 3381 5275 Adspice
3426 5181 3502 5252 in
3533 5203 3676 5270 me,
3718 5198 3789 5252 et
3837 5180 4179 5254 miserere
4225 5185 4395 5267 mei,

3108 5291 3511 5362 secundum
3544 5289 3895 5382 judicium
3929 5290 4395 5386 diligentium

3107 5419 3403 5470 nomem
3444 5416 3681 5470 tuum.

2827 5664 3010 5716 tum...
3036 5673 3268 5730 nonum,
3300 5661 3571 5733 topazius.
