5008 6329
1598 317 1681 382 D.
1740 317 1932 382 ALB.
1988 316 2204 383 MAG.
2259 316 2464 384 om).
2520 318 2809 385 PRAED.

589 325 675 393 58

591 491 751 560 oris,
791 488 1416 579 Secundo,operis:
1453 484 1598 553 haec
1637 484 1819 553 enim
1861 484 1995 553 duo
2037 508 2147 554 ex-

590 603 801 670 terius
832 610 1015 681 sunt,
1052 601 1170 679 ibi,
1204 607 1269 675 ὴ.
1315 599 1354 662 2
1392 619 1407 663 z
1458 621 1491 660 α
1536 598 1630 663 Et
1654 596 1944 686 psallite
1971 597 2055 663 ei.
2104 621 2138 662 »

2264 508 2468 578 quam
2513 488 2692 556 enim
2749 489 3015 556 monuit
3052 489 3353 566 laudare,
3406 492 3516 560 hic
3573 508 3808 565 monet

2260 593 2539 664 laudare
2587 619 2830 688 opere:
2901 596 3033 666 hoc
3072 599 3254 667 enim
3323 607 3424 667 est
3490 602 3798 691 psallere.

2262 705 2510 797 Supra,
2551 708 2731 776 Psal.
2774 732 2978 788 xcvu,
3022 712 3062 778 5
3095 732 3109 776 ε
3163 711 3465 781 Psallite
3493 716 3557 781 ei
3601 715 3674 782 in
3704 715 3804 783 ci-

684 708 760 776 ln
817 709 1037 798 prima
1104 711 1400 794 quatuor
1437 703 1810 770 secundum
1854 713 2148 794 quatuor

592 840 744 909 quae
775 838 897 905 per
924 812 1233 880 ordinem
1265 832 1337 878 se
1367 818 1769 901 sequuntur.
1803 811 2140 895 Primum,

589 923 894 993 nominis
951 920 1095 1008 ejus
1152 918 1515 1001 confessio,
1555 927 1633 986 ut
1677 941 1818 987 non
1860 919 2143 986 sileatur

589 1040 897 1118 tempore
928 1025 1179 1095 debito.
1229 1025 1573 1106 Secundo,
1610 1027 1897 1094 confessi
1937 1027 2143 1093 invo-

590 1137 768 1206 catio
810 1136 878 1202 in
919 1135 1228 1203 oratione
1257 1135 1549 1225 privata,
1595 1133 1714 1211 ibi,
1754 1158 1785 1197 α
1820 1136 1918 1200 Et
1949 1135 2144 1199 invo-

588 1254 755 1311 cate.
796 1270 830 1306 »
863 1241 1118 1320 Tertio,
1152 1240 1440 1309 confessi
1473 1246 1541 1306 et
1577 1239 1872 1305 invocati
1901 1238 2143 1329 praedi-

590 1351 766 1419 catio
791 1348 967 1430 aliis,
1032 1350 1150 1433 ibi,
1218 1372 1250 1413 a
1291 1341 1742 1415 Annuntiate.
1777 1372 1807 1407 n
1852 1344 2136 1424 Quarto,

587 1461 659 1526 in
688 1455 1026 1540 confesso,
1081 1456 1425 1536 invocato,
1471 1453 1865 1545 praedicato,
1926 1451 2140 1520 dulcis

588 1567 997 1647 modulatio,
1032 1566 1151 1646 ibi,
1185 1572 1249 1643 ᾗ.
1294 1568 1378 1634 2;
1427 1593 1457 1629 α
1499 1567 1791 1635 Cantate
1811 1566 1895 1633 ei.
1933 1590 1966 1629 n

688 1894 861 1961 Dicit
893 1912 1099 1982 ergo:
1175 1919 1208 1953 «
1246 1889 1704 1979 Confitemini,
1751 1915 1783 1953 »
1852 1911 1977 1956 vos
2016 1886 2135 1954 filii

244 2014 406 2059 Pflm·
450 2029 565 2076 rm
593 2002 891 2072 Abrahae
921 2002 1090 2080 veri,
1127 2028 1159 2062 α
1183 2001 1510 2078 Domino,
1548 2024 1583 2064 ι
1625 1998 1691 2066 id
1732 2006 1857 2082 est,
1891 1998 1978 2066 ad
2005 1996 2137 2065 ho-

309 2068 509 2123 Psalmi.

589 2133 830 2180 norem
861 2107 1167 2185 Domini,
1201 2129 1339 2174 non
1379 2105 1674 2173 celantes
1729 2106 1874 2194 ejus
1937 2113 2137 2195 pote-

583 2231 858 2299 statem,
901 2226 970 2289 et
1005 2217 1356 2287 virtutem.
1400 2215 1505 2283 Ad
1554 2214 1848 2282 Roman.
1897 2239 1963 2291 x,
1993 2216 2072 2283 10
2107 2238 2124 2282 :

582 2328 803 2400 Corde
832 2326 1137 2395 creditur
1182 2323 1690 2413 adjustitiam,
1734 2345 1847 2391 ore
1903 2332 2132 2390 autem

575 2439 939 2532 consessio,
970 2445 1100 2506 etc.

670 2574 704 2615 ι
742 2550 840 2616 Et
870 2547 1177 2614 invocate
1210 2565 1454 2611 nomen
1482 2540 1665 2632 ejus,
1704 2566 1736 2606 ιι
1782 2541 1849 2608 in
1885 2540 2132 2609 vestris

576 2651 1006 2724 orationibus
1045 2672 1308 2733 secure,
1342 2657 1709 2738 postquam
1744 2646 1910 2716 illud
1960 2670 2131 2715 con-

573 2767 731 2836 fessi
772 2764 1062 2833 fueritiS.
1116 2760 1251 2829 Isa.
1293 2783 1403 2839 ιν,
1437 2760 1477 2827 6
1512 2780 1527 2826 :
1579 2759 1900 2826 luvocata
1944 2780 2126 2839 eum,

568 2877 828 2948 scilicet
856 2856 1262 2950 Dominum,
1296 2871 1466 2939 dum
1492 2893 1717 2963 prope
1743 2880 1865 2938 est.
1901 2868 2128 2962 Prope

567 2991 752 3062 enim
821 2996 947 3066 est,
1025 2984 1292 3077 supple,
1375 2980 1754 3054 confitenti.
1840 2980 2132 3073 Propter

568 3096 759 3191 quod
806 3093 1056 3164 dicitur
1099 3089 1291 3177 alibi,
1332 3090 1401 3158 in
1440 3087 1748 3173 Psalmo,
1793 3109 1961 3171 xvn,
2022 3088 2062 3155 4
2107 3110 2122 3155 ε

567 3207 903 3279 Laudans
968 3202 1291 3273 invocabo
1353 3203 1758 3271 Dominum.
1802 3198 1934 3269 lsa.
2004 3223 2124 3279 χιι,

568 3318 653 3385 4:
703 3312 1144 3403 Confitemini
1167 3303 1497 3389 Domino,
1540 3319 1605 3377 et
1651 3309 1958 3377 invocate
2010 3331 2131 3376 no-

570 3447 724 3492 men
755 3421 938 3511 ejus.

670 3559 703 3594 ι
736 3527 1196 3600 Annuntiate.
1233 3551 1268 3588 n
1326 3522 1500 3593 Ecce
1541 3522 1848 3591 tertium.
1910 3521 2123 3603 Quasi

568 3637 875 3707 diceret:
921 3631 1039 3702 Sic
1071 3629 1501 3712 annuntiate,
1536 3629 1633 3699 sic
1657 3629 2016 3707 invocetis,
2060 3637 2127 3696 et

570 3756 732 3841 post
790 3772 823 3811 ι
869 3744 1282 3814 annuntiate
1335 3763 1544 3835 opera
1574 3738 1755 3830 ejus,
1792 3765 1827 3806 u
1877 3738 2129 3831 proedi-

567 3854 817 3935 cando,
859 3852 1013 3923 aliis
1048 3848 1489 3945 publicando,
1533 3874 1569 3916 ι
1604 3852 1783 3918 inter
1803 3859 2058 3940 qentes.
2089 3877 2123 3913 ι

576 3961 708 4031 lsa.
751 3982 875 4042 ιιι,
909 3959 989 4028 5:
1053 3957 1483 4028 Annuntiate
1506 3955 1634 4024 ltoc
1697 3953 1768 4022 in
1808 3955 2127 4024 universa

572 4083 785 4141 terra.
817 4066 975 4136 Act.
1017 4087 1112 4146 xi,
1142 4064 1230 4133 20
1262 4086 1278 4133 2
1311 4062 1801 4157 Loquebantur
1818 4061 1923 4131 ad
1945 4063 2128 4133 Grae-

570 4203 709 4263 eos,
743 4175 1237 4247 annuntiantes
1261 4173 1642 4242 Dominum
1667 4173 1929 4241 lesum.
1951 4168 2122 4240 Tob.

573 4311 725 4371 xm,
767 4287 852 4356 3:
883 4283 1328 4375 confitemini
1352 4285 1680 4366 Domino,
1716 4281 1863 4374 filii
1879 4281 2124 4366 Israel,

577 4406 642 4464 et
675 4396 748 4463 in
776 4401 1137 4484 conspeetu
1158 4390 1472 4480 ,aetatium
1503 4389 1791 4459 laudate
1825 4410 2007 4459 eum.

660 4735 695 4777 ι
733 4709 1024 4779 Cantate
1049 4705 1136 4774 ei.
1183 4728 1218 4769 ι
1245 4701 1375 4772 nie
1403 4710 1749 4795 quartum.
1783 4698 1992 4782 Quasi
2023 4699 2124 4769 di·

569 4822 756 4887 ceret
796 4835 813 4880 ε
850 4810 968 4881 Sic
1004 4809 1450 4890 confitemini,
1493 4810 1832 4893 invocate,
1864 4816 1929 4876 et
1960 4830 2128 4900 ιιι-ω-

572 4923 796 4992 dicate
824 4940 842 4988 ε
885 4927 956 4988 et
989 4919 1196 4988 etiam
1228 4942 1263 4984 ι
1285 4926 1580 4998 cantate,
1612 4942 1647 4983 ι
1679 4939 1838 4985 cum
1876 4914 2129 4985 modu-

572 5029 831 5098 latione
857 5027 1073 5111 vocis,
1129 5024 1402 5094 laudate
1453 5032 1708 5115 aperte.
1763 5022 2011 5115 Supra,
2054 5024 2124 5094 in

575 5133 761 5205 Psal.
797 5155 955 5217 xcv,
987 5133 1029 5201 2
1063 5152 1081 5203 t
1118 5133 1408 5203 Cantate
1450 5133 1780 5210 Domino.
1822 5140 1887 5201 et
1925 5130 2126 5202 bene-

568 5241 779 5312 dicite
804 5237 1076 5307 nomini
1101 5235 1282 5327 ejus.
1325 5235 1410 5305 Et
1448 5235 1637 5318 alibi,
1688 5235 1871 5305 Psal.
1913 5259 2120 5319 xcvn,

570 5355 601 5422 1
632 5372 651 5423 ε
691 5351 988 5422 Cantate
1023 5348 1323 5418 Domino
1351 5349 1696 5418 canticum
1726 5370 2002 5417 novum.

650 5697 686 5739 ι
719 5668 819 5741 Et
831 5661 1124 5762 psallite
1150 5664 1236 5733 ei.
1267 5689 1302 5730 ι
1337 5662 1465 5733 Hic
1494 5663 1894 5734 secundum.
1928 5664 2126 5736 Post-

2260 813 2486 891 thara,
2534 815 2603 880 in
2633 816 2899 882 cithara
2926 827 2990 882 et
3016 840 3171 884 voce
3187 820 3481 908 psalmi.

2347 1055 2380 1086 «
2451 1029 2748 1097 Narrate
2784 1032 3042 1101 omnia.
3091 1059 3124 1098 n
3188 1034 3316 1103 Hic
3392 1039 3792 1107 secundum.

2255 1131 2630 1225 Postquam
2670 1137 2851 1204 enim
2883 1142 3153 1208 monuit
3200 1142 3283 1210 ad
3337 1142 3611 1212 laudem
3668 1149 3794 1216 Dei

2255 1260 2373 1306 ore
2413 1248 2479 1307 et
2507 1263 2733 1331 opere,
2777 1241 2886 1311 hic
2914 1245 3265 1337 subjungit
3306 1249 3587 1317 modum
3656 1274 3792 1343 quo
3823 1283 4148 1387 mqboeqw-

3954 1353 3969 1385 Ι
4047 1354 4143 1390 um.

2252 1345 2631 1415 laudandus
2661 1356 2784 1431 est,
2853 1353 3013 1440 quia
3044 1353 3211 1421 nihil
3252 1355 3336 1424 de
3364 1358 3793 1427 mirabilibus

2250 1457 2396 1545 ejus
2433 1458 2792 1526 tacendum
2831 1470 2953 1529 est.

2338 1561 2456 1631 Ait
2492 1563 2722 1631 enim:
2767 1564 2882 1634 Sic
2920 1570 3158 1636 monui
3218 1579 3297 1640 ut
3351 1572 3667 1654 laudetis,
3728 1586 3795 1645 et

2250 1670 2455 1736 etiam
2497 1693 2769 1753 mone0,
2816 1698 2848 1738 α
2892 1676 3192 1744 Narrate
3221 1681 3458 1747 omnia
3495 1682 3795 1750 mirabi-

2254 1775 2353 1842 lia
2383 1775 2558 1865 ejus.
2604 1804 2638 1841 n
2678 1779 2844 1848 Tob.
2889 1805 3009 1863 xu,
3050 1785 3135 1853 20
3167 1808 3181 1851 :
3246 1787 3394 1867 VoS,
3428 1788 3796 1859 benedicite

2253 1888 2496 1971 Deum,
2539 1899 2604 1956 et
2628 1901 2907 1960 narrate
2935 1896 3169 1962 omnia
3216 1897 3577 1967 mirabilia
3606 1900 3787 1991 ejus.

2247 1989 2429 2060 Psal.
2465 2016 2560 2074 11,
2594 1996 2674 2062 2:
2742 1998 3062 2067 Narrabo
3136 2006 3372 2072 omnia
3426 2005 3790 2075 mirabilia

2244 2113 2391 2174 tua.

2336 2210 2472 2280 Sed
2502 2222 2736 2283 contra
2769 2239 2784 2283 ε
2853 2216 3101 2288 Nonne
3156 2230 3258 2290 est
3293 2221 3427 2290 hoc
3465 2224 3790 2317 impossi-

2241 2316 2403 2397 bile,
2437 2320 2670 2388 omnia
2699 2323 3035 2393 mirabilia
3064 2325 3191 2394 Dei
3221 2331 3552 2397 narrare?
3612 2330 3789 2399 Con-

2242 2430 2374 2491 stat
2414 2426 2599 2516 quod
2660 2428 2780 2496 sic.
2844 2428 3050 2510 Infra,
3106 2431 3286 2500 Psal.
3323 2457 3431 2511 cv,
3467 2436 3507 2501 2
3554 2457 3570 2504 ε
3616 2438 3788 2520 Quis

2244 2532 2564 2625 loquetur
2589 2541 2932 2628 potentias
2957 2541 3250 2609 Domini
3282 2541 3324 2609 ?
3360 2541 3576 2623 Quasi
3608 2543 3785 2614 dice·

2240 2653 2342 2714 ret
2384 2668 2401 2718 :
2436 2648 2703 2720 NulluS.
2737 2651 3225 2723 Cassiodorus:
3271 2683 3304 2721 «
3347 2658 3500 2726 Non
3531 2667 3634 2727 est
3663 2658 3786 2727 hu·

2254 2783 2285 2821 α
2314 2778 2670 2827 manarum
2706 2762 2955 2831 virium
2998 2787 3311 2834 enarrare
3352 2769 3589 2835 omnia
3629 2791 3781 2860 quae

2243 2888 2277 2929 e
2309 2865 2528 2934 virtus
2575 2866 2945 2938 divinitatis
2993 2880 3341 2963 operatur.
3384 2899 3417 2938 n
3471 2872 3788 2966 Respon-

2238 2970 2391 3039 deo.
2436 2970 2683 3041 Omnia
2719 2984 3011 3061 narrate,
3047 2978 3115 3046 id
3152 2987 3278 3059 est,
3312 2978 3482 3047 nihil
3513 2982 3787 3074 suppri-

2236 3079 2402 3147 mite
2451 3080 2693 3151 timore
2738 3081 3126 3166 hominum,
3190 3085 3435 3155 Mauh.
3496 3111 3564 3167 x,
3626 3090 3712 3157 28
3766 3113 3782 3157 t

2233 3185 2470 3255 Nolite
2511 3190 2746 3258 timere
2798 3214 2907 3259 eos
2970 3194 3094 3284 qui
3130 3193 3448 3262 occidunt
3512 3218 3782 3289 corpus,

2236 3305 2365 3368 etc.
2397 3297 2526 3368 vel
2555 3302 2836 3393 pudore,
2880 3302 2984 3372 Ad
3025 3303 3315 3373 Roman.
3361 3330 3408 3389 1,
3457 3308 3538 3375 16
3573 3327 3589 3376 τ
3633 3309 3786 3377 Non

2234 3406 2416 3474 enim
2443 3408 2753 3478 erubeseo
2781 3411 3249 3502 Evanquium
3281 3436 3305 3481 .·
3351 3414 3574 3482 virtus
3603 3415 3782 3482 enim

2233 3515 2367 3584 Dei
2393 3523 2514 3584 est.
3466 3535 3481 3547 ·

2328 3862 2364 3904 ι
2393 3836 2819 3908 Laudamini
2890 3840 2962 3908 in
3017 3844 3317 3913 nomine.
3353 3871 3388 3912 ι
3447 3845 3578 3917 llic
3643 3858 3780 3919 ter·

2233 3941 2432 4024 tium,
2464 3943 2536 4012 in
2564 3967 2702 4036 quo
2730 3946 3055 4038 supponit
3083 3946 3304 4019 laudis
3332 3952 3540 4022 tinem
3574 3977 3590 4023 :
3625 3955 3779 4025 linis

2232 4051 2418 4120 enim
2457 4048 2675 4120 laudis
2711 4050 2959 4122 divinae
2997 4054 3196 4125 debet
3224 4078 3400 4140 esse,
3442 4069 3516 4129 ut
3566 4060 3778 4133 homo

2233 4159 2349 4251 qui
2388 4157 2645 4239 laudat,
2676 4160 2745 4228 in
2786 4161 2930 4231 Deo
2986 4161 3324 4250 laudetur,
3377 4170 3618 4239 nonin
3655 4194 3774 4242 se:

2231 4268 2340 4338 vel
2371 4269 2440 4338 in
2471 4271 2747 4339 nomine
2775 4269 3081 4356 Domini,
3116 4296 3255 4344 non
3297 4275 3368 4344 in
3397 4298 3549 4346 suo.

2322 4376 2438 4445 Ait
2462 4398 2627 4468 ergo
2659 4399 2676 4444 ε
2722 4375 2839 4448 Sic
2875 4377 3173 4464 laudate,
3222 4392 3292 4451 et
3327 4384 3428 4453 sic
3459 4409 3493 4450 e
3531 4385 3778 4456 lauda·

2233 4482 2455 4552 mini:
2496 4507 2532 4548 ι
2565 4505 2702 4553 non
2733 4484 2800 4553 in
2827 4496 3060 4556 vestro
3098 4489 3409 4574 nomine,
3441 4492 3563 4561 sed
3632 4522 3666 4557 ιι
3702 4495 3772 4563 in

2228 4593 2504 4662 nomine
2527 4603 2760 4665 saneto
2777 4596 2956 4686 ejus.
2986 4623 3020 4661 ι
3041 4597 3513 4691 Augustinus:
3559 4629 3590 4667 α
3620 4602 3776 4674 Non

2233 4732 2267 4770 α
2309 4703 2473 4775 velit
2512 4707 2868 4801 quisquam
2925 4707 3009 4778 de
3071 4707 3257 4780 bono
3297 4734 3530 4805 opere,
3591 4722 3777 4785 tam-

2232 4840 2267 4877 «
2301 4835 2508 4905 quam
2549 4815 2618 4883 in
2679 4836 2801 4883 sua
2872 4814 3122 4887 virtute
3180 4816 3470 4890 laudari.
3510 4851 3542 4884 a
3588 4822 3769 4892 Psal.

2231 4943 2471 5004 χχχιιι,
2496 4922 2538 4991 3
2565 4942 2581 4988 :
2617 4922 2700 4991 In
2725 4923 3049 5004 Domino,
3076 4947 3216 4995 non
3246 4926 3317 4995 in
3346 4929 3597 5020 seipsa,
3625 4930 3776 4999 lau-

2231 5027 2517 5098 dabitur
2560 5030 2796 5100 anima
2832 5053 3009 5101 mea.

2321 5268 2355 5309 e
2395 5245 2691 5313 Laetetur
2734 5268 2872 5316 eor.
2907 5271 2944 5309 n
3018 5245 3150 5315 nic
3217 5247 3622 5333 secundum,
3703 5254 3771 5324 in

2228 5375 2365 5444 quo
2404 5357 2764 5446 postquam
2793 5355 3066 5425 monuit
3083 5351 3171 5424 ad
3198 5357 3609 5429 exteriorem
3643 5358 3770 5433 Dei

2227 5456 2527 5542 laudem,
2575 5469 2810 5531 monet
2849 5459 2938 5530 ad
2987 5461 3408 5537 interiorem.
3481 5465 3773 5538 Interius

2227 5577 2456 5640 autem
2504 5569 2725 5640 Deum
2759 5568 3017 5656 laudat,
3050 5571 3168 5665 qui
3213 5571 3442 5665 ipsum
3499 5576 3771 5648 deside·

2228 5685 2354 5760 rat,
2405 5685 2475 5747 et
2500 5675 2735 5747 recolit
2780 5677 2927 5769 ejus
2985 5677 3340 5764 beneficia,
3373 5689 3440 5753 et
3484 5680 3571 5752 ad
3624 5706 3767 5756 me·
