5008 6329
1050 1067 1749 1393 INDEX
1856 1060 1962 1385 O
2871 1054 4268 1380 PSALMORUM

1620 1646 2095 1744 ORDINE
2165 1642 2813 1738 NUMERICO
2886 1641 3725 1740 DIGESTORUM.
3829 1648 3837 1665 “

3992 2399 4174 2444 Tomua
4202 2397 4289 2443 XV

1212 2601 1367 2657 Pan.
1712 2595 1751 2650 1.
1797 2593 2000 2651 Beatus
2029 2592 2136 2662 vir,
2169 2591 2264 2665 qui
2298 2607 2416 2649 non
2446 2590 2589 2649 abiit
2617 2592 2677 2649 iu
2709 2590 2956 2650 consilio
2989 2591 3326 2665 impiorum,
3358 2601 3413 2652 et
3444 2593 3504 2650 in
3537 2592 3626 2649 via
3657 2606 3857 2663 peeca-

1897 2693 2080 2741 torum
2113 2698 2232 2739 non
2262 2682 2445 2750 stetit,
2475 2690 2532 2739 et
2561 2683 2621 2740 in
2649 2681 2924 2739 cathedra
2954 2681 3296 2754 pestilentiae
3327 2700 3442 2740 non
3477 2682 3650 2740 sedit.
4259 2681 4294 2732 7

1673 2774 1749 2832 11.
1791 2776 1977 2840 Quare
2004 2773 2362 2830 fremuerunt
2389 2780 2612 2844 gentes,
2641 2778 2697 2829 et
2727 2772 2925 2846 popuii
2956 2773 3212 2829 meditati
3244 2781 3382 2830 sunt
3412 2771 3658 2830 inania?
4227 2771 4286 2827 2!

1645 2864 1745 2921 111.
1789 2863 2051 2931 Domine,
2086 2861 2222 2936 quid
2248 2860 2619 2934 multIplieati
2655 2867 2792 2918 sunt
2837 2860 2934 2934 qui
2990 2860 3269 2919 tribulant
3300 2862 3437 2919 me?
3465 2860 3626 2918 Multi
3659 2860 3854 2918 insur-

1885 2962 2026 3025 gunt
2058 2954 2361 3012 adversum
2395 2969 2506 3010 me.
4224 2954 4297 3009 35

1653 3047 1748 3102 tv.
1787 3045 1927 3103 Cum
1958 3045 2311 3109 invocarem,
2342 3042 2632 3102 exaudivit
2684 3058 2774 3100 me
2819 3042 2973 3101 Deus
3013 3043 3246 3115 justitia
3294 3058 3438 3101 men
3471 3059 3488 3100 z
3519 3043 3581 3100 in
3616 3041 3858 3100 tributa·

1890 3133 2046 3192 tione
2075 3132 2325 3192 dilatasti
2359 3132 2526 3192 mihi.
4227 3131 4293 3187 tt

1677 3229 1746 3281 v.
1787 3223 1977 3281 Verba
2007 3239 2135 3281 mea
2163 3223 2406 3281 auribus
2436 3223 2684 3296 percipe,
2720 3222 2960 3280 Domine
2991 3239 3007 3280 :
3040 3220 3299 3296 intellige
3325 3222 3639 3281 clamorem
3673 3236 3885 3280 meum.
4229 3221 4298 3276 57

1653 3313 1749 3370 v1.
1792 3314 2056 3384 Domine,
2090 3330 2166 3372 ne
2192 3312 2252 3372 in
2281 3312 2604 3372 furore'tuo
2631 3327 2838 3384 arguas
2888 3328 3001 3381 me,
3032 3328 3219 3386 neque
3249 3313 3309 3371 in
3342 3314 3426 3371 ira
3459 3320 3557 3370 tua
3585 3311 3863 3385 corripias

1888 3420 2050 3463 me...
2086 3405 2359 3462 Miserere
2392 3404 2529 3461 mei.
4227 3403 4290 3459 71

1628 3497 1750 3552 v11.
1796 3495 2036 3553 Domine
2084 3498 2235 3552 Deus
2283 3509 2471 3564 meus,
2503 3494 2561 3551 in
2593 3500 2648 3550 te
2672 3492 2896 3565 speravi
2931 3509 2946 3548 z
2978 3491 3205 3551 salvum
3248 3508 3340 3552 me
3371 3493 3462 3551 tac
3491 3509 3559 3551 ex
3591 3492 3864 3551 omnibus

1890 3584 2367 3657 persequentibus
2398 3599 2511 3652 me,
2543 3591 2597 3640 et
2624 3582 2805 3640 libera
2834 3598 2949 3640 me.
4229 3584 4301 3639 83

1608 3671 1758 3729 vill.
1799 3670 2042 3730 Domine
2084 3671 2373 3728 Dominus
2421 3677 2640 3738 noster,
2671 3683 2839 3742 quam
2888 3668 3229 3727 admirabile
3258 3678 3344 3729 est
3371 3685 3586 3729 nomen
3619 3676 3775 3728 tuum
3803 3670 3863 3728 in

1897 3764 2166 3819 universa
2194 3763 2379 3819 terrai
4231 3761 4304 3816 99

1663 3851 1755 3910 IX.
1795 3852 2120 3910 confitebor
2149 3851 2278 3921 tibi,
2312 3850 2574 3920 Domine,
2609 3849 2669 3907 in
2699 3852 2817 3906 toto
2845 3852 3016 3909 eorde
3046 3865 3175 3910 meo
3208 3867 3224 3907 ε
3254 3849 3499 3909 narrabo
3528 3849 3727 3908 omnia
3756 3851 3867 3907 mi-

1899 3941 2102 4000 rabilia
2132 3949 2251 3999 tua.
4211 3943 4310 3999 109

1256 4040 1307 4091 x
1337 4034 1650 4093 seeundum
1802 4035 1867 4093 Ut
1895 4034 2054 4107 quid,
2090 4033 2356 4103 Domine,
2389 4034 2682 4093 recessisti
2730 4035 2921 4108 longe,
2947 4032 3199 4106 despicis
3231 4032 3292 4090 in
3320 4031 3866 4106 opportunitatibus,

1315 4126 1605 4184 Hebraeos.
1896 4125 1956 4182 in
1984 4123 2349 4184 tribulatione
2369 4125 2399 4182 t
4208 4126 4310 4181 110

1696 4218 1759 4271 x.
1802 4215 1866 4272 in
1891 4213 2133 4273 Domino
2162 4215 2427 4283 eontid03
2458 4214 2745 4289 quomodo
2791 4213 2987 4273 dicitis
3031 4213 3241 4272 animae
3286 4229 3431 4272 nteae
3463 4214 3873 4287 :Transmigra

1901 4305 1958 4362 in
1993 4312 2247 4362 montem
2278 4305 2426 4363 siout
2456 4304 2704 4377 passer?
4210 4305 4305 4361 ttt

1672 4394 1766 4452 xi.
1807 4394 2042 4453 Salvum
2074 4411 2167 4454 me
2196 4395 2310 4465 rae,
2341 4394 2614 4467 Domine,
2643 4394 2922 4470 quoniam
2952 4393 3166 4453 defecit
3193 4400 3452 4467 sanetus,
3483 4395 3758 4468 quoniam
3790 4395 3875 4453 di·

1899 4485 2139 4544 minutae
2170 4492 2305 4543 sunt
2335 4486 2602 4544 veritates
2625 4501 2659 4542 a
2693 4484 2830 4543 tiliis
2858 4483 3186 4544 bominum.
4211 4487 4313 4544 ¹⁴0

1639 4575 1763 4635 ΧΠ.
1806 4579 2135 4649 usquequo,
2163 4575 2433 4643 Domine,
2463 4574 2823 4634 oblivisceris
2853 4574 3038 4635 mein
3069 4574 3287 4635 tinem?
3332 4590 3639 4652 usquequo
3666 4576 3875 4635 avertis

1901 4667 2110 4725 faciem
2141 4673 2302 4725 tuam
2329 4684 2366 4725 a
2390 4667 2528 4726 me?
4215 4668 4312 4723 157

1602 4758 1763 4816 xm.
1803 4756 1960 4816 Dixit
1988 4756 2277 4832 insipiens
2307 4757 2369 4816 in
2398 4758 2574 4816 eorde
2595 4773 2699 4816 suo
2732 4773 2749 4815 ε
2779 4756 2906 4817 Non
2937 4764 3025 4816 est
3051 4756 3226 4816 Deus.
4212 4759 4315 4815 165

1614 4849 1765 4907 xlv.
1808 4847 2075 4919 Domine,
2106 4848 2236 4922 quis
2265 4847 2545 4906 habitabit
2573 4849 2637 4906 in
2663 4847 3040 4907 tabernaequ
3067 4847 3208 4907 tuo?
3253 4857 3355 4907 aut
3396 4851 3529 4924 quis
3557 4850 3874 4925 requiescet

1912 4939 1973 4996 in
2008 4944 2211 4997 monte
2239 4945 2446 4998 saneto
2478 4942 2621 4998 tuo?
4219 4942 4318 4998 177

1655 5027 1767 5088 XV.
1808 5028 2093 5087 conserva
2121 5044 2236 5100 me,
2265 5028 2533 5100 Domine,
2563 5029 2836 5103 quoniam
2864 5031 3091 5105 speravi
3117 5030 3181 5089 in
3211 5036 3288 5090 te.
4216 5032 4321 5087 185

1626 5118 1771 5178 xvt.
1813 5119 2054 5193 Exaudi,
2082 5117 2349 5190 Domine,
2368 5120 2653 5194 justitiam
2683 5134 2868 5178 meam
2902 5137 2918 5179 z
2947 5118 3188 5179 intende
3212 5121 3681 5194 deprecationem
3704 5138 3914 5182 meam.
4219 5122 4320 5178 199

1589 5208 1768 5267 xvii.
1814 5208 2055 5282 Diligam
2087 5217 2162 5279 te,
2191 5210 2459 5278 Domine,
2491 5209 2765 5268 tortitudo
2794 5225 2944 5268 mea.
4212 5213 4320 5268 215

1574 5297 1774 5357 lell.
1813 5298 1957 5358 Coeli
2005 5308 2280 5359 enarrant
2326 5299 2570 5373 gloriam
2615 5300 2741 5370 Dei,
2771 5309 2827 5360 et
2855 5316 3032 5373 opera
3063 5316 3344 5359 manuum
3391 5302 3520 5375 ejus
3567 5303 3877 5361 annuntiat

1916 5389 2369 5449 firmamentum.
3251 5452 3260 5463 ,
4213 5395 4323 5452 259

1635 5479 1777 5537 xlx.
1819 5480 2106 5540 Exaudiet
2135 5489 2190 5541 te
2221 5481 2500 5541 Dominus
2539 5481 2601 5541 in
2642 5482 2738 5541 die
2787 5481 3230 5542 tribulationis:
3263 5488 3525 5559 proteget
3566 5492 3622 5543 te
3668 5500 3882 5543 nomen

1919 5570 2024 5630 Dei
2050 5572 2251 5632 Jacob.
4217 5577 4323 5633 277

1669 5661 1781 5720 XX.
1826 5662 2086 5737 Domine,
2117 5666 2179 5722 in
2229 5664 2435 5723 virtute
2465 5670 2563 5722 tua
2590 5662 2881 5725 letabitur
2927 5679 3048 5734 rex,
3101 5672 3157 5725 et
3200 5680 3380 5738 super
3425 5666 3675 5726 satutare
3717 5669 3884 5725 tuum

1924 5753 2239 5814 exsultabit
2265 5754 2656 5816 vehementer.
4219 5756 4330 5815 287
