5008 6329
2275 399 2697 469 PSALMUS
2746 395 3042 467 CXLVI.
4179 397 4303 463 5¹7

2279 934 2743 1011 PSALMUS
2795 935 3116 1008 CXLVI.

1710 1272 2073 1345 Hortatio
2113 1272 2211 1344 ad
2248 1271 2681 1344 laudandum
2722 1273 2943 1342 Deum
2991 1269 3078 1342 ob
3126 1272 3279 1357 ejus
3316 1268 3671 1359 beneficia.

1137 1634 1199 1680 1.
1249 1608 1590 1683 Alleluia.
2797 1638 2861 1705 7.
2919 1609 3299 1683 Proecinite
3334 1607 3651 1682 Domino
3693 1608 3766 1679 in
3800 1604 4293 1687 confessione,

1263 1722 1587 1794 Laudate
1628 1718 2057 1800 Dominum,
2103 1717 2452 1811 quoniam
2503 1717 2640 1789 bo-
3014 1718 3297 1814 psallite
3342 1723 3493 1792 Deo
3564 1733 3813 1788 nostro
3872 1715 3945 1786 in
3994 1715 4290 1786 cithara.

1350 1853 1488 1901 nus
1564 1846 1670 1900 est
1730 1827 2056 1921 psalmus
2110 1849 2126 1894 ε
2174 1827 2328 1897 Deo
2386 1843 2635 1898 nostro
2789 1829 2859 1900 8.
2913 1826 3062 1918 Qui
3105 1827 3627 1921 operitcoelum
3670 1823 4014 1906 nubibus,
4057 1840 4127 1894 et
4166 1844 4295 1914 pa-

1347 1940 1442 2011 sit
1480 1937 1822 2030 jucunda,
1849 1935 2254 2029 decoraque
2285 1934 2629 2007 laudatio.
3013 1954 3121 2008 rat
3170 1954 3376 2006 terrae
3410 1935 3728 2027 pluviam
3751 1958 3775 2002 .-

1122 2069 1188 2118 2.
1240 2045 2054 2118 AEdificansJerusalem
2080 2042 2636 2140 Dojminus‚dis-
2919 2043 3067 2135 Qui
3101 2041 3437 2137 producit
3469 2039 3539 2111 in
3582 2040 3954 2112 montibus
3984 2039 4284 2120 foenum,

1344 2153 1715 2249 persiones
1759 2152 2048 2225 Israelis
2118 2152 2624 2246 congregabit:
3007 2166 3075 2219 et
3182 2146 3480 2218 herbam
3604 2143 3931 2216 servituti
4051 2143 4288 2214 homi·

1119 2263 1185 2335 3.
1242 2264 1391 2356 Qui
1424 2279 1628 2334 sanat
1678 2261 2031 2333 contritos
2080 2260 2320 2340 corde,
2374 2279 2441 2331 et
2471 2262 2629 2332 alli·
3008 2276 3186 2326 num
3237 2276 3252 2322 ε
3780 2315 3784 2319 ,

1341 2389 1460 2466 gat
1491 2370 1964 2443 contritiones
1995 2390 2251 2441 corum
2287 2392 2303 2438 ε
2780 2386 2850 2456 9.
2903 2361 3049 2453 Qui
3101 2363 3223 2432 dat
3273 2359 3618 2445 iumentis
3656 2381 3892 2431 escam
3922 2360 4272 2451 ipsorum,

1110 2505 1184 2575 4.
1237 2483 1390 2576 Qui
1460 2500 1793 2554 numerat
1846 2478 2397 2551 multitudinem
2449 2481 2627 2552 stel-
2999 2487 3068 2539 et
3111 2467 3329 2560 pullis
3360 2488 3741 2538 corvorum
3774 2466 4277 2536 invocantibus

1338 2592 1572 2663 larum
1634 2614 1652 2660 ε
1688 2608 1757 2660 et
1797 2587 2142 2659 omnibus
2177 2586 2280 2657 eis
2327 2589 2622 2659 nomina
2993 2599 3186 2648 eum.

1330 2716 1560 2770 vocat.
2740 2708 2844 2757 ιο.
2900 2687 3065 2756 Non
3121 2685 3189 2755 in
3244 2682 3667 2755 fortitudine
3719 2680 3884 2774 equi
3936 2682 4270 2752 volunta·

1105 2814 1173 2881 5.
1226 2810 1540 2902 Magnus
1592 2806 1955 2879 Dominus
2010 2824 2282 2886 noster,
2335 2824 2405 2876 ct
2455 2827 2602 2875 ma·
2993 2809 3137 2862 tem
3190 2788 3511 2871 habebit,
3570 2808 3697 2858 nec
3745 2787 3814 2857 in
3868 2786 4065 2857 tibiis
4132 2786 4263 2857 viri

1322 2940 1462 3010 gna
1510 2935 1742 2987 virtus
1790 2913 1949 3005 ejus
2030 2937 2046 2983 ε
2114 2931 2184 2983 et
2241 2911 2613 3006 sapientiae
2991 2897 3521 2992 beneplacitum
3550 2896 3686 2967 erit
3718 2896 3810 2966 ei·

1319 3028 1477 3114 ejus
1504 3048 1648 3097 non
1700 3043 1809 3096 est
1870 3044 2244 3094 numerus,
2733 3030 2834 3078 ιι.
2894 3006 3436 3098 Beneplacitum
3510 3021 3618 3074 est
3680 3002 3994 3084 Domino
4051 3025 4268 3096 super

1093 3134 1163 3207 6.
1223 3131 1650 3227 Suscipiens
1700 3149 2124 3201 mansuetos
2170 3126 2533 3199 Dominus
2588 3149 2603 3197 ε
2985 3116 3324 3187 timentes
3354 3134 3551 3197 eum,
3585 3113 3759 3184 etin
3819 3112 3922 3182 eis
3952 3113 4077 3205 qui
4111 3136 4267 3206 spe·

1321 3242 1716 3315 humilians
1737 3259 1982 3312 autem
2015 3256 2426 3333 peccatores
2476 3259 2608 3307 us·
2820 3317 2830 3326 ⁸
2982 3244 3140 3296 rant
3169 3245 3388 3317 super
3430 3222 3924 3294 misericordia
3949 3222 4133 3312 ejus.

1323 3374 1465 3446 que
1511 3352 1601 3422 ad
1643 3368 1938 3421 terram.

2708 3699 2922 3768 simus
2962 3698 3528 3791 quadragesimus
3575 3705 3808 3764 sextus
3854 3717 3923 3762 nn
3981 3703 4129 3762 toto
4179 3693 4268 3761 li-

1362 3802 1454 3872 IN
1504 3801 1943 3874 PSALMUM
1995 3802 2269 3874 CXLVI
2708 3806 2860 3889 bro,
2901 3808 2972 3876 in
3010 3806 3210 3875 tertia
3237 3827 3403 3875 vero
3451 3812 3642 3895 parte
3673 3802 3828 3871 libri
3877 3802 4264 3894 quadrage-

2708 3914 2921 3982 simus
2950 3921 3210 3983 sextus.
3253 3912 3632 4003 Postquam
3679 3909 3862 3980 enim
3910 3911 4260 4000 propriam
4328 3933 4569 3992 empnam

1549 4036 2082 4086 comesturus,
2708 4022 3010 4090 animam
3085 4019 3173 4089 ad
3236 4018 3364 4088 Dei
3430 4016 3705 4087 laudem
3781 4017 4125 4102 excitavit,
4194 4026 4259 4086 et
4288 3995 4616 4098 omiiffgffm-

2708 4128 3053 4197 instruens
3093 4148 3247 4196 eam
3276 4125 3360 4195 de
3404 4123 3612 4193 modo
3657 4122 3903 4204 laudis,
3937 4122 4049 4191 hic
4093 4098 4484 4195 suh-11:33
4508 4095 4610 4196 83⁵.

2697 4236 2928 4328 jungit
2973 4234 3266 4304 aliorum
3314 4232 3790 4301 invitationem
3838 4229 4126 4324 loquens
4173 4231 4258 4299 ad

1551 4362 1585 4405 ¹
1626 4337 1996 4409 Allellm‘a·
2044 4364 2079 4402 ¹·
2708 4365 2946 4440 omnes
2972 4339 3404 4435 generaliter.
3439 4338 3525 4407 Et
3554 4338 3716 4431 quia
3744 4337 3830 4407 ad
3857 4337 4130 4408 laudem
4162 4348 4262 4408 est

2614 4456 2619 4460 ’
2707 4451 3044 4530 invitatio,
3105 4454 3283 4517 reete
3336 4445 3764 4539 praeponitur
3816 4444 4080 4525 titulus,
4142 4447 4257 4537 qui

2707 4562 2920 4654 primi,
2952 4557 3209 4627 scilicet
3249 4582 3281 4620 α
3316 4552 3692 4625 Allellm‘a.
3734 4582 3768 4617 »v

1123 4694 1159 4730 α
1202 4665 1519 4736 Laudate
1581 4668 1966 4736 Dominum
2003 4667 2338 4759 quoniam
2384 4666 2599 4737 bonus

1027 4785 1126 4844 est
1162 4774 1497 4845 Psalmus
1535 4774 1579 4848 ¹.
1631 4803 1665 4839 »
1704 4774 1835 4845 nio
1865 4784 1966 4844 est
2006 4774 2326 4845 psalmus
2365 4786 2601 4846 oente—
2798 4781 3112 4851 psalmus
3175 4787 3406 4849 autem
3488 4776 3815 4847 dividitur
3882 4778 4257 4848 secundum

1102 5034 1122 5071 ¹
1154 5033 1265 5091 Les
1296 5030 1573 5090 derniere
1600 5031 1919 5108 oantiqnee
1949 5030 2029 5089 du
2058 5031 2330 5106 psautier
2358 5037 2498 5089 sont
2525 5030 2598 5090 de
2710 5033 2744 5090 8
2772 5033 2831 5090 18
2876 5029 3335 5090 reconstitntion
3367 5028 3442 5089 de
3474 5029 3534 5088 18
3582 5030 3934 5090 nationalite
3983 5034 4168 5103 suive,
4199 5040 4261 5092 et

1026 5119 1312 5196 l'epoque
1342 5117 1446 5193 qni
1486 5117 1666 5176 euivit
1693 5118 1749 5177 le
1776 5125 1982 5178 retour
2009 5120 2119 5178 des
2141 5117 2291 5176 suits
2319 5117 2395 5175 de
2417 5117 2603 5194 Baby·
2710 5123 2766 5181 le
2813 5125 3065 5180 Psaume
3118 5120 3338 5179 CXLIX
3393 5136 3511 5179 aux
3567 5122 3895 5197 triomphes
3927 5127 4259 5199 πωροι-168

1027 5208 1191 5269 lone.
1217 5209 1268 5268 11
1297 5214 1391 5268 eet
1415 5206 1678 5284 possible
1710 5209 1887 5283 qu'ils
1902 5213 2070 5270 aient
2084 5225 2241 5286 pour
2268 5212 2484 5266 auteur
2503 5211 2603 5268 Es·
2709 5219 2912 5270 contre
2941 5210 3031 5269 les
3080 5210 3332 5285 peuples
3360 5211 3607 5268 voisins.
3641 5210 3717 5268 Le
3748 5213 4002 5270 Psaume
4049 5213 4259 5274 CXLVI

1027 5299 1171 5358 drae
1201 5316 1280 5358 ou
1307 5297 1614 5368 Nehemie,
1647 5299 1911 5374 quoique
1959 5300 2050 5359 les
2080 5301 2366 5374 Septente
2405 5302 2600 5359 conti·
2709 5303 2850 5361 etle
2894 5303 3146 5359 Psaume
3200 5300 3445 5359 chvn
3502 5317 3579 5359 ne
3635 5307 3773 5359 sont
3827 5302 4009 5376 qn'un
4061 5305 4257 5366 meme

1028 5395 1226 5448 nuent
1253 5389 1291 5448 8
1319 5390 1411 5448 les
1463 5394 1678 5447 mettre
1709 5406 1853 5448 eous
1883 5390 1971 5448 les
2020 5407 2197 5449 noms
2241 5390 2497 5466 d’Aggee
2539 5397 2602 5450 et
2709 5392 2988 5465 cautique
3018 5407 3092 5448 en
3124 5390 3393 5458 hebreu3
3432 5390 3594 5448 aussi
3624 5387 3776 5448 dans
3803 5389 3863 5449 18
3895 5393 4139 5467 vulgate
4168 5394 4255 5452 les

1028 5478 1103 5537 de
1126 5480 1433 5539 zacharie.
1466 5479 1546 5537 lls
1574 5479 1887 5538 celebrent
1918 5486 2053 5538 tous
2083 5480 2142 5538 18
2193 5480 2597 5539 restauration
2707 5485 2933 5538 versets
2953 5478 3033 5536 du
3055 5479 3309 5538 Psaume
3325 5477 3565 5536 chvn
3590 5477 3833 5536 font-ils
3859 5480 4017 5538 suite
4046 5483 4082 5539 a
4106 5499 4255 5540 ceux

1026 5567 1102 5626 de
1130 5568 1461 5627 Jerusalem
1486 5586 1502 5638 ς
1547 5568 1635 5626 les
1667 5569 1954 5626 Psaumes
1983 5567 2485 5626 CXLVI-CXLVII
2534 5585 2597 5626 se
2707 5568 2786 5626 du
2816 5567 3160 5642 precedent.
3192 5567 3430 5625 D’autre
3460 5571 3614 5641 part,
3638 5566 3698 5625 18
3718 5568 3932 5627 linison
3957 5570 4063 5627 des
4092 5570 4258 5630 idees

1031 5663 1387 5736 rapportent
1422 5676 1499 5718 au
1548 5658 2035 5718 retabliseement
2071 5657 2148 5715 de
2186 5658 2245 5717 18
2292 5659 2410 5717 cite
2458 5676 2599 5719 avec
2709 5659 2996 5718 confit-me
3025 5657 3234 5717 l'unite
3248 5658 3357 5716 des
3386 5656 3543 5717 deux
3572 5675 3910 5718 morceaux.
3944 5659 4023 5717 lls
4053 5660 4256 5719 iurent

1033 5765 1146 5807 son
1176 5747 1454 5808 enceinte
1485 5753 1547 5807 et
1568 5765 1665 5808 ees
1687 5753 1932 5825 portem
1965 5747 2022 5805 le
2048 5747 2303 5805 Psaume
2333 5747 2603 5807 CXLVIII
2708 5749 3163 5825 probablement
3189 5750 3438 5808 charites
3469 5768 3621 5825 pour
3645 5750 3705 5810 18
3731 5750 4027 5826 premiere
4074 5751 4189 5811 fois
4217 5752 4255 5811 8
