5008 6329
618 164 656 228 8
1553 168 1638 235 D.
1693 167 1895 235 ALB.
1947 165 2162 232 MAG.
2218 164 2424 234 ORD.
2476 169 2772 236 PRAED.

614 331 863 399 scilicet
893 333 974 400 de
1016 333 1310 418 luxuria,
1361 337 1522 421 Job,
1567 359 1755 412 xxxt,
1810 337 1885 401 12
1922 357 1936 400 ε
1982 334 2170 425 anis

614 449 709 505 est
762 462 972 531 usque
1037 442 1133 509 ad
1179 444 1639 533 perditionem
1696 442 2050 520 devorans,
2112 450 2174 507 et

615 548 846 614 omnia
876 550 1232 617 eradicans
1285 552 1673 640 qenimina.
1725 548 1811 616 Et
1841 549 1923 617 de
1950 549 2175 618 avari—

615 654 731 733 tia,
792 655 1121 725 Proverb.
1157 680 1320 735 xxx,
1371 659 1453 724 16
1490 679 1503 722 ε
1542 657 1736 748 anis
1792 678 2174 747 numquam

617 761 844 829 dicit:
912 764 1219 854 Sufficit.
1294 763 1430 831 Per
1478 766 1740 833 cineres
1796 787 1959 855 ergo
2019 762 2175 831 reli-

616 871 790 959 quiae
824 882 1258 960 peccatorum
1319 871 1788 964 designantur,
1824 895 1993 964 quas
2020 894 2171 962 poe-

615 977 837 1044 nitens
904 987 1255 1068 tamquam
1311 978 1546 1069 ignem
1626 981 1932 1057 devorat,
2012 979 2172 1068 quia

616 1084 941 1175 paulatim
1001 1086 1151 1154 illas
1235 1089 1599 1158 annihilat.
1673 1090 1805 1159 Isa.
1874 1112 1943 1168 x,
2033 1087 2166 1154 27:

621 1193 1118 1284 Computrescet
1144 1194 1442 1284 juqum,
1502 1198 1765 1288 peccati
1816 1194 2096 1275 scilicet,
2130 1217 2173 1259 a

612 1299 793 1386 facie
820 1299 977 1366 olei.
1013 1298 1121 1376 Et,
1174 1300 1456 1383 ibidem,
1489 1325 1631 1384 x1V,
1665 1304 1750 1369 22
1797 1325 1812 1369 :
1873 1302 2173 1370 Perdam

613 1404 997 1495 Babylonis
1034 1430 1305 1489 nomen,
1369 1422 1435 1478 et
1497 1434 1804 1501 qermen,
1883 1420 1945 1477 et
2006 1408 2173 1476 reli-

615 1512 835 1602 quias,
880 1524 942 1580 el
973 1517 1397 1604 proqeniem.

711 1749 745 1788 ι
787 1726 881 1792 Et
911 1735 1181 1815 potum.
1230 1751 1260 1790 n
1299 1724 1473 1794 Ecce
1521 1724 1924 1793 secundum.
1966 1723 2171 1804 Quasi

620 1832 916 1903 diceret:
994 1835 1257 1925 Aspera
1334 1834 1809 1914 comedebam,
1901 1843 2176 1924 propter

619 1943 800 2034 quod
832 1942 1203 2011 irridebant
1236 1967 1251 2010 ε
1312 1970 1347 2011 ι
1388 1955 1481 2025 et,
1516 1973 1547 2007 ιι
1626 1945 1831 2013 etiam
1867 1971 1899 2007 α
1927 1950 2172 2034 potum

617 2073 867 2133 meum,
904 2077 938 2118 ι
999 2050 1086 2119 ad
1138 2051 1467 2132 litteram,
1532 2078 1566 2117 ι
1610 2052 1977 2120 miscebam
2021 2073 2175 2117 cum

615 2156 883 2244 flam»
952 2165 1140 2226 tanta
1198 2166 1342 2225 erat
1407 2158 1634 2226 cordis
1699 2156 2043 2232 contritio,
2110 2163 2177 2223 et

618 2264 914 2332 devotio.
948 2262 1156 2344 Alibi,
1192 2266 1261 2332 in
1294 2264 1479 2335 l‘sal.
1516 2289 1743 2345 nxxrx,
1795 2267 1835 2331 6
1868 2284 1886 2334 ε
1919 2266 2174 2333 Polum

618 2371 814 2440 dabis
842 2372 1034 2441 nobis
1082 2376 1152 2442 in
1186 2375 1518 2466 lacrymis
1550 2377 1621 2442 in
1652 2396 1998 2443 mensura.
2036 2373 2179 2442 Bo-

617 2507 701 2552 na
786 2485 1082 2553 mixtura
1147 2509 1355 2577 quam
1407 2485 1569 2556 facit
1644 2487 1863 2579 gratia
1920 2486 2180 2554 contri·-

616 2592 844 2674 tioniS,
878 2593 994 2660 sed
1045 2593 1292 2662 melior
1321 2616 1530 2686 quam
1583 2594 1743 2664 facit
1782 2595 1999 2687 gratia
2065 2594 2175 2661 de·

618 2701 941 2782 votionis,
1037 2702 1313 2792 quando
1415 2702 1503 2771 ad
1597 2702 1896 2772 litteram
1999 2703 2172 2772 calix

620 2805 872 2874 bibitur
899 2831 1054 2875 cum
1098 2805 1443 2898 lacrymis.
1518 2809 1949 2901 Augustinus
2013 2809 2175 2878 dicit

612 2911 695 2981 de
750 2936 1030 3005 corpore
1087 2912 1335 2983 Christi
1383 2938 1398 2982 ε
1438 2941 1473 2982 ι
1519 2915 1651 2984 Iste
1679 2916 1904 3007 panis,
1968 2937 2175 2985 sanus

618 3046 651 3083 ιι
678 3022 911 3110 mgr-is,
945 3044 1151 3113 quem
1183 3021 1507 3115 laerymae
1539 3023 1801 3092 faciunt
1821 3023 2114 3093 dulcem.
2135 3048 2169 3089 ι

616 3123 698 3195 Et
730 3148 858 3219 ego
896 3126 1075 3207 dico,
1120 3128 1246 3198 iste
1301 3128 1507 3200 calix.
1564 3129 1895 3200 Proverb.
1950 3153 2043 3213 ix,
2076 3132 2173 3199 5.-

622 3233 849 3303 Bibite
902 3238 1138 3305 vinum
1212 3238 1408 3330 quod
1459 3240 1710 3308 miscui
1763 3238 1972 3309 vobis.
2038 3238 2176 3307 La-

623 3364 871 3433 crymae
928 3346 1208 3436 sanguis
1263 3345 1494 3415 cordis
1540 3356 1700 3417 sunt
1738 3368 1953 3440 :ergo
2012 3370 2178 3416 san·-

619 3448 806 3539 guini
844 3452 1122 3541 sanguis
1139 3451 1484 3545 jungitur.
1521 3452 1723 3539 Osee,
1756 3477 1852 3537 ιν,
1882 3456 1924 3522 2
1958 3455 2176 3524 :San-

615 3558 776 3647 φάε
844 3561 1252 3651 sanquinem
1312 3563 1567 3652 tetigit.
1635 3585 1719 3631 eo
1788 3561 1995 3633 modo
2036 3585 2174 3655 quo

618 3664 806 3755 tangi
833 3673 1081 3757 potest.
1117 3665 1237 3734 llle
1267 3667 1456 3736 enim
1513 3666 1861 3761 gloriosus
1896 3669 2175 3761 sanguis

619 3767 690 3838 in
717 3769 914 3837 venis
939 3779 1067 3850 est,
1116 3770 1236 3840 sed
1290 3773 1665 3843 exteriores
1689 3774 1969 3866 spiritus
2001 3774 2176 3864 jun-

616 3883 893 3967 guntur,
924 3886 991 3947 et
1017 3879 1416 3949 miscentur.

616 4248 631 4257 .
711 4219 746 4260 ι
786 4196 843 4262 Α
878 4195 1068 4283 facie
1094 4195 1237 4265 irae.
1276 4222 1311 4260 υ
1354 4196 1484 4265 Hic
1521 4198 1742 4292 tangit
1796 4198 2107 4269 miserias
2134 4225 2175 4272 s

620 4300 764 4370 Deo
796 4310 1071 4395 propter
1097 4312 1453 4396 peccatum
1485 4304 1804 4375 inflictas.
1837 4306 2176 4379 Dicuntur

616 4432 781 4502 ergo
808 4408 972 4483 duo.
1008 4408 1271 4492 Primo,
1316 4412 1505 4505 quod
1541 4436 1582 4483 a
1620 4412 1770 4485 Deo
1809 4423 1912 4486 est
1940 4415 2000 4484 ei
2037 4419 2171 4486 mi·

614 4517 788 4586 seria
861 4517 1138 4587 inflicta.
1222 4518 1573 4601 Secundo,
1642 4521 1986 4614 specificat
2050 4547 2173 4617 per

613 4632 838 4715 partes
863 4648 1017 4718 quae
1047 4627 1136 4695 sit
1164 4626 1307 4710 illa,
1338 4626 1464 4709 ibi,
1502 4658 1536 4693 α
1575 4630 1760 4716 Quia
1800 4629 2094 4701 elevans.
2131 4657 2166 4699 ι

701 4733 881 4804 Dicit
907 4757 1122 4829 ergo:
1170 4735 1285 4807 Sic
1337 4738 1640 4809 cinerem
1697 4741 2008 4827 comedo,
2072 4742 2170 4814 la·

612 4861 879 4931 crymas
915 4839 1125 4910 bibo:
1158 4851 1227 4912 et
1254 4840 1414 4924 hoc,
1452 4870 1487 4914 e
1528 4869 1574 4915 a
1609 4846 1817 4937 socie,
1854 4873 1888 4914 ι
1929 4870 1970 4917 ιι
1999 4871 2172 4943 prae-

500 4998 510 5007 .
612 4951 826 5019 sentis
857 4976 892 5017 ι
937 4951 1080 5033 irae,
1114 4977 1149 5019 ι
1194 4953 1263 5022 id
1291 4962 1420 5037 est,
1474 4957 1936 5047 percussionis
1962 4967 2030 5029 et
2066 4959 2172 5029 af-

611 5055 950 5140 flictionis,
1011 5085 1046 5126 ι
1079 5060 1585 5151 indiqnationis
1632 5073 1794 5149 tue,
1830 5091 1865 5130 ι
1933 5065 1999 5135 id
2038 5076 2165 5150 est,

682 5330 697 5365 ¹
732 5330 1062 5403 uenenum
1090 5350 1106 5390 ε
1134 5332 1430 5391 Faciamus
1458 5334 1735 5395 hominen
1763 5338 1842 5396 ad
1870 5340 2163 5411 imaum

607 5424 659 5475 ee
689 5418 1113 5479 similitudinem
1141 5433 1394 5481 nostram
1426 5441 1444 5482 ε
1476 5434 1530 5482 et
1544 5427 1746 5500 presit
1770 5430 2018 5503 piscibus
2041 5447 2165 5489 ma·

608 5507 710 5576 ris,
760 5515 814 5565 et
860 5510 1180 5570 volatilibus
1224 5513 1373 5582 cati,
1416 5522 1472 5572 et
1530 5516 1742 5593 bestiis,
1790 5522 2166 5594 universeque

2282 358 2320 402 a
2359 344 2473 403 tua
2507 337 2990 426 indignatione,
3042 335 3230 425 quasi
3279 333 3709 423 procedente,
3756 338 3821 398 et

2277 444 2493 534 ipsam
2552 451 2899 533 sequente.
2962 442 3168 523 Quasi
3227 441 3535 509 diceret:
3580 437 3815 504 Primo

2277 551 2664 642 indignatus
2696 559 2798 618 est
2823 550 3183 617 auferendo
3205 548 3494 640 gratiam
3522 568 3536 612 ε
3582 566 3821 612 secun-

2276 659 2389 740 do,
2436 661 2644 726 iratus
2684 655 3109 723 immittendo
3150 678 3447 746 poenam.
3511 649 3814 732 Nahum,

2278 790 2324 844 1,
2368 768 2408 833 6
2452 789 2466 832 ε
2500 764 2900 856 Indiqnatio
2941 762 3094 850 ejus
3126 764 3344 852 effusa
3376 770 3473 828 est
3502 769 3578 827 ut
3608 758 3812 848 iyniS.

2365 876 2463 944 Dc
2494 875 2619 959 ira,
2656 874 2858 954 Joan,
2914 896 3009 951 111,
3045 872 3127 940 36
3166 893 3181 939 ε
3233 872 3351 938 Ira
3400 873 3531 939 Dei
3589 875 3820 935 manet

2274 1005 2479 1072 super
2533 1003 2709 1048 eum.
2763 980 2872 1047 Ad
2926 977 3174 1069 Ephes.
3232 1001 3302 1055 11,
3354 978 3393 1044 3
3438 1001 3452 1044 ε
3513 979 3820 1044 Eramus

2278 1111 2506 1155 omnes
2533 1097 2783 1155 natura
2809 1086 2950 1175 filii
2987 1087 3124 1152 irae.

2368 1329 2400 1367 α
2439 1305 2620 1389 Quia
2649 1302 2938 1371 elevans.
2978 1328 3010 1367 »
3053 1300 3179 1368 Hic
3234 1301 3455 1389 tangit
3503 1306 3568 1366 et
3598 1298 3822 1388 speci-

2272 1412 2428 1479 ficat
2455 1411 2744 1479 inflictas
2779 1416 2820 1479 a
2848 1412 2991 1479 Deo
3044 1411 3375 1487 miseriaS,
3424 1430 3593 1499 quas
3626 1429 3823 1474 com-

2274 1516 2630 1610 prehendit
2681 1518 2750 1583 in
2794 1517 3031 1585 tribus.
3076 1516 3155 1584 ln
3210 1515 3552 1583 ablatione
3606 1512 3826 1604 digni-

2275 1627 2455 1705 tatis,
2517 1624 2627 1694 hic
2681 1626 2923 1717 prima.
3003 1625 3081 1691 In
3137 1624 3473 1692 brevitate
3538 1624 3700 1690 vitae
3759 1628 3826 1689 et

2276 1733 2672 1814 durationis,
2704 1731 2814 1800 hic
2841 1730 3156 1812 secunda,
3187 1730 3391 1808 ibid.
3431 1730 3509 1796 12
3545 1726 3635 1820 21«
3666 1728 3832 1795 Dies

2276 1840 2431 1906 mei.
2459 1869 2488 1900 υ
2535 1838 2784 1917 Terti0,
2821 1838 2890 1907 in
2928 1838 3321 1907 necessitate
3362 1836 3628 1913 mortis„
3701 1831 3821 1912 ibi,

2279 1971 2312 2009 α
2346 1947 2440 2011 ΕΙ
2476 1968 2598 2035 eqo
2623 1947 2800 2013 sicu!
2841 1947 3101 2034 samum
3133 1944 3315 2011 arui.
3366 1971 3398 2005 »

2366 2055 2478 2120 Ait
2510 2074 2672 2144 ergo
2708 2076 2722 2119 ε
2761 2052 2942 2120 Bene
2986 2051 3149 2132 dixi,
3206 2050 3387 2142 quod
3434 2050 3706 2140 affligis,
3760 2057 3828 2134 et

2278 2161 2591 2229 ellectum
2623 2161 2770 2229 irati
2826 2162 2892 2229 in
2922 2183 3030 2229 me
3071 2183 3367 2243 exerces,
3420 2159 3578 2250 quia
3618 2183 3652 2222 ι
3686 2156 3828 2225 ele-

2278 2293 2468 2347 vanS,
2518 2297 2551 2332 n
2585 2290 2693 2336 me
2746 2269 2967 2360 primo
3006 2267 3090 2336 ad
3137 2276 3402 2336 tantum
3459 2264 3821 2344 honorem.

2277 2383 2351 2443 ut
2391 2398 2610 2445 essem
2663 2374 2748 2443 ad
2802 2374 3165 2466 imaginem
3211 2371 3821 2456 tuam,secundum

2281 2481 2443 2551 illud
2475 2483 2719 2552 Genea.
2764 2506 2813 2566 ι,
2863 2483 2949 2550 26
2999 2503 3016 2550 2
3058 2483 3430 2550 Faciamus
3475 2480 3821 2548 hominem

2279 2590 2376 2657 ad
2408 2594 2779 2682 imayincm
2843 2601 2908 2659 et
2957 2590 3511 2674 similitudinem,
3555 2597 3683 2657 etc.
3732 2587 3822 2655 Ut

2276 2721 2632 2789 praeessem
2663 2699 2919 2768 cunctis
2978 2698 3438 2767 animantibus
3484 2706 3706 2769 terrae.
3759 2703 3825 2764 et

2280 2807 2577 2896 piscibus
2669 2807 2895 2886 maris,
2956 2815 3021 2875 et
3084 2805 3478 2875 volatilibus
3546 2802 3697 2873 coeli
3776 2805 3824 2870 ⁸.

2282 2938 2316 2977 ι
2348 2913 2654 2982 Allisisti
2694 2936 2824 2994 me,
2889 2940 2920 2977 ιι
2971 2913 3197 2982 statim
3272 2921 3550 3005 propter
3593 2931 3833 3002 pecca·

2279 3029 2423 3089 tum
2538 3020 3008 3092 inobedientia
3089 3021 3491 3112 dejiciendo.
3572 3019 3821 3088 Genes.

2282 3151 2379 3209 ιιι,
2420 3131 2557 3199 23;
2600 3130 2853 3199 Emisit
2897 3152 3049 3198 eum
3104 3129 3447 3199 Dominus
3497 3129 3687 3197 Deus
3740 3124 3827 3196 de

2276 3237 2607 3329 paradiso
2672 3237 3067 3330 voluptatis.
3125 3237 3415 3306 Glossa:
3479 3262 3514 3303 ι
3547 3235 3824 3317 Quanto

2288 3372 2323 3413 ι
2378 3350 2597 3439 magis
2652 3349 2775 3418 tuit
2828 3350 2897 3417 in
2961 3346 3157 3416 donis
3242 3346 3571 3426 elevatus,
3631 3353 3823 3414 tanto

2292 3483 2323 3518 ι
2361 3454 2635 3545 gravior
2696 3453 2821 3523 ruit
2874 3476 3091 3524 casus.
3141 3482 3174 3516 υ
3229 3453 3390 3534 Job,
3459 3476 3624 3536 xxx,
3684 3453 3817 3520 22:

2283 3561 2595 3631 Eleeasli
2663 3586 2792 3649 me,
2825 3572 2890 3632 et
2910 3563 3112 3655 quasi
3149 3585 3358 3655 super
3391 3571 3668 3631 ventum
3690 3583 3827 3653 po-

2281 3694 2447 3739 nens
2475 3671 2721 3741 elisisti
2745 3695 2875 3741 me.

2381 4028 2414 4066 ι
2445 4002 2606 4071 Dies
2623 4002 2761 4071 mei
2790 4001 2968 4071 sicut
2992 3999 3264 4071 umbra.
3292 4026 3327 4068 ι
3363 3999 3491 4071 Hic
3517 3997 3820 4071 secunda

2284 4109 2556 4179 miseris
2583 4109 2858 4193 inflicta,
2899 4109 3153 4181 scilicet
3196 4109 3492 4180 brevitas
3535 4110 3718 4189 vito.
3751 4115 3822 4177 et

2280 4218 2646 4288 necessitas
2675 4216 3029 4288 moriendi.
3065 4217 3147 4287 1-:1
3190 4241 3331 4288 non
3358 4226 3628 4288 tentum
3663 4214 3823 4286 alli·

2279 4323 2425 4392 sisti
2462 4332 2532 4394 et
2574 4324 2941 4414 dejecistis
2994 4322 3349 4417 dignitate.
3418 4326 3559 4394 imo
3599 4353 3636 4390 ι
3676 4321 3823 4391 dies

2280 4432 2415 4499 mei
2448 4430 2862 4523 dejecerunt,
2898 4461 2931 4494 u
2997 4430 3409 4501 defectibiles
3446 4430 3601 4501 facti
3632 4438 3819 4511 sunt,

2282 4564 2319 4601 ι
2355 4538 2535 4606 sicul
2581 4538 2847 4608 umbra.
2885 4563 2920 4605 ι
2952 4537 2982 4608 1
3012 4537 3237 4607 Pau-al.
3268 4560 3456 4618 xxix,
3496 4539 3577 4608 15
3618 4537 3824 4608 :Dies

2279 4646 2497 4714 nostri
2512 4646 2717 4738 quasi
2733 4644 2978 4716 umbra
2999 4669 3205 4738 super
3222 4657 3503 4733 terram,
3523 4654 3590 4716 et
3613 4644 3823 4714 nulla

2277 4762 2375 4820 est
2393 4777 2610 4822 mora.
2645 4753 2726 4824 ln
2754 4752 2935 4824 Psal.
2957 4775 3138 4835 cviu,
3157 4753 3282 4823 23:
3314 4755 3512 4824 Sicut
3538 4750 3817 4833 umbra,

2276 4884 2432 4931 cum
2458 4862 2783 4948 declinat,
2824 4862 3102 4933 ablatus
3151 4887 3332 4933 sum.
3380 4862 3522 4934 Nec
3547 4870 3819 4933 tantum

2276 4968 2445 5056 dies,
2478 4969 2599 5040 sed
2615 4974 2840 5042 anima
2866 4974 3276 5042 transierunt
3294 4973 3472 5041 sicut
3496 4969 3746 5040 umbra
3764 4969 3814 5042 ⁸.

2274 5078 2359 5148 Et
2431 5086 2621 5165 nota,
2688 5080 2873 5174 quod
2934 5079 3106 5152 bene
3170 5087 3608 5173 comparatur
3653 5079 3817 5150 vitae

2274 5351 2456 5416 em,
2485 5345 2745 5420 omnique
2770 5346 2961 5423 reptili
2980 5347 3131 5420 quod
3154 5354 3401 5407 movetur
3426 5349 3487 5406 in
3515 5356 3686 5406 tem.

2342 5434 2367 5471 ¹
2394 5435 2654 5509 sapient.
2693 5454 2746 5506 v,
2776 5439 2860 5494 ⁹:
2908 5434 3266 5496 meierum!
3308 5439 3494 5496 omnia
3533 5437 3636 5495 illa
3662 5444 3812 5495 eam·

2271 5540 2436 5597 quarn
2455 5526 2676 5597 umbra,
2704 5530 2818 5584 etc.
