5008 6329
1821 403 2538 474 COMMENTARIUS
2589 402 2680 469 ΙΝ
2730 399 3166 468 PSALMUM
3219 399 3519 467 CXLIII.

1089 595 1285 664 rogo,
1349 599 1382 640 a
1418 577 1735 660 Domine,
1797 576 2062 644 inclina
2119 574 2321 643 coelos
2390 584 2570 650 tuos,
2610 598 2640 632 »

1091 680 1413 749 deitatem
1445 692 1661 761 tuam,
1697 706 1850 774 quae
1883 692 1986 750 est
2023 704 2179 750 casa
2219 689 2334 748 tua
2369 700 2386 748 t
2434 681 2503 745 in
2545 680 2653 768 ip-

1091 811 1167 856 sa
1206 793 1389 857 enim
1422 790 1711 858 habitas.
1780 789 1805 855 1
1864 789 1950 856 ad
2007 788 2306 856 Timoth.
2352 811 2446 866 vl,
2514 789 2644 854 16:

1091 901 1342 968 Lucem
1377 898 1720 965 inhabitat
1752 897 2311 966 inaccessibilem.
2348 897 2496 966 Hoc
2545 905 2648 965 est

1093 1008 1342 1075 coelum
1373 1006 1553 1085 coeli,
1583 1004 1666 1073 de
1700 1028 1836 1095 quo
1870 1029 2102 1097 supra,
2139 1008 2207 1075 in
2241 1007 2425 1075 Psal.
2461 1030 2645 1085 cxut,

1100 1116 1225 1183 16:
1265 1114 1709 1184 Coetumcoeli
1739 1116 2060 1184 Domino.
2100 1117 2225 1185 Hic
2254 1118 2426 1208 petit
2444 1115 2654 1185 coelos

1094 1220 1433 1301 inclinari,
1479 1220 1688 1290 Isaias
1718 1245 1881 1292 vero
1914 1226 2079 1314 petit
2123 1223 2482 1313 disrumpi,
2517 1221 2649 1288 Isa.

1094 1351 1276 1407 κων,
1317 1331 1388 1396 1;
1440 1331 1722 1399 Utinam
1789 1332 2215 1422 dirumperes
2278 1330 2504 1412 coelos,
2590 1336 2652 1395 et

1098 1435 1549 1506 descenderes.
1594 1436 1803 1516 Quasi
1865 1438 2049 1504 enim
2093 1436 2409 1528 quaedam
2441 1434 2657 1504 coelo-

1097 1566 1251 1611 rum
1284 1543 1617 1633 disruptio
1651 1544 1827 1611 facta
1866 1552 1990 1622 est,
2036 1544 2309 1636 quando
2352 1543 2469 1610 illa
2497 1566 2658 1634 per-

1097 1673 1266 1720 sona
1299 1651 1648 1719 incarnata
1678 1660 1805 1730 est,
1849 1660 1917 1719 et
1956 1652 2105 1719 aliae
2145 1675 2309 1720 non.

1190 1783 1224 1824 «
1263 1761 1354 1827 Et
1395 1759 1741 1839 descende,
1781 1785 1814 1826 ι
1887 1782 2162 1828 carnem
2213 1759 2650 1827 assumendo

1102 1865 1348 1957 Supra,
1399 1869 1465 1933 in
1498 1866 1682 1934 Psal.
1726 1890 1893 1945 xvu,
1936 1869 2059 1936 10:
2110 1866 2486 1936 Inclinavit
2534 1888 2654 1933 coe·

1101 1970 1231 2050 los,
1291 1981 1356 2039 et
1409 1971 1779 2039 descendit.
1859 1972 2064 2040 Joan.
2108 1995 2212 2060 1ιιι,
2252 1972 2381 2040 13;
2442 1972 2657 2039 Nemo

1098 2078 1406 2146 ascendit
1445 2079 1518 2146 in
1548 2077 1822 2158 coelum,
1868 2080 2006 2147 nisi
2034 2080 2159 2171 qui
2195 2077 2539 2147 descendit
2577 2076 2662 2145 de

1096 2187 1289 2266 coeto,
1310 2196 1439 2256 etc.

1189 2438 1223 2474 «
1257 2412 1488 2503 Tanqe
1532 2421 1820 2480 montes.
1869 2436 1901 2477 ι
1952 2410 2081 2478 Hic
2136 2408 2492 2500 subjungit
2549 2410 2661 2475 in-

1096 2518 1514 2586 carnationis
1554 2518 1873 2595 fructum,
1908 2526 1974 2586 et
2003 2516 2391 2593 utilitatem,
2428 2536 2664 2604 super-

1096 2621 1346 2692 borum
1377 2626 1636 2694 scilicet
1672 2626 2239 2701 commotionem,
2304 2621 2388 2690 ad
2460 2644 2663 2690 com-

1097 2734 1547 2824 punctionem
1584 2759 1601 2802 :
1638 2733 1819 2801 unde
1861 2741 2237 2824 tanguntur
2264 2733 2418 2798 tria.
2472 2729 2660 2797 Infu-

1100 2841 1204 2909 εἰσ
1235 2841 1474 2932 gratioe
1542 2843 1612 2909 in
1651 2840 1982 2932 superbos
2021 2841 2234 2931 priuS.
2309 2838 2659 2923 Secundo,

1102 2947 1380 3016 illorum
1441 2950 1817 3017 commotio
1885 2946 1971 3015 ad
2027 2948 2656 3037 compunctionem,

1102 3055 1224 3140 ibi,
1287 3081 1322 3122 a
1365 3058 1462 3125 Et
1513 3055 1995 3148 stemiqabunt.
2034 3080 2067 3121 ι
2138 3055 2393 3137 Tertio,
2462 3076 2661 3122 com-

1100 3174 1515 3256 punctorum
1581 3162 1995 3244 humiliatio,
2065 3162 2185 3244 ibi,
2260 3187 2293 3228 α
2337 3161 2657 3254 Fulyura

1097 3275 1658 3344 coruscationem.
1708 3300 1741 3341 ι

1191 3380 1366 3449 Dicit
1394 3403 1560 3473 ergo
1598 3404 1612 3449 :
1648 3379 1762 3449 Sic
1793 3379 2151 3459 descende,
2188 3387 2259 3448 et
2289 3403 2323 3446 ι
2352 3389 2588 3470 tanqe,
2618 3403 2651 3444 ι

1092 3487 1160 3556 id
1192 3497 1316 3567 est,
1362 3496 1626 3580 tanges,
1689 3514 1723 3553 ox
1758 3497 2042 3569 montes,
2081 3513 2115 3549 n
2175 3485 2530 3576 superbo&
2588 3493 2656 3554 et

1091 3594 1314 3664 claros
1354 3598 1573 3688 gratia
1604 3605 1721 3665 tua
1770 3596 2076 3663 interius·
2133 3594 2377 3663 Genes.
2436 3617 2650 3676 xxvu,

1092 3706 1171 3773 21
1207 3728 1223 3773 z
1265 3705 1524 3774 Accede
1548 3706 1701 3783 huc,
1734 3714 1813 3773 ut
1843 3715 2132 3795 tanqam
2162 3713 2250 3783 te,
2290 3703 2407 3792 fita·
2434 3705 2558 3771 mi.

1184 3844 1218 3880 et
1277 3819 1375 3886 Et
1427 3814 1905 3908 stenaiqabunt,
1964 3841 1997 3876 ιι
2066 3814 2395 3883 commoti
2463 3836 2651 3883 com·

1090 3924 1461 4016 punctione
1571 3922 2102 4014 praecedentium
2211 3921 2645 3990 delictorum.

1089 4030 1312 4100 Exod.
1350 4054 1492 4107 xix,
1536 4033 1656 4100 ¹8:
1707 4032 1913 4099 Totus
1947 4053 2142 4098 mons
2170 4031 2378 4100 Sinai
2401 4031 2653 4120 suma-

1090 4137 1233 4220 bat,
1264 4161 1342 4207 eo
1380 4138 1571 4231 quod
1595 4138 2043 4207 descendisset
2074 4137 2416 4204 Dominus
2440 4157 2652 4228 super

1087 4270 1243 4316 eum
1283 4250 1357 4315 in
1388 4248 1566 4338 iqne.
1621 4245 1853 4315 Placet
1888 4245 2189 4314 Domino
2229 4245 2458 4312 fumus
2490 4245 2641 4313 iste.

1086 4355 1220 4423 lsa.
1255 4377 1415 4433 χιιι,
1479 4356 1560 4424 3:
1627 4353 1997 4425 Calamam
2043 4361 2452 4445 quassatum
2509 4373 2645 4420 non

1084 4472 1407 4549 conteret,
1440 4472 1505 4530 et
1538 4461 1761 4531 tinum
1802 4462 2167 4553 sumiqans
2221 4483 2358 4529 non
2387 4462 2650 4529 exstin-

1082 4581 1272 4664 quet.
1309 4571 1442 4640 lsa.
1484 4594 1582 4649 vi,
1616 4571 1694 4640 4:
1726 4572 2020 4647 Domus,
2057 4568 2180 4636 Dei
2211 4568 2492 4647 scilicet,
2539 4591 2651 4637 re-

1081 4681 1279 4774 pleta
1324 4688 1423 4747 est
1475 4681 1702 4770 sumo.
1762 4677 2019 4745 Fumus
2070 4699 2364 4769 magnus
2419 4685 2523 4745 est
2551 4679 2653 4746 si-

1088 4811 1303 4881 gnum
1370 4789 1603 4879 magni
1669 4786 1872 4879 ignis,
1934 4793 2003 4854 et
2054 4787 2286 4877 magni
2327 4784 2645 4877 hospitis.

1085 4895 1290 4964 Joan.
1358 4917 1501 4975 xiv,
1544 4894 1678 4964 23:
1747 4893 1863 4964 Ad
1921 4915 2081 4963 eum
2146 4894 2525 4975 veniemus,
2583 4903 2675 4999 et·

1091 5000 1517 5071 mansionem
1547 5000 1745 5094 apud
1778 5021 1936 5071 eum
1962 5000 2324 5091 jaciemus.
2356 4998 2645 5091 Apocal.

1088 5136 1236 5195 vm,
1278 5113 1320 5181 4
1355 5133 1371 5179 ε
1439 5110 1762 5180 Ascendit
1824 5111 2070 5202 sumus
2099 5110 2529 5177 incensorum
2566 5108 2653 5179 de

1088 5218 1523 5290 orationibus
1572 5227 1968 5287 sanctorum
2010 5217 2094 5286 dc
2129 5239 2345 5286 manu
2395 5216 2653 5308 Anqeli

1096 5351 1332 5400 coram
1370 5330 1540 5398 Deo.

1173 5781 1192 5820 ¹
1222 5776 1354 5853 Job,
1403 5793 1496 5850 n,
1553 5780 1655 5835 ¹22
1691 5776 1864 5838 Nervi
1918 5774 2306 5833 testiculorum
2355 5774 2476 5849 ejus
2517 5789 2651 5847 per-

4170 401 4296 467 493

2853 569 3237 658 «Fulqzcra
3278 572 3836 636 coruscationem.
3887 596 3920 632 »
3982 569 4106 637 Hic
4165 579 4301 636 ter-

2756 677 2952 755 tium,
3023 680 3326 766 ipsorum
3396 677 3651 744 scilicet
3725 677 4136 755 humiliatio,
4235 687 4299 744 et

2757 808 2877 877 per
2905 786 3066 854 du0.
3104 785 3234 853 Per
3257 785 3740 854 miraculorum
3762 790 4299 855 coruscationem

2758 897 3003 987 primo.
3054 894 3394 974 SecundO,
3454 918 3575 985 per
3639 895 4132 986 praedicationis
4197 899 4306 964 iu-

2758 1006 3104 1085 stantiam,
3141 1001 3256 1085 ibi,
3303 1031 3337 1065 «
3378 1006 3641 1070 Emitte
3666 1004 3982 1093 saqittaS.
4022 1029 4053 1067 n

2847 1113 3027 1180 Dicit
3057 1133 3220 1201 ergo
3249 1134 3263 1177 :
3302 1109 3418 1178 Sic
3445 1119 3650 1201 tange
3684 1120 3979 1188 montes,
4013 1122 4080 1178 et
4107 1112 4307 1178 fumi-

2761 1220 3043 1311 gabunt,
3114 1230 3178 1287 et
3236 1222 3439 1287 etiam
3501 1247 3534 1283 α
3566 1221 3888 1311 fulqura,
3940 1246 3972 1286 ι)
4044 1221 4111 1288 id
4178 1231 4302 1306 est,

2760 1328 3049 1420 fulgora,
3106 1327 3173 1395 id
3231 1336 3357 1410 est,
3420 1326 3739 1414 clarifica,
3816 1354 3848 1394 α
3891 1332 4309 1398 coruscatio-

2761 1460 2938 1514 nem,
2985 1463 3018 1498 »
3075 1434 3142 1502 id
3181 1444 3307 1513 est,
3345 1436 3698 1515 miracula,
3734 1460 3883 1527 quae
3930 1448 4089 1504 sunt
4128 1461 4308 1528 quae-

2763 1544 2919 1612 dam
2985 1544 3396 1622 coruscatiO,
3440 1542 3707 1612 declara
3749 1553 3816 1611 et
3882 1543 4299 1624 demonstra,

2763 1651 2937 1718 sicut
3004 1674 3123 1741 per
3184 1649 3336 1717 Joel
3393 1651 3810 1740 promissum
3853 1660 3979 1729 est,
4025 1675 4095 1730 11,
4168 1655 4302 1720 30:

2761 1758 2959 1827 Dabo
2991 1758 3323 1849 prodiqia
3355 1760 3423 1824 in
3463 1758 3660 1837 coelo,
3704 1782 3998 1834 sursum,
4024 1772 4089 1827 et
4116 1763 4311 1851 signa

2764 1868 2838 1933 in
2903 1875 3110 1942 terra,
3185 1865 3532 1933 deorsum.
3604 1864 3810 1933 Eccli.
3885 1889 4116 1943 xxxvi,
4187 1874 4227 1935 ti
4291 1890 4306 1937 :

2761 1974 3023 2042 Innova
3051 1975 3279 2064 siqna,
3350 1984 3413 2040 et
3467 1974 3764 2041 immuta
3812 1975 4192 2042 mirabilia.
4228 1976 4312 2043 Et

2763 2084 2858 2152 sic
2887 2083 3139 2151 factum
3170 2091 3293 2163 est,
3333 2082 3540 2150 Marc.
3573 2105 3715 2161 xvi,
3759 2083 3844 2151 20
3878 2106 3893 2150 ε
3936 2084 4064 2152 Illi
4083 2096 4309 2153 autem

2759 2192 3057 2282 profecti
3104 2190 3656 2281 proedicaverunt
3704 2190 3976 2282 ubique,
4016 2195 4308 2261 Domino

2770 2307 3168 2389 cooperante
3204 2306 3269 2366 et
3293 2320 3669 2366 sermonem
3697 2300 4167 2387 confirmante,
4199 2326 4310 2369 se-

2767 2405 3131 2497 quentibus
3180 2407 3422 2498 siquis.
3455 2405 3614 2487 Job,
3656 2429 3894 2484 xxxvi,
3963 2409 4046 2474 :29
4079 2420 4145 2476 et
4174 2411 4257 2477 30
4289 2432 4304 2477 ε

2764 2515 2848 2584 Si
2876 2515 3169 2582 voluerit
3196 2514 3554 2583 extendere
3598 2513 3811 2582 nubes
3855 2518 4057 2606 quasi
4086 2527 4308 2584 tento-

2767 2625 2950 2691 rium
2978 2646 3210 2704 suum,
3234 2633 3299 2690 et
3341 2624 3719 2714 [utqurare
3748 2625 4011 2692 lumine
4035 2649 4159 2693 suo
4189 2628 4311 2693 dc-

2763 2753 2990 2823 super,
3053 2729 3368 2798 cardines
3432 2754 3701 2822 quoque
3761 2733 3975 2798 maris
4030 2736 4302 2826 operiet.

2765 2837 2912 2906 Hoc
2942 2848 3045 2907 est
3073 2837 3256 2928 quod
3287 2836 3495 2916 addit,
3533 2865 3565 2903 α
3601 2841 3696 2907 Et
3717 2839 4086 2931 dissipabis
4115 2869 4244 2920 eos,
4271 2871 4304 2908 s

2765 2950 2879 3038 qui
2911 2948 3100 3038 prius
3140 2958 3333 3016 erant
3361 2956 3601 3016 contra
3631 2957 3696 3017 te
3725 2949 4050 3042 colligati.
4080 2952 4302 3021 Judic.

2764 3076 2879 3133 xv,
2913 3056 2980 3135 4,
3016 3054 3276 3146 Vulpes
3306 3054 3663 3124 Samsonis
3689 3055 3941 3125 caudas
3972 3057 4308 3128 habebant

2764 3161 2847 3231 ad
2886 3161 3181 3232 invicem
3212 3161 3591 3254 colligatas,
3632 3163 3794 3242 Job,
3823 3188 3932 3250 xc,
3974 3169 4074 3245 12,
4103 3168 4306 3237 Nervi

2761 3271 3226 3340 testiculorum
3269 3269 3651 3339 Behemoth
3700 3273 4005 3364 perplexi
4060 3285 4218 3345 sunt
4260 3281 4304 3353 ¹,

2760 3382 2891 3449 nisi
2913 3381 3427 3472 disrumpantur
3461 3405 3585 3473 per
3615 3384 3966 3451 miracula.

2852 3514 2886 3557 ι
2929 3491 3194 3559 Emitte
3234 3492 3556 3580 saqittas.
3593 3514 3628 3556 a
3689 3490 3860 3559 Ecce
3904 3494 4302 3562 secundum.

2762 3599 2971 3679 Quasi
3004 3598 3254 3668 diceret
3290 3621 3306 3666 ε
3355 3598 3469 3667 Sic
3507 3621 3791 3668 corusca
3848 3601 4200 3682 miracula,
4244 3613 4306 3671 ct

2760 3709 2964 3776 etiam
2998 3732 3032 3773 «
3062 3709 3293 3775 emitte
3316 3708 3637 3796 sayittas,
3676 3732 3709 3773 ι
3743 3718 3974 3777 acutas
4011 3713 4310 3779 auctori-

2759 3824 2930 3885 tates
2985 3837 3194 3884 sacrae
3252 3814 3644 3906 Scriptum,
3705 3816 3789 3884 de
3849 3818 4117 3907 quibus,
4174 3822 4299 3890 lsa.

2758 3945 2904 4000 xm,
2943 3923 3069 3990 18:
3112 3922 3412 4013 Saqittis
3468 3921 3807 4013 parvulos
3872 3924 4298 4012 interficient.

2761 4054 2796 4095 a
2827 4032 2921 4099 Et
2957 4027 3397 4097 conturbabis
3415 4052 3550 4108 eos,
3586 4055 3622 4093 ι
3654 4028 3739 4097 ad
3789 4028 4070 4114 bonum,
4114 4042 4180 4100 et
4218 4032 4303 4101 ad

2757 4137 3377 4231 poenitentiam.lV
3419 4137 3590 4229 neg.
3626 4161 3769 4216 xiii,
3839 4140 3962 4206 ¹7:
4022 4142 4299 4231 Saqitta

2756 4247 3012 4318 salutis
3038 4245 3317 4315 Domini
3373 4259 3611 4315 contra
3683 4248 3992 4338 Syriam.
4039 4247 4294 4318 llabac.

2759 4376 2857 4436 m,
2896 4356 2969 4422 ll
3004 4376 3021 4423 ε
3058 4355 3141 4422 In
3189 4352 3341 4422 luce
3371 4355 3792 4445 saqittarum
3848 4366 4157 4438 tuarum,
4198 4379 4302 4422 sa-

2757 4485 3022 4533 crarum
3054 4460 3309 4531 scilicet
3337 4461 3846 4540 auctoritatum,
3889 4461 4109 4531 ibunt.
4145 4462 4297 4542 vel,

2753 4570 3046 4661 saqittas
3069 4569 3365 4660 appellat
3386 4570 3571 4658 ipsos
3599 4568 4103 4659 praedicatoreS,
4129 4595 4302 4663 quos

2756 4678 3004 4746 emittit
3077 4675 3161 4746 de
3226 4674 3543 4768 pharetra
3621 4677 4094 4767 providentiae.
4167 4680 4298 4750 lsa.

2755 4810 2938 4865 xux,
2972 4788 3055 4856 2:
3117 4787 3363 4855 Posuit
3424 4808 3535 4854 me
3568 4788 3747 4856 sicut
3772 4789 4104 4880 saqittam
4171 4789 4303 4856 ete-

2758 4905 2963 4964 ctam.

2848 5240 2882 5281 «
2923 5215 3184 5284 Emitte
3212 5237 3521 5284 manum.
3562 5243 3595 5280 ι
3628 5216 3758 5286 Hic
3803 5219 4203 5303 secundum,
4232 5224 4301 5290 in

2757 5346 2893 5416 quo
2925 5325 3094 5416 petit
3129 5348 3171 5394 a
3232 5324 3436 5396 Patre
3473 5335 3550 5394 ut
3600 5329 3830 5395 mittat
3876 5326 4150 5413 Filium,
4190 5334 4299 5401 cui

2749 5433 2893 5523 jam
2923 5433 3332 5527 supplicavit
3393 5443 3470 5505 ut
3535 5434 4023 5508 descenderet:
4083 5448 4150 5509 et
4205 5441 4303 5510 di-

2758 5549 3006 5612 cuntur
3039 5542 3202 5614 duo.
3262 5543 3527 5627 Primo,
3570 5545 3809 5636 petitio
3855 5544 3944 5616 ad
3994 5546 4297 5630 Patrem,

2751 5748 2915 5847 pleni
2928 5775 3076 5829 nme.
