5008 6329
1850 197 2556 270 COMMENTARIUS
2604 201 2698 268 ΙΝ
2744 201 3184 272 PSALMUM
3234 202 3544 273 CXVIII.

1183 372 1789 460 «Justificationes
1847 382 2024 443 tuas.
2067 403 2096 439 υ
2183 375 2311 443 Ilie
2385 396 2636 441 secun-

1089 481 1280 561 dum,
1332 503 1454 570 per
1493 478 1678 570 quod
1707 481 1970 563 suadet,
2015 490 2080 550 et
2108 474 2301 572 quasi
2332 480 2629 546 diceret:

1094 587 1206 655 Sic
1245 586 1566 666 laudabo,
1603 587 1881 679 insuper
1905 596 1971 655 et
2011 613 2043 652 α
2077 585 2461 655 custodiam
2498 584 2638 672 ju-

1086 695 1532 783 stificationes
1563 704 1741 773 tuas,
1774 720 1807 761 ι
1843 718 2048 787 opera
2078 694 2360 782 justitiae
2388 690 2638 758 facien-

1089 802 1202 870 do,
1241 801 1489 893 Supra,
1527 803 1595 870 in
1636 803 1819 871 Psal.
1862 825 1993 880 cuv,
2029 801 2112 866 44
2158 808 2223 866 et
2263 799 2346 867 45
2376 821 2391 865 ε
2425 798 2637 865 Dedit

1090 908 1241 978 illis
1276 912 1584 1000 reqiones
1609 911 1948 1001 qentium,
1990 918 2052 974 et
2096 905 2362 975 labores
2406 928 2637 997 popu-

1093 1017 1320 1085 lorum
1361 1016 1811 1109 possederunt
1855 1038 1878 1081 .·
1921 1022 1996 1082 ut
2066 1013 2456 1083 custodiant
2501 1012 2638 1101 ju-

1088 1124 1538 1212 stificationes
1574 1121 1756 1211 ejus,

1183 1365 1217 1405 ι
1259 1339 1415 1407 Non
1462 1359 1570 1404 me
1609 1335 2072 1427 derelinquas·
2109 1357 2142 1398 ι
2204 1332 2331 1400 Hic
2383 1352 2621 1399 seeun-

1091 1447 1280 1525 dum,
1316 1443 1500 1535 quod
1530 1445 1725 1534 petit,
1758 1441 2013 1511 seilicet
2042 1448 2117 1508 ut
2156 1442 2215 1507 ei
2254 1439 2451 1507 detur
2489 1459 2639 1527 per-

1090 1574 1401 1622 severare
1450 1553 1522 1619 in
1577 1549 1887 1620 custodia
1927 1546 2401 1615 mandatorum
2433 1553 2499 1613 et
2529 1544 2641 1633 ju-

1090 1663 1603 1732 stificationum.

1180 1771 1293 1841 Ait
1332 1771 1566 1841 enim:
1632 1768 1749 1838 Sic
1784 1768 2092 1837 desidero
2132 1772 2209 1834 ut
2254 1763 2644 1854 dirigantur

1090 1882 1221 1950 viae
1250 1902 1424 1949 meae
1458 1901 1475 1947 ε
1512 1886 1581 1948 et
1617 1887 1783 1947 tune
1813 1875 2191 1946 custodiam
2207 1871 2641 1964 justificatio-

1091 2009 1253 2055 nes:
1296 1995 1363 2054 et
1401 1993 1501 2063 tu,
1524 1984 1845 2063 Domine,
1873 2008 1906 2049 ι
1929 2006 2064 2052 non
2084 2004 2192 2050 me
2208 1979 2644 2068 derelinquas

1094 2118 1604 2187 usquequaque,
1641 2119 1677 2161 s
1709 2092 1841 2162 hoc
1870 2100 1998 2171 est,
2039 2089 2331 2158 finaliter
2361 2110 2376 2155 ε
2405 2108 2649 2155 seeun-

1091 2206 1255 2274 dum
1307 2202 1514 2271 aliam
1570 2199 1892 2281 litteram,
1965 2225 2000 2261 α
2040 2217 2257 2288 usque
2321 2192 2545 2261 valde.
2605 2218 2641 2255 n

1090 2316 1280 2383 Deus
1331 2313 1515 2381 enim
1558 2310 1643 2378 ad
1676 2308 2022 2377 modicum
2064 2302 2432 2395 aliquando
2486 2324 2649 2370 suos

1094 2420 1529 2511 derelinquit.
1593 2416 1730 2486 lsa.
1800 2437 1934 2494 mv,
1996 2416 2034 2482 Ἰ
2069 2432 2087 2482 :
2136 2412 2252 2481 Ad
2310 2421 2647 2502 puuctum

4174 203 4302 270 243

2745 375 2817 438 in
2854 375 3122 441 modico
3185 374 3530 465 dereliqui
3595 385 3682 455 te,
3728 373 3996 464 supple,
4051 381 4119 441 et
4172 372 4304 441 hoc

2743 480 3179 570 passionibus
3227 481 3596 572 aliquando
3658 480 4095 572 exponendo.
4151 478 4302 546 Ali-

2745 587 3019 676 quando
3049 610 3214 655 vero
3237 587 3645 678 exponendo
3676 586 4198 664 tentationibuS,
4225 593 4303 653 ut

2743 696 2958 763 virtus
2987 695 3402 785 perficiatur,
3447 695 3623 762 sicut
3675 693 3996 779 Paulum,
4032 694 4142 762 cui
4191 692 4305 759 da-

2742 812 2853 872 tus
2891 811 2991 871 est
3032 802 3316 894 angelus
3359 802 3658 880 Satanae,
3694 800 4019 869 stimulus
4050 800 4308 869 scilicet

2744 912 2965 979 carnis
3001 933 3169 995 suae,
3196 918 3271 977 ut
3302 911 3527 1001 ipsum
3558 908 4080 999 colaphizaret¹.
4108 907 4195 974 Et
4237 908 4306 974 in

2745 1018 3005 1096 eodem,
3049 1017 3113 1085 11
3161 1018 3248 1085 ad
3308 1016 3618 1086 Corinth.
3667 1020 3854 1098 xn,9
3893 1040 3909 1085 τ
3967 1017 4195 1084 Virtus
4230 1016 4303 1082 in

2746 1125 3151 1213 infirmitate
3207 1124 3592 1215 perficitur.
3689 1122 3825 1192 Sed
3891 1121 4309 1213 derelinquit

2744 1254 2961 1322 usque
3030 1231 3258 1310 valde,
3318 1231 3593 1322 quando
3653 1233 3724 1299 in
3771 1229 4300 1320 impatientiam,

2742 1338 2850 1407 vel
2909 1340 2980 1406 in
3020 1337 3384 1406 mortalem
3417 1337 3689 1428 eulpam
3751 1335 3993 1405 eadere
4031 1335 4309 1426 permit·

2744 1447 2848 1514 tit.
2894 1445 3143 1536 Supra,
3188 1446 3256 1512 in
3299 1444 3481 1513 Psal.
3517 1467 3673 1522 Lxx,
3714 1445 3834 1512 11:
3881 1445 4071 1512 Deus
4109 1443 4309 1510 dere·-

2750 1553 2960 1643 liquit
2987 1575 3143 1620 eum
3184 1575 3208 1619 .·
3232 1552 3756 1643 persequimini,
3781 1559 3846 1617 et
3873 1549 4314 1642 comprehen-

2750 1661 2891 1730 dite
2917 1684 3097 1730 eum.

2840 1884 2920 1953 Iu
2984 1881 3119 1952 hoe
3182 1881 3562 1966 octonario,
3595 1880 3667 1948 in
3732 1901 3871 1972 quo
3926 1878 4311 1949 ostenditur

2755 1990 3104 2084 quomodo
3143 1997 3448 2059 cessatur
3474 2012 3513 2056 a
3543 1995 3824 2079 peceato
3856 1987 4108 2055 intuitu
4136 2007 4310 2077 prae-

2756 2103 2903 2183 mii,
2935 2108 3003 2169 et
3058 2099 3362 2167 mandati
3430 2096 3584 2180 Dei,
3619 2105 3685 2164 et
3742 2103 3983 2165 oratur
4009 2103 4087 2164 ut
4115 2095 4315 2163 detur

2758 2208 3134 2300 intelligere
3162 2206 3508 2287 mandate,
3551 2213 3620 2273 et
3650 2203 4009 2297 proficere,
4054 2211 4123 2272 et
4151 2225 4313 2293 per-

2757 2339 3095 2400 severare,
3117 2324 3186 2383 et
3208 2313 3296 2383 ob
3317 2312 3450 2382 hoe
3468 2310 3643 2381 bene
3666 2312 3895 2378 Amen
3926 2310 4043 2409 (N
4057 2310 4107 2400 ),
4130 2307 4316 2402 quod

2759 2427 3241 2514 interpretatur
3269 2420 3610 2499 doctrina,
3635 2417 4085 2510 praeponitur.

2527 2966 2719 3034 em
2750 2962 2879 3061 (ῃ)

1134 3409 1202 3476 9.
1262 3384 1342 3452 ln
1395 3402 1543 3473 quo
1568 3378 1866 3470 corrigit
1895 3372 2415 3447 adolescentior
2449 3370 2639 3441 viam

1360 3486 1607 3558 suam?
1647 3485 1721 3556 in
1754 3480 2232 3554 custodiendo
2270 3497 2643 3548 sermones

1358 3613 1550 3666 tuos.

1105 3729 1211 3777 ιο.
1267 3705 1352 3774 In
1409 3719 1565 3775 toto
1617 3699 1836 3772 corde
1893 3719 2056 3769 meo
2098 3692 2448 3788 exquisivi
2497 3710 2566 3762 te
2618 3712 2638 3760 t

1363 3834 1453 3882 ne
1537 3807 1843 3903 repellas
1938 3827 2055 3877 me
2144 3825 2188 3874 a
2276 3799 2641 3873 mandatis

1359 3918 1530 3991 tuis.

1104 4054 1210 4101 11.
1266 4030 1347 4099 ln
1379 4025 1595 4099 corde
1618 4045 1783 4095 meo
1800 4019 2146 4094 abscondi
2168 4016 2456 4111 eloquia
2484 4033 2636 4102 tua,

1361 4152 1440 4206 ut
1489 4155 1632 4204 non
1677 4151 1965 4225 peccem
1995 4126 2153 4200 tibi.

1103 4266 1211 4316 ια.
1268 4239 1703 4312 Benedictus
1751 4260 1855 4323 es,
1914 4232 2273 4308 Domine:
2315 4230 2492 4301 doce
2524 4251 2639 4301 me

1360 4341 1906 4439 justificationes
1958 4357 2145 4413 tuas.

1161 4686 1181 4723 ¹
1213 4683 1264 4739 11
1316 4680 1395 4739 ed
1446 4678 1717 4740 Corinth.
1775 4693 1877 4747 ιιι,
1923 4680 1957 4733 7
2016 4676 2139 4735 :Bt
2187 4691 2257 4731 ne
2308 4671 2637 4744 mqniwdo

1083 4771 1486 4833 mmmm·
1538 4768 1772 4827 extollat
1823 4782 1930 4835 me,
1953 4766 2119 4824 datus
2157 4770 2237 4823 ese
2271 4762 2411 4821 mihi
2435 4760 2636 4820 stimu-

2764 3367 2869 3439 13.
2925 3365 3007 3435 In
3060 3361 3272 3434 labiis
3310 3357 3495 3431 meis
3550 3351 4018 3452 pronuntiavi
4067 3349 4315 3423 omnia

3020 3467 3291 3561 judicia
3326 3464 3477 3538 oris
3516 3463 3651 3535 tui.

2762 3601 2870 3669 ¹4·
2924 3579 3011 3650 In
3040 3576 3158 3648 via
3214 3570 3809 3646 testimoniorum
3850 3585 4151 3639 tuorum
4189 3562 4324 3636 de-

3018 3684 3323 3754 lectatus
3363 3700 3556 3765 sum,
3599 3675 3788 3748 sicut
3843 3673 3919 3745 in
3966 3670 4318 3744 omnibus

3016 3787 3325 3862 divitiis.

2762 3906 2868 3974 15.
2924 3899 3009 3970 In
3071 3893 3439 3969 mandatis
3510 3892 3659 3964 tuis
3751 3886 4165 3968 exercebor,
4247 3903 4320 3958 et

3014 4002 3496 4078 considerabo
3528 3999 3684 4073 vias
3723 4008 3912 4070 tuas.

2761 4115 2867 4188 16.
2912 4116 2996 4186 In
3074 4105 3723 4203 justificationibus
3789 4103 3938 4176 tuis
4002 4098 4324 4177 medita-

3020 4222 3180 4303 bor,
3258 4240 3403 4291 non
3475 4212 3871 4288 obliviscar
3943 4232 4320 4286 sermones

3015 4347 3212 4402 1008·

2744 4678 2829 4734 ιω
2855 4674 3041 4734 earnis
3066 4685 3223 4740 nen,
3251 4667 3485 4741 moetus
3529 4666 3777 4734 Samo,
3798 4662 3901 4735 qut
3924 4675 4015 4718 nu
4056 4653 4318 4729 catapu-

2740 4771 2850 4828 set.
