5008 6329
669 241 797 308 470

761 440 792 478 ι
832 417 1163 509 Corripiet
1190 443 1316 486 me.
1354 447 1389 483 »
1413 421 1587 490 Ecce
1617 424 2019 491 secundum.
2041 421 2216 502 Qua-

666 519 721 584 si
770 521 1066 591 diceret:
1138 524 1251 593 Sic
1318 552 1457 597 non
1535 534 2088 615 communicabO,
2150 542 2217 601 et

665 628 868 693 etiam
901 654 932 692 ι
975 634 1293 723 corripiet
1334 659 1466 717 me,
1505 664 1537 704 ι»
1569 639 1702 708 hoc
1757 665 1869 709 me
1909 642 2209 723 volente,

665 759 696 790 κ
729 732 970 820 justus
1011 741 1078 804 in
1128 744 1624 826 misericordia,
1673 773 1706 814 ιι
1760 757 1824 815 et
1875 746 2008 815 hoc
2066 770 2216 814 ver-

568 887 577 900 .
657 837 929 911 heribus
968 856 1031 914 et
1083 848 1271 918 iactis
1311 855 1365 919 si
1428 878 1601 945 opus
1650 857 1761 923 sit.
1835 854 1971 922 Sed
2038 855 2210 921 bene

656 948 864 1036 addit,
922 983 955 1017 «
1011 958 1091 1023 In
1141 960 1632 1027 misericordia.
1692 988 1726 1022 »
1818 959 2065 1050 Supra,
2138 961 2208 1027 in

654 1055 836 1128 Psal.
907 1086 1177 1147 mxxix,
1224 1066 1356 1132 10:
1416 1068 1763 1150 Quoniam
1818 1070 2210 1159 supervenit

654 1169 1128 1246 mansuetudo,
1190 1182 1256 1238 et.
1297 1174 1775 1264 corripiemur.
1835 1176 1943 1243 Ad
1979 1175 2202 1243 Galat.

546 1271 553 1277 ’
650 1295 745 1350 w,
789 1276 817 1339 1
868 1276 1000 1344 :Si
1039 1294 1562 1372 praeoccupatus
1615 1286 1836 1373 fuerit
1892 1284 2094 1351 lzomo
2132 1288 2205 1351 in

651 1379 889 1468 aliquo
926 1380 1196 1465 delicto,
1229 1410 1345 1454 vos
1408 1393 1532 1480 qui
1584 1391 1989 1482 spirituales
2017 1394 2196 1469 estis,

647 1481 1055 1572 hujusmodi
1092 1492 1407 1560 instruite
1436 1497 1506 1560 in
1553 1497 1807 1586 spiritu
1867 1496 2200 1563 lenitatis.

645 1587 834 1658 Tunc
888 1597 1222 1686 rumpitur
1304 1599 1627 1689 iniquitas
1698 1624 1737 1667 a
1818 1600 1990 1669 facie
2068 1600 2198 1668 olei

645 1700 1145 1771 misericordiae.
1204 1704 1337 1773 Isa.
1389 1730 1459 1787 x,
1505 1709 1641 1775 27:
1693 1709 2201 1800 Computrescet

631 1804 897 1897 juqum
928 1834 970 1877 a
1006 1813 1190 1900 socie
1225 1814 1383 1881 olei.
1423 1815 1715 1906 Propter
1753 1815 1883 1884 hoc
1923 1817 2191 1899 dicitur,

645 1911 773 1980 lsa.
817 1938 957 1994 xvi,
993 1919 1032 1985 5
1069 1940 1083 1983 :
1138 1921 1663 2011 Praeparabitur
1716 1925 1789 1989 in
1819 1925 2198 1991 misericor·

642 2020 763 2088 dia
787 2022 1065 2091 solium.

733 2156 766 2191 «
799 2130 894 2196 Εἰ
922 2130 1296 2223 increpabit
1334 2157 1462 2215 me,
1489 2164 1519 2196 n
1560 2136 1812 2204 verbis.
1857 2136 2188 2204 Proverb.

644 2259 738 2312 ix,
772 2238 870 2304 8:
931 2241 1161 2329 Arque
1205 2244 1608 2333 sapientem,
1665 2256 1727 2311 et
1794 2245 2043 2337 diliqet
2101 2256 2186 2312 te.

642 2344 701 2412 ll
770 2347 854 2414 ad
907 2347 1202 2419 Timoth.
1265 2374 1356 2429 ιν,
1392 2353 1430 2418 2
1498 2375 1512 2418 :
1565 2355 1824 2442 Arque,
1889 2353 2187 2439 obsecra,

640 2451 936 2543 increpa.
966 2452 1098 2521 Sed
1119 2465 1347 2524 tamen
1395 2480 1668 2549 semper
1697 2461 1767 2526 in
1807 2461 2192 2528 misericor-

639 2558 772 2626 dia.
800 2560 1001 2629 Eccli.
1036 2585 1180 2643 vm,
1222 2565 1261 2630 6
1287 2587 1303 2630 :
1329 2566 1431 2632 Ne
1476 2566 1814 2657 despicias
1840 2569 2188 2636 hominem

636 2678 1037 2737 avertentem
1056 2693 1128 2738 se
1155 2694 1198 2738 a
1212 2683 1512 2763 peccato,
1533 2698 1749 2766 neque
1769 2678 2186 2768 improperes

635 2779 697 2845 ei
718 2801 740 2845 .·
772 2790 1098 2847 memento
1135 2785 1462 2871 quoniam
1521 2808 1750 2852 omnes
1790 2788 1859 2852 in
1908 2809 2186 2879 correp-

635 2886 816 2954 tione
847 2909 1110 2956 sumus.

727 3123 760 3162 ι
807 3099 1048 3169 Oleum
1072 3109 1326 3168 autem.
1365 3128 1397 3162 >v
1442 3101 1571 3172 Hic
1600 3104 1902 3184 tertium,
1929 3104 2185 3174 scilicet

633 3201 794 3294 fuga
824 3206 1230 3275 adulationis
1259 3217 1325 3275 ct
1354 3210 1618 3279 vitatio.
1642 3211 1850 3289 Quasi
1874 3212 2125 3281 diceret
2159 3235 2176 3280 ε

637 3312 749 3379 Sic
791 3337 896 3382 me
932 3318 1271 3407 corripiet,
1317 3327 1382 3385 et
1425 3320 1797 3410 increpabit
1820 3322 2073 3409 justuS,
2116 3330 2183 3389 et

632 3423 1077 3511 acquiescam.
1123 3453 1154 3484 «
1198 3424 1442 3493 Oleum
1473 3438 1705 3494 autem
1719 3431 2119 3518 peccatoris,
2143 3454 2176 3494 ι

634 3529 799 3598 falsa
839 3532 1321 3612 misericordia,
1383 3545 1448 3602 et
1485 3534 1897 3603 adulationis
1943 3535 2177 3616 verba,

643 3666 674 3699 α
707 3661 838 3705 non
886 3640 1290 3732 impinquet‚
1343 3670 1374 3703 υ
1439 3642 1548 3711 vel
1634 3643 1901 3721 melius,
1968 3668 2003 3710 ι
2042 3667 2178 3711 non

633 3745 1094 3835 impinquabit
1122 3757 1330 3838 caput
1359 3771 1611 3828 meum,
1658 3778 1688 3810 ι
1728 3759 2030 3818 mentem
2055 3751 2181 3817 sci-

631 3849 782 3918 licet
832 3874 1076 3935 meam,
1136 3862 1210 3920 ut
1272 3854 1488 3945 ipsam
1545 3855 1663 3923 tali
1733 3855 1886 3924 oleo
1937 3855 2178 3947 inungi

627 3957 1026 4055 suptineam,
1058 3960 1489 4040 sicutille,de
1531 3985 1695 4053 quo,
1730 3963 2065 4043 Osee,v11,
2092 3965 2131 4031 3
2158 3987 2173 4031 :

629 4065 708 4132 In
741 4066 1016 4134 malitia
1041 4090 1169 4135 sua
1226 4068 1748 4158 laetificaverunt
1813 4092 2065 4160 reqem,
2115 4081 2179 4139 et

627 4175 699 4241 in
740 4175 1109 4244 mendaciis
1151 4179 1298 4245 suis
1319 4180 1689 4272 principes.
1737 4177 1886 4247 lloc
1914 4179 2173 4260 oleum,

627 4304 763 4371 quo
793 4281 1082 4352 libenter
1110 4284 1435 4353 mundani
1462 4284 1780 4354 homines
1807 4295 1875 4355 et
1901 4285 2176 4378 superbi

624 4387 864 4479 inungi
900 4387 1164 4468 volunt,
1206 4399 1273 4459 et
1300 4412 1458 4469 care,
1492 4401 1732 4461 emunt
1759 4392 1925 4460 ilud.
1971 4391 2172 4471 Osee,

623 4516 746 4578 xu,
777 4497 836 4573 1,
856 4495 939 4564 de
963 4496 1349 4565 adulatore:
1385 4499 1638 4567 Foedus
1664 4521 1821 4567 cum
1839 4500 2169 4591 Assyriis,

624 4625 779 4671 cum
811 4604 1141 4695 superbis,
1187 4606 1368 4683 iniit,
1401 4615 1465 4673 et
1505 4607 1737 4676 oleum
1787 4609 1858 4675 in
1889 4610 2176 4699 AE'qyp-

623 4723 799 4797 tum,
832 4714 913 4783 ad
934 4716 1326 4785 tenebrosos
1354 4726 1419 4786 et
1450 4717 1848 4787 obscuratos
1867 4736 2167 4811 peccato,

622 4822 910 4914 serebat.
958 4821 1118 4904 Sed,
1154 4823 1479 4895 proverb.
1525 4848 1736 4906 xxvu,
1770 4829 1835 4902 6.
1870 4827 2119 4896 dicitur
2151 4852 2167 4897 ε

624 4931 921 4999 Meliora
981 4941 1142 4999 sunt
1196 4932 1484 5001 vulnera
1541 4934 1897 5026 diliqentis
1961 4958 2169 5025 quam

624 5039 1080 5127 fraudulenta
1116 5039 1351 5107 oscula
1415 5042 1730 5108 odientis.
1783 5041 2007 5110 Eccle.
2050 5066 2169 5124 vn,

630 5148 670 5211 6
726 5168 742 5213 :
784 5147 1034 5214 Melius
1062 5156 1160 5215 est
1187 5170 1230 5214 a
1284 5149 1593 5238 sapiente
1638 5151 1915 5241 corripi,
1960 5175 2171 5241 quam

622 5252 993 5322 stultorum
1032 5254 1436 5322 adulatione
1473 5253 1718 5345 decipi.

702 5593 718 5631 ¹
752 5591 951 5648 Mattb.
1001 5604 1082 5661 vi,
1131 5589 1163 5645 9
1194 5592 1254 5646 et
1281 5604 1408 5664 seq.
1440 5609 1455 5648 ε
1503 5590 1596 5651 Sir
1622 5612 1755 5667 ervo
1781 5610 1876 5652 vos
1923 5590 2176 5662 orabitis,

1652 253 1737 318 D.
1789 251 1990 319 ΑΕΒ.
2045 250 2264 318 MAG.

2319 250 2526 318 ORD.
2578 250 2875 318 PRAED.

2417 450 2449 484 «
2490 425 2831 508 Quoniam
2864 424 3091 492 adbuc
3120 434 3214 491 est
3253 426 3496 491 oratio.
3543 453 3574 485 ι»
3609 424 3733 491 Hic
3766 443 3870 489 os-

2324 528 2624 595 tenditur
2661 531 2868 596 etiam
2907 528 3165 597 fructus
3221 530 3289 595 in
3321 526 3497 607 aliis,
3539 528 3869 614 adjunctis

2322 633 2524 699 simul
2583 637 2805 701 causis
2857 635 3008 702 aliis
3049 634 3135 702 ad
3183 634 3313 701 boc
3359 634 3707 724 potissime
3745 655 3868 698 va-

2318 738 2639 806 lentibus.
2712 740 2943 807 Primo
3011 764 3175 832 ergo
3223 745 3527 832 tangitur
3581 739 3865 807 aliorum

2315 848 2681 935 profectus.
2731 848 3074 927 SecundO,
3139 871 3343 917 causa
3380 858 3447 918 et
3503 850 3672 916 ratio
3704 869 3866 937 pro-

2317 976 2604 1021 movens
2635 955 2718 1022 ad
2743 956 3121 1045 profectum
3144 955 3361 1033 illum,
3401 954 3517 1034 ibi,
3552 958 3619 1022 in
3643 953 3864 1021 medio

2313 1064 2377 1133 ἵ.
2411 1060 2450 1125 6
2486 1081 2501 1124 :
2543 1084 2577 1124 α
2608 1060 2913 1127 Audient
2950 1059 3154 1128 verba
3182 1083 3360 1128 mea.
3410 1085 3441 1123 ι

2404 1165 2479 1231 In
2519 1175 2740 1255 prima
2788 1167 2948 1234 duo.
3003 1166 3265 1247 Primo,
3336 1165 3736 1240 infidelium,
3798 1171 3863 1230 et

2312 1268 2651 1336 malorum
2675 1272 3058 1339 conversio.
3089 1270 3779 1359 Secundo,despectio
3799 1275 3865 1335 et

2312 1386 2743 1468 contemptus
2790 1379 3118 1447 doctrinae
3146 1378 3639 1470 philosophicae
3679 1400 3857 1445 com-

2311 1474 2665 1575 paratione
2738 1487 2823 1554 ad
2870 1487 3380 1579 Evangelicam,
3443 1486 3563 1572 ibi,
3628 1495 3694 1562 5.
3746 1487 3785 1552 6
3838 1508 3854 1555 t

2312 1618 2345 1657 ι
2387 1593 2713 1687 Absorpti
2745 1605 2933 1664 sunt.
2981 1621 3013 1661 ι

2394 1700 2577 1767 Dicit
2632 1724 2796 1792 ergo
2840 1729 2860 1769 z
2920 1700 3035 1769 Sic
3100 1723 3239 1770 non
3305 1700 3852 1782 communicabO,

2304 1810 2794 1875 correctionem
2879 1808 3185 1899 diligam,
3274 1817 3343 1877 et
3397 1807 3854 1876 adulationem

2299 1914 2611 2005 fugiam:
2664 1924 2732 1983 et
2808 1917 3016 1984 etiam
3067 1941 3102 1983 ι
3137 1918 3359 1984 oratio
3405 1938 3582 1999 mea,
3629 1943 3664 1979 ,η
3723 1937 3855 2006 qua

2301 2046 2483 2092 nunc
2515 2046 2636 2091 oro
2666 2047 2789 2115 pro
2833 2026 3130 2108 aeternis,
3200 2033 3267 2093 et
3313 2024 3396 2093 ad
3454 2023 3568 2091 illa
3624 2023 3849 2095 tende.

2298 2132 2451 2209 Vel,
2500 2161 2533 2195 «
2577 2136 2800 2201 oratio
2839 2157 3016 2215 mea,
3053 2159 3087 2200 ι
3135 2133 3204 2201 id
3241 2142 3369 2218 est,
3428 2135 3561 2201 mei
3618 2134 3853 2222 capitis

2302 2240 2577 2320 Christi,
2616 2264 2821 2332 quam
2869 2264 2993 2333 pro
3034 2264 3146 2310 me
3202 2242 3358 2311 facit
3417 2240 3851 2332 interpellans

2298 2349 2475 2439 apud
2516 2350 2817 2429 Patrem,
2865 2349 3120 2418 lJoan.
3156 2372 3230 2430 ιι,
3268 2351 3296 2416 1
3349 2371 3363 2416 2
3424 2350 3849 2417 Advocatum

2292 2455 2625 2525 habemus
2653 2456 2850 2549 apud
2874 2460 3181 2538 Patrem,
3221 2458 3457 2525 lesum
3501 2458 3844 2526 Christum

2280 2563 2590 2653 justum.
2617 2564 2771 2644 Vel,
2798 2570 3004 2656 quam
3027 2587 3138 2633 me
3161 2564 3392 2632 docuit
3422 2587 3616 2633 orare
3650 2566 3694 2641 ¹,
3720 2564 3846 2631 erit

2295 2698 2326 2736 ι
2372 2674 2601 2741 adhuc
2632 2675 2703 2740 in
2735 2671 3178 2764 beneplacitis
3204 2696 3461 2756 eorum,
3494 2702 3525 2735 »ι
3560 2695 3845 2763 operan-

2289 2781 2460 2848 tium
2514 2781 2971 2870 iniquitatem,
3028 2790 3098 2849 et
3156 2781 3525 2850 electorum
3576 2803 3837 2859 eorum,

2287 2885 2419 2954 hoc
2447 2896 2574 2965 est,
2597 2887 2771 2956 bene
2793 2886 3086 2978 placebit
3100 2886 3323 2955 adhuc
3340 2886 3497 2955 illis.
3529 2885 3834 2978 Sophon.

2290 3016 2385 3074 ιιι,
2429 2996 2521 3062 9:
2572 2996 2755 3063 Tunc
2792 2993 3079 3062 reddam
3120 2994 3437 3087 populis,
3495 3017 3679 3064 nunc
3707 2996 3841 3062 ini-

2286 3101 2417 3192 piis
2483 3109 2551 3170 et
2599 3099 3014 3184 infidelibus,
3066 3100 3332 3170 lobium
3387 3102 3699 3182 electum,
3768 3113 3840 3170 ut

2287 3209 2596 3276 invocent
2640 3231 2871 3277 omnes
2910 3212 2981 3277 in
3038 3213 3313 3279 nomine
3355 3213 3664 3295 Domini,
3705 3220 3830 3279 etc.

2285 3314 2411 3384 vel
2480 3316 2726 3384 melius
2801 3326 2981 3385 certe
3055 3316 3308 3409 legitur
3380 3318 3463 3387 de
3530 3320 3833 3386 oratione

2283 3423 2807 3514 praedicationis.
2882 3423 3091 3504 Quasi
3165 3424 3467 3494 diceret:
3524 3451 3556 3491 α
3596 3428 3833 3496 Oratio

2285 3552 2462 3613 mea,
2489 3555 2525 3591 n
2567 3529 2635 3597 id
2664 3539 2790 3609 est,
2825 3530 3240 3621 praedicatio,
3272 3555 3425 3624 quae
3458 3542 3558 3600 est
3587 3532 3828 3611 oratio,

2284 3636 2353 3703 id
2382 3645 2509 3717 est,
2542 3638 2680 3704 oris
2730 3639 2929 3716 ratio,
2981 3640 3111 3707 erit
3160 3663 3195 3705 ι
3227 3639 3455 3707 adbuc
3517 3642 3587 3707 in
3636 3628 3835 3707 bene-'-

2277 3743 2564 3835 placitis
2606 3766 2870 3826 eorum,
2909 3770 2942 3807 ιο
2991 3753 3069 3814 ut
3122 3744 3413 3815 libenter
3462 3745 3648 3814 illam
3705 3769 3831 3814 au-

2284 3851 2493 3920 diant.
2553 3852 2790 3933 Josue,
2838 3875 3005 3935 xxn,
3084 3854 3220 3923 33:
3270 3855 3555 3924 Placuit
3613 3876 3830 3922 sermo

2282 3960 2544 4027 cunctis
2572 3959 3035 4028 audientibus.
3071 3959 3279 4031 Eccli.
3311 3984 3457 4046 xxi,
3496 3963 3577 4030 18
3612 3986 3630 4031 t
3688 3964 3832 4029 Ver-

2284 4067 2443 4136 bum
2479 4069 2752 4159 sapiens
2790 4068 3270 4161 quodcumque
3292 4073 3597 4140 audierit
3622 4072 3827 4156 scius,

2286 4173 2633 4256 laudabit,
2665 4184 2731 4243 et
2767 4175 2867 4244 ad
2883 4198 2956 4244 se
2982 4177 3293 4266 adjiciet.

2374 4521 2407 4560 ι
2439 4494 2767 4588 Absorpti
2840 4504 3023 4565 sunt.
3070 4520 3104 4561 ι
3161 4493 3335 4565 Ecce
3427 4496 3823 4574 secundum,

2278 4603 2462 4695 quod
2493 4604 2752 4695 optime
2781 4606 3091 4695 sequitur
3142 4626 3227 4672 ex
3271 4601 3515 4672 ultima
3550 4603 3824 4674 lectura.

2279 4708 2489 4789 Quasi
2519 4711 2773 4781 diceret
2805 4734 2822 4780 ε
2852 4710 2964 4780 Sic
3003 4709 3295 4803 placebit
3317 4713 3731 4804 praedicatio,
3763 4723 3831 4782 et

2277 4825 2440 4887 tunc
2493 4848 2527 4882 «ι
2561 4818 2871 4910 absorpti
2934 4828 3098 4888 sunt
3160 4817 3437 4907 judices
3494 4843 3752 4899 eorum,
3789 4846 3823 4887 ι

2279 4929 2511 5019 magni
2543 4928 2799 4998 scilicet
2825 4926 3254 5017 Philosophi,
3296 4936 3373 4997 ut
3400 4928 3570 4997 nihil
3600 4932 3830 4998 omni-

2277 5059 2368 5106 no
2408 5058 2649 5104 eorum
2735 5034 3045 5105 doctrina
3089 5043 3443 5125 reputetur
3481 5059 3497 5105 :
3549 5045 3617 5105 et
3669 5035 3822 5118 hoc,

2280 5142 2567 5232 «juncti
2597 5153 2834 5235 petrae,
2870 5167 2904 5203 n
2928 5139 2995 5207 id
3033 5148 3159 5221 est,
3195 5140 3462 5210 Christo
3482 5163 3829 5232 compara-

2274 5254 2354 5334 ti,
2379 5252 2706 5321 doctrinae
2742 5248 2999 5319 scilicet
3023 5247 3298 5318 Christi.
3325 5249 3457 5319 lsa.
3490 5273 3649 5329 χιιι,
3691 5254 3768 5320 14
3802 5277 3817 5322 :

2273 5357 2669 5452 Dissipabo,
2701 5366 2766 5427 et
2803 5354 3170 5426 absorbebo
3221 5357 3460 5426 simul.
3511 5360 3826 5429 Desertos

2268 5596 2382 5654 etc.
