5008 6329
713 169 844 233 526
1698 168 1782 234 D.
1838 166 2038 233 ΑΕΒ.
2091 163 2304 232 MAG.
2361 163 2567 233 ORD.
2621 165 2914 236 PRAED.

708 336 776 404 id
840 346 964 418 est,
1034 339 1194 426 quia
1260 337 1372 403 ille
1463 362 1496 401 α
1603 337 1857 403 emittit
1914 334 2264 427 eloquium
2381 343 2446 403 et
2513 341 2889 426 tanguntur
2966 336 3125 404 duo.
3217 335 3475 416 Primo,
3536 340 3921 408 conversio.
4017 420 4021 424 ,

704 465 934 524 suum,
972 468 1003 508 »
1055 442 1302 508 Filium
1334 442 1591 510 scilicet
1628 466 1858 523 suum,
1904 470 1937 511 ι
1974 454 2189 512 terrae.
2227 467 2260 507 n
2380 442 2721 525 Secund0,
2757 447 3219 514 conversionis
3243 447 3510 526 moduS,
3544 447 3663 528 ibi,
3687 457 3751 524 5.
3789 452 3867 517 18
3900 471 3914 519 ε

710 550 816 616 Ad
853 549 1143 617 litteram
1182 551 1267 617 ad
1307 558 1558 619 terram
1598 552 1818 621 voluit
1847 552 2092 620 Filium
2141 575 2265 621 ve·
2386 554 2730 620 «Eminet
2785 554 3060 623 verbum
3088 577 3314 623 suum.
3364 581 3396 622 »

363 677 558 741 Apu-,ui
591 679 680 724 nub
710 659 878 723 nire.
923 652 1117 724 Hanc
1156 660 1598 729 emissionem
1650 660 1975 750 petebant
2002 660 2263 749 antiqui
2464 659 2540 726 In
2577 660 2795 750 prima
2844 660 3002 728 duo.
3048 661 3307 742 Primo,
3356 664 3656 753 tangitur
3686 685 3920 753 pecca·

381 734 588 776 duem·
608 732 662 777 ὓ·
2373 773 2595 832 torum
2654 769 3031 837 conversio,
3086 767 3425 848 SecundO,
3479 769 3913 861 exaggeratio

363 788 683 883 {uaniin'e'foe'
711 762 917 831 modo
974 764 1100 832 sub
1176 775 1338 858 typo
1410 791 1655 836 manus
1731 767 2006 845 divinae,
2075 764 2256 833 Psal.

445 853 472 883 η
567 852 664 883 ’.τ’
2371 876 2623 961 peccati
2656 897 2915 953 eorum,
2945 884 3009 943 et
3039 874 3277 966 culpae,
3311 884 3386 943 ut
3411 885 3733 967 appareat
3773 899 3915 944 ma-

400 895 652 939 nnuonem.
711 897 932 955 exam,
966 878 1032 960 7,
1093 901 1297 968 supra
1352 901 1367 947 :
1415 880 1680 947 Emitte
1724 898 2011 943 manum
2068 886 2259 943 tuam

709 981 793 1049 de
837 982 1009 1052 alto.
1070 984 1277 1053 Modo
1353 987 1480 1054 sub
1538 986 1820 1052 nomine
1876 984 2253 1073 sapientire,

707 1087 1011 1183 Sapient.
1058 1118 1153 1173 1x,
1221 1093 1298 1160 10
1353 1114 1368 1159 :
1412 1095 1615 1159 Mitte
1671 1092 1876 1160 illam
1931 1091 2014 1158 de
2077 1091 2260 1159 coelis

698 1205 953 1273 sanctis
982 1203 1142 1270 tuis.
1185 1199 1389 1268 Modo
1430 1200 1558 1268 sub
1612 1200 1831 1291 figura
1879 1201 2064 1291 agni,
2124 1200 2252 1269 Isa.

696 1335 837 1390 xvr,
876 1312 904 1377 1
956 1333 971 1377 :
1013 1310 1275 1377 Emitte
1312 1330 1600 1397 aqnum,
1655 1309 1971 1376 Domine.
2015 1307 2100 1375 Et
2163 1307 2256 1374 sic

695 1420 874 1498 fecit,
895 1418 980 1486 ad
1000 1426 1210 1485 terras
1234 1418 1480 1485 Filium
1506 1417 1712 1486 misit.
1738 1417 2042 1508 Sapient.
2065 1438 2251 1495 xvm,

703 1528 782 1594 14
814 1533 879 1595 et
911 1527 990 1593 ¹5
1026 1547 1042 1593 :
1089 1529 1265 1596 Cum
1304 1527 1616 1617 quietum
1660 1525 2017 1593 silentium
2048 1526 2256 1592 conti-

692 1640 877 1700 neret
914 1631 1173 1712 omnia,
1206 1640 1270 1698 et
1295 1655 1438 1698 nox
1466 1633 1538 1698 in
1563 1653 1690 1699 suo
1720 1654 1926 1699 cursu
1952 1630 2253 1698 medium

697 1738 828 1803 iter
862 1734 1159 1812 haberet,
1212 1737 1640 1827 omnipotens
1675 1759 1898 1804 sermo
1966 1746 2127 1803 tuus
2171 1735 2255 1802 de

659 1839 886 1919 ffcoelo,
946 1864 989 1909 a
1026 1840 1380 1931 reqalibus
1413 1840 1777 1912 sedibus...
1815 1841 2171 1934 prosilivit
2201 1844 2247 1911 ¹.

657 2035 662 2039 ι
695 1947 987 2030 Barucli,
1037 1972 1128 2026 ιιι,
1169 1950 1254 2018 38
1297 1971 1313 2020 :
1349 1952 1516 2018 Post
1545 1950 1672 2018 hoc
1710 1952 1783 2016 in
1814 1951 2015 2018 terris
2066 1951 2251 2017 visus

688 2069 811 2141 est,
842 2070 907 2128 et
933 2081 1088 2126 cum
1117 2058 1512 2126 hominibus
1539 2068 1973 2127 conversatus
1992 2069 2110 2126 est.

781 2304 815 2341 a
865 2274 1208 2343 Velociter.
1247 2302 1281 2337 n
1343 2272 1516 2342 Ecce
1567 2271 1969 2342 secundum.
2032 2272 2242 2350 Quasi

688 2379 941 2449 diceret
999 2404 1014 2448 ε
1088 2377 1204 2447 Sic
1262 2380 1469 2448 mittit
1527 2376 1804 2456 Filium,
1848 2386 1914 2445 et
1955 2400 2241 2446 «sermo

688 2487 868 2579 ejus,
906 2513 938 2553 ιι
975 2486 1229 2578 eloquii
1262 2486 1581 2555 sciliceta
1609 2486 1756 2555 Deo
1798 2485 1998 2554 Patre
2029 2487 2242 2554 emis-

685 2599 768 2678 si,
796 2623 829 2664 «
862 2597 1079 2665 currit
1109 2597 1425 2665 velociter
1472 2618 1495 2663 .·
1530 2620 1565 2662 »
1611 2595 1820 2663 modo
1865 2594 2241 2687 reprehen-

683 2705 803 2784 dit,
846 2704 1052 2773 modo
1095 2703 1176 2771 de
1217 2701 1750 2793 reprehensione
1797 2701 1883 2769 ad
1923 2702 2240 2770 admoni-

682 2814 937 2881 tionem
1005 2809 1323 2891 transilit,
1369 2811 1578 2879 modo
1640 2810 1725 2878 ab
1770 2808 2237 2878 admonitione

681 2918 765 2988 ad
840 2917 1407 3002 consolationem,
1478 2916 1561 2986 de
1617 2914 2087 2985 consolatione
2151 2915 2235 2984 ad

678 3030 1287 3097 comminationem
1331 3024 1513 3107 salit,
1574 3035 1640 3094 et
1683 3026 1894 3097 currit
1939 3026 2022 3096 de
2067 3026 2234 3094 vitio

674 3137 760 3208 ad
802 3138 1152 3224 virtutem,
1208 3135 1414 3205 modo
1470 3133 1554 3205 de
1593 3137 1847 3205 virtute
1892 3133 1978 3203 ad
2015 3133 2237 3202 virtu-

675 3256 838 3328 tem,
870 3247 1125 3340 ubique
1155 3252 1494 3338 penetrat,
1537 3243 1792 3337 ubique
1836 3267 1910 3314 se
1959 3243 2227 3335 ingerit.

674 3356 780 3426 Ad
811 3356 1019 3429 llcbr.
1055 3379 1150 3439 ιν,
1185 3359 1262 3423 12
1297 3377 1312 3425 :
1358 3357 1563 3425 Vivus
1600 3365 1698 3423 est
1722 3377 1944 3423 sermo
1984 3355 2069 3432 ei,
2100 3355 2233 3422 Det

673 3466 953 3555 efficax,
984 3462 1490 3557 penetrabilior
1526 3464 1717 3532 omni
1751 3462 1999 3554 yladio
2038 3461 2230 3529 anci-

664 3575 831 3667 piti.
860 3574 1021 3653 Job,
1062 3595 1349 3651 xxxvia,
1411 3574 1500 3641 25
1535 3594 1551 3640 ε
1593 3572 1764 3658 Quis
1809 3569 2001 3640 dedit
2047 3570 2230 3639 velie-

674 3682 1089 3751 mentissimo
1164 3679 1375 3748 imbri
1450 3701 1730 3748 cursum
1810 3700 2017 3748 suum
2047 3675 2090 3746 ?
2142 3677 2228 3746 Et

674 3789 929 3859 Paulus
974 3788 1268 3881 petebat,
1334 3786 1391 3854 11
1459 3786 1548 3856 ad
1610 3785 1912 3856 Thessal.
1967 3810 2065 3868 ιιι,
2119 3787 2144 3853 l
2203 3812 2219 3854 z

674 3896 882 3965 Orate
918 3905 996 3963 ut
1019 3917 1238 3963 sermo
1287 3895 1419 3963 Dei
1460 3901 1725 3974 currat,
1783 3902 1849 3961 et
1901 3891 2225 3982 clarifice·

671 4013 808 4073 tur.
860 4001 1001 4072 Nec
1040 4004 1291 4071 mirum
1342 4002 1399 4070 si
1452 4001 1692 4083 currit,
1745 4010 1811 4068 et
1851 4000 2076 4069 clarus
2121 3999 2220 4084 fit,

670 4109 827 4201 quia
866 4109 1119 4200 ignitus
1149 4117 1276 4189 est,
1320 4108 1505 4179 Psal.
1548 4129 1779 4191 cxvm,
1822 4107 1945 4173 140
1980 4128 1996 4176 ε
2031 4107 2228 4198 lqui-

668 4226 818 4286 tum
872 4215 1224 4308 eloquium
1279 4226 1481 4286 tuum
1539 4214 1980 4283 vehementer.
2051 4213 2227 4281 Pro-

666 4326 856 4394 verb.
890 4346 1050 4409 xxx,
1092 4326 1134 4392 5
1173 4347 1189 4393 ε
1237 4323 1480 4392 Omnis
1513 4345 1736 4391 sermo
1772 4322 1909 4393 Dei
1935 4321 2221 4413 iqnitus,

670 4432 950 4524 clypeus
975 4441 1071 4500 est
1106 4431 1546 4523 sperantibus
1585 4431 1657 4500 in
1685 4453 1779 4499 se.
1819 4427 1969 4498 lmo
2016 4429 2219 4521 ignis,

664 4541 920 4611 Jerem.
978 4561 1169 4621 xxm,
1205 4540 1291 4608 29
1373 4557 1392 4609 τ
1462 4538 1833 4630 Numquid
1872 4559 2010 4607 non
2063 4547 2224 4607 sunt

671 4648 874 4719 verba
900 4670 1052 4716 mea
1080 4647 1282 4738 quasi
1311 4646 1493 4736 iqnis
1513 4644 1556 4713 ?

764 5016 803 5059 ι
836 4989 975 5078 Qui
1007 4987 1131 5058 dat
1156 4988 1408 5057 nivem.
1443 5016 1476 5050 ιι
1530 4986 1658 5056 nio
1705 4987 1982 5056 tertium
2020 4983 2221 5054 bene-

670 5098 926 5183 ficium,
994 5102 1430 5191 peccatorum
1487 5094 1747 5164 scilicet
1788 5093 2145 5164 conversio
2194 5117 2212 5163 ε

737 5367 758 5405 ¹
788 5367 875 5426 Ct'.
918 5366 1236 5423 Introitum
1276 5364 1338 5421 in
1384 5362 1573 5422 missa
1617 5361 1692 5419 de
1723 5361 1935 5438 vigilia
1961 5358 2214 5435 Epipha-

665 5459 783 5517 niae
816 5474 832 5517 ε
866 5479 896 5509 «ι
930 5457 1081 5514 Dum
1112 5453 1382 5513 medium
1428 5452 1740 5511 silentium
1778 5456 2056 5509 tenerent
2082 5466 2213 5508 om·

671 5568 702 5606 ιι
731 5548 854 5621 nia,
884 5552 945 5605 et
971 5562 1086 5604 nox
1116 5544 1182 5602 in
1203 5559 1312 5601 suo
1341 5559 1524 5603 cursu
1560 5542 1677 5600 iter
1722 5540 1994 5613 haberet,
2022 5540 2214 5599 omni·

2361 981 2475 1068 jus
2521 978 2949 1064 beneficium,
3011 981 3128 1066 ibi,
3205 984 3274 1050 in
3341 983 3566 1052 medio
3624 990 3689 1059 δ’.
3750 984 3824 1050 Π
3881 1005 3896 1049 :

2374 1111 2407 1152 ι
2448 1089 2622 1155 Ante
2647 1089 2897 1178 faciem
2942 1090 3252 1179 sriqoris.
3300 1114 3332 1155 »

2457 1192 2534 1261 In
2573 1198 2793 1286 prima
2839 1197 2992 1279 tria,
3050 1196 3421 1264 secundum
3471 1199 3602 1264 tria
3655 1219 3909 1286 genera

2368 1311 2824 1392 peccatorum,
2883 1327 3175 1396 quorum
3234 1304 3454 1395 tangit
3509 1306 3912 1373 conversio-

2367 1432 2547 1479 nem.
2602 1409 2860 1496 Primo,
2901 1413 3255 1480 conversio
3303 1414 3728 1502 peccantium
3785 1435 3906 1502 per

2365 1516 2825 1608 fragilitatem.
2897 1518 3238 1601 Secund0,
3295 1521 3723 1611 peccantium
3790 1543 3911 1610 per

2363 1621 2843 1713 ignorantiam,
2910 1623 3029 1707 ibi,
3077 1652 3110 1688 «
3153 1624 3519 1693 Nebulam.
3580 1652 3612 1686 n
3647 1625 3902 1704 Tertio,

2361 1733 2783 1821 peccantium
2814 1755 2934 1824 per
2963 1731 3515 1813 obstinationem,
3550 1742 3617 1802 et
3645 1741 3899 1802 certam

2358 1838 2714 1923 malitiam,
2756 1841 2873 1921 ibi,
2939 1848 3004 1916 ᾗ.
3066 1842 3139 1910 Π
3184 1864 3198 1909 :
3247 1865 3280 1906 α
3328 1843 3548 1909 Mittit
3591 1840 3893 1932 crystal-

2361 1945 2530 2014 lum.
2572 1973 2605 2013 a

2447 2054 2621 2123 Dicit
2644 2077 2805 2147 ergo
2841 2078 2856 2123 :
2902 2054 3013 2125 Sic
3044 2056 3290 2124 Filium
3332 2058 3559 2139 mittit,
3607 2056 3712 2125 vel
3755 2059 3889 2126 mi-

2354 2168 2464 2247 sit,
2508 2177 2572 2236 et
2601 2190 2825 2237 sermo
2866 2170 3182 2255 cucurrit,
3236 2177 3300 2238 et
3329 2170 3531 2238 etiam
3583 2170 3727 2261 ipse
3787 2180 3889 2240 est

2356 2303 2388 2338 «
2423 2276 2547 2365 qui
2573 2274 2694 2342 dat
2721 2277 2966 2358 nivem,
3015 2300 3047 2341 »
3100 2284 3520 2367 peccatorem
3573 2275 3896 2368 frigidum

2349 2390 2414 2449 et
2442 2381 2748 2473 fragilem
2778 2383 2893 2475 qui
2933 2385 3104 2452 sicut
3126 2385 3243 2452 nix
3273 2392 3398 2465 est,
3458 2409 3490 2448 α
3551 2386 3733 2452 sicut
3790 2383 3894 2453 Ια-

2348 2511 2535 2570 nam,
2575 2517 2605 2552 n
2639 2500 2716 2559 ut
2743 2492 2828 2558 sit
2868 2493 3057 2582 quasi
3099 2490 3279 2571 lana,
3331 2513 3483 2583 quae
3536 2500 3635 2559 cst
3667 2500 3890 2560 mate-

2349 2601 2443 2668 ria
2481 2602 2710 2682 vestis,
2745 2608 2819 2669 ut
2852 2602 3005 2670 inde
3032 2603 3360 2670 vestiatur
3391 2601 3599 2670 Deus,
3638 2601 3886 2671 Pecca-

2343 2715 2522 2776 tores
2560 2730 2722 2800 ergo
2752 2710 2868 2777 nix
2896 2716 3077 2793 sunt,
3110 2733 3282 2802 quos
3320 2708 3506 2777 Deus
3556 2716 3880 2789 reservat,

2343 2821 2417 2882 ut
2480 2817 2551 2883 in
2631 2815 2856 2885 lanam
2932 2825 3309 2886 convertat.
3370 2815 3530 2897 Job,
3593 2839 3880 2896 xxxvm,

2342 2923 2425 2989 22
2484 2946 2500 2991 ε
2563 2924 2924 3016 Numquid
2983 2926 3332 3017 inqressus
3401 2947 3469 2992 es
3532 2924 3889 2995 thesauros

2339 3031 2537 3111 nivis,
2607 3042 2731 3101 aut
2785 3033 3136 3102 thesauros
3198 3032 3569 3124 qrandinis
3637 3032 3888 3125 adspe-

2334 3141 2504 3209 xisti
2536 3139 2578 3209 Ρ
2602 3141 2783 3213 Psal.
2818 3166 3029 3224 xxxn,
3065 3143 3103 3212 '1
3143 3160 3161 3213 ε
3194 3143 3461 3211 Ponens
3504 3143 3574 3210 in
3615 3143 3887 3212 thesau-

2336 3250 2432 3316 ris
2468 3248 2769 3341 abyssos.
2810 3249 2971 3335 Job,
3014 3273 3202 3331 xxiv,
3244 3251 3322 3319 ¹9
3364 3272 3381 3318 ε
3428 3251 3545 3319 Ad
3586 3252 3884 3320 nimium

2335 3357 2631 3428 calorem
2661 3369 2969 3429 transeat
2987 3358 3073 3428 ab
3103 3361 3304 3452 aquis
3341 3361 3632 3444 nivium,
3665 3384 3707 3429 a
3744 3369 3889 3429 sta-

2337 3474 2410 3535 tu
2452 3465 2708 3537 scilicet
2763 3476 3218 3562 peccatorum,
3275 3466 3359 3536 ad
3418 3467 3716 3538 calorem
3775 3469 3887 3537 ni-

2339 3575 2553 3645 mium
2578 3573 2947 3646 charitatis.

2423 3682 2593 3752 Ecce
2635 3686 2868 3756 vestis.

2422 3818 2454 3857 «
2488 3792 2859 3873 Nebulam,
2897 3818 2930 3861 ι
2974 3791 3377 3864 nebulosum
3411 3799 3477 3863 et
3506 3791 3876 3862 obscurum

2330 3910 2752 3992 peccatorem
2817 3926 2938 3995 per
2990 3902 3476 3995 ignorantiam,
3522 3932 3555 3965 «ι
3606 3901 3879 3995 ‚eparqit

2326 4011 2503 4079 sieut
2539 4012 2854 4093 cinerem,
2900 4035 2933 4078 a
2990 4009 3058 4080 id
3105 4018 3230 4093 est,
3291 4011 3388 4079 sic
3435 4032 3593 4080 vere
3649 4007 3880 4100 poeni-

2329 4126 2612 4204 tentem,
2644 4118 2827 4211 quod
2849 4141 2920 4188 se
2949 4127 3216 4211 reputat
3244 4119 3562 4189 cinerem.
3600 4114 3871 4186 Nebula

2328 4223 2573 4294 dicitur
2609 4233 2969 4317 peccator:
3005 4225 3166 4318 quia
3215 4247 3255 4294 a
3296 4227 3437 4296 Deo
3488 4226 3623 4293 cito
3661 4222 3871 4293 solvi·

2328 4347 2459 4418 tur,
2494 4339 2728 4408 sicuta
2763 4338 2907 4409 sole
2953 4335 3228 4408 nebula.
3300 4337 3431 4407 lsa.
3484 4358 3665 4416 xuv,
3726 4337 3865 4405 22:

2326 4447 2567 4517 Deleri
2593 4456 2670 4515 ut
2695 4451 2940 4517 nubem
2980 4447 3378 4539 iniquitates
3406 4456 3587 4527 tuaS,
3611 4456 3676 4514 et
3703 4466 3872 4537 qua·

2321 4556 2387 4623 si
2412 4554 2737 4623 nebulam
2757 4565 3038 4649 peccata
3068 4563 3213 4624 tua.
3251 4553 3459 4622 Eccli.
3494 4575 3682 4637 xuu,
3722 4553 3804 4621 15
3849 4574 3867 4621 ε

2323 4665 2565 4756 Aper-ti
2597 4673 2759 4733 sunt
2787 4665 3115 4744 thesauri,
3180 4662 3429 4733 divinae
3490 4662 3875 4730 misericor·

2324 4770 2475 4858 diae,
2533 4783 2597 4841 et
2633 4772 3068 4842 evolaverunt
3129 4768 3398 4838 nebulae
3443 4769 3622 4837 sieut
3686 4789 3868 4853 aves,

2324 4878 2546 4963 idest,
2599 4888 2983 4971 peccatores
3023 4876 3108 4947 ad
3170 4874 3305 4945 alta
3377 4883 3536 4945 sunt
3593 4874 3863 4944 elevati.

2321 4985 2467 5055 lIoc
2514 4996 2617 5056 est
2660 4986 2844 5079 quod
2899 4984 3011 5055 hic
3057 4983 3377 5053 dicuntur
3414 4982 3657 5076 spat-qi
3687 4982 3870 5050 sieut

2320 5096 2511 5180 cinaek,
2545 5095 2613 5165 id
2643 5103 2769 5180 est,
2804 5093 3139 5186 poenitens
3169 5114 3404 5183 verus,
3448 5091 3610 5184 quia
3635 5089 3865 5170 Jonae‚

2321 5382 2347 5419 ι
2370 5370 2579 5439 potens
2608 5379 2805 5423 sermo
2826 5332 2987 5436 tuus,
3012 5351 3287 5432 Domine,
3315 5359 3391 5417 de
3415 5356 3582 5418 coelis
3626 5375 3661 5417 a
3692 5374 3864 5436 rega-

2316 5452 2527 5512 «libus
2555 5451 2797 5510 sedibus
2825 5451 3005 5508 venit.
3041 5475 3070 5503 ι.
