5008 6329
974 642 1197 691 δοοαηάι

922 711 1036 758 para
1045 696 1239 744 Psalmi.

2046 343 2755 414 COMMENTARIUS
2804 349 2897 415 IN
2947 349 3383 419 PSALMUM
3431 350 3677 418 CXXI.

1360 537 1394 577 α
1428 515 1690 602 Roqote
1716 537 1868 606 quae
1898 517 1996 584 ad
2022 541 2263 609 pacem
2292 529 2478 587 sunt.
2522 548 2553 581 »
2573 519 2699 586 Hic
2719 526 2820 585 est

1269 621 1565 688 secunda
1616 645 1770 712 pars
1827 623 2109 704 Psalmi,
2174 627 2243 692 in
2301 648 2432 714 qua
2485 626 2821 714 promissa

1268 727 1502 797 laetitia
1553 740 1616 798 et
1673 755 1878 802 causa
1917 735 2195 811 laetitiae,
2231 734 2390 822 quia
2431 732 2687 799 audivit
2750 754 2820 798 se

1270 840 1519 905 iturum
1557 841 1624 906 in
1658 841 1940 908 domum
1972 840 2281 922 Domini,
2316 847 2382 905 et
2419 847 2642 907 certus
2670 839 2816 918 fuit,

1268 943 1475 1010 verba
1515 945 1974 1012 convertendo
2016 944 2101 1011 ad
2131 943 2421 1033 judices,
2465 953 2616 1014 orat
2643 954 2716 1013 ut
2737 945 2821 1013 ad

1265 1050 1450 1119 illam
1506 1062 1833 1121 aeternam
1883 1075 2151 1142 pacem,
2213 1060 2280 1120 et
2333 1052 2819 1121 abundantiam

1263 1163 1599 1230 venietur.
1635 1162 1873 1228 Primo
1932 1184 2096 1252 ergo
2141 1174 2376 1231 monet
2415 1162 2704 1254 judices,
2748 1171 2824 1229 ut

1264 1268 1447 1359 quod
1480 1270 1547 1335 in
1579 1291 1649 1335 se
1681 1277 1779 1336 est
1805 1268 2078 1336 faciant.
2109 1267 2453 1350 Secundo,
2481 1278 2654 1348 orat,
2700 1268 2813 1345 ibi,

1263 1383 1324 1450 ᾗ.
1361 1377 1399 1442 ’ἵ
1429 1399 1443 1442 ;
1495 1402 1522 1435 «
1546 1375 1706 1442 Fiat
1728 1397 1879 1463 pax
1909 1376 1979 1441 in
2010 1376 2283 1442 virtute.
2310 1399 2339 1436 n
2380 1375 2636 1458 Tertio,
2667 1395 2824 1440 cau-

1263 1503 1407 1548 sam
1433 1481 1527 1547 sic
1558 1479 1792 1546 orandi
1827 1481 2154 1570 assignat,
2181 1479 2381 1559 ihm.
2422 1479 2462 1546 8
2499 1501 2514 1544 :
2555 1481 2822 1568 «Prop-

1262 1598 1363 1654 ter
1396 1589 1655 1676 fratres
1696 1609 1899 1653 meos.
1941 1612 1973 1650 n

1353 1694 1430 1761 ln
1462 1694 1680 1784 prima
1712 1693 1874 1762 duo.
1909 1693 2173 1774 Prim0,
2200 1700 2434 1760 monet
2464 1693 2822 1783 diligenter

1254 1802 1543 1892 judiceS,
1578 1826 1728 1893 quae
1774 1802 2112 1892 pertinent
2170 1801 2256 1869 ad
2316 1824 2553 1893 pacem
2593 1802 2822 1891 inqui-

1262 1932 1434 1992 rere,
1470 1910 1648 1979 etad
1692 1909 1879 1977 illam
1921 1910 2222 1978 ductiva.
2275 1908 2617 1992 Secundo,
2670 1930 2819 1997 quae

1261 2020 1345 2087 ad
1377 2019 1890 2098 abundantiam,
1936 2019 2054 2098 ibi,
2104 2045 2136 2082 α
2171 2020 2267 2086 Ee
2296 2018 2757 2086 abundantia.
2781 2044 2813 2079 »

1348 2130 1527 2198 Dicit
1567 2153 1729 2220 ergo
1774 2151 1790 2195 :
1840 2129 1954 2197 Sic
1986 2129 2282 2219 majores
2335 2128 2667 2197 sedebunt
2696 2129 2818 2218 ju-

1259 2236 1464 2315 dices,
1501 2245 1572 2303 ut
1602 2236 1887 2304 reddant
1904 2237 2282 2305 secundum
2321 2237 2562 2305 merita
2586 2259 2601 2316 ;
2626 2259 2814 2327 ergn,

1258 2369 1444 2412 ovos
1484 2348 1598 2436 qui
1632 2346 1727 2412 sic
1758 2347 2007 2411 sessuri
2040 2344 2225 2421 estiS,
2266 2369 2300 2409 α
2345 2355 2609 2435 roqate,
2641 2369 2672 2407 n
2709 2344 2819 2409 in-

1260 2463 1595 2546 terrogate
1652 2454 2034 2546 diligenter,
2093 2463 2160 2522 et
2199 2455 2543 2545 inquirite,
2611 2476 2818 2544 aqua:

1260 2563 1356 2630 ad
1405 2587 1646 2656 pacem
1700 2574 1867 2631 sunt
1916 2562 2341 2643 Jerusalem,
2381 2588 2413 2627 n
2467 2562 2648 2630 illius
2696 2585 2818 2629 su·-

1260 2695 1486 2763 pernae
1520 2673 1859 2755 ducentia,
1895 2679 1970 2739 ut
2007 2674 2237 2739 sciatis
2293 2680 2811 2762 consequenter,

1261 2781 1374 2871 qui
1406 2791 1563 2848 sunt
1595 2781 1689 2847 illi
1725 2804 1848 2872 pro
1891 2779 2141 2871 quibus
2194 2779 2670 2867 judicandum,
2704 2779 2814 2846 vel

1260 2896 1493 2955 contra
1521 2910 1693 2978 quos
1716 2887 2191 2978 judicandum.
2230 2886 2252 2952 l
2288 2885 2375 2954 ad
2406 2884 2712 2953 Corinth.
2738 2908 2809 2963 ιι,

1273 2997 1346 3060 13
1384 3017 1399 3062 :
1441 2994 1856 3086 Spiritualis
1881 2993 2171 3082 judicat
2201 2994 2462 3076 omnia,
2513 3004 2577 3061 et
2608 2995 2815 3084 ipse-a

1261 3103 1529 3171 nemine
1562 3102 1962 3192 judicatur.
2011 3100 2242 3170 Sancti
2293 3103 2478 3170 enim
2537 3101 2652 3193 qui
2698 3101 2815 3192 ju-

1262 3210 1546 3278 dicaturi
1578 3220 1762 3289 sunt,
1797 3209 2143 3277 habebunt
2169 3210 2360 3300 quasi
2394 3211 2814 3300 interrogan-

1262 3316 1327 3382 di
1360 3317 1685 3400 osticium,
1729 3317 1903 3384 sicut
1942 3316 2209 3404 judices
2245 3339 2262 3386 :
2304 3317 2485 3386 unde
2534 3317 2616 3385 de
2667 3316 2815 3385 Do-

1263 3428 1451 3497 mino
1482 3425 1749 3509 dicitur,
1776 3426 1843 3492 in
1877 3422 2059 3491 l‘sal.
2097 3447 2165 3509 x,
2199 3426 2267 3505 6,
2300 3447 2501 3517 supra
2530 3447 2546 3492 :
2581 3426 2818 3492 Domi-

1261 3558 1391 3603 nus
1452 3533 1830 3621 interroya!
1868 3531 2152 3620 stastum
2198 3540 2265 3600 et
2320 3532 2640 3624 impium,
2703 3529 2816 3600 Sic

1264 3642 1423 3734 legit
1457 3640 1719 3709 Glossa.
1768 3639 1987 3709 Aliter
2039 3649 2264 3731 potest
2310 3639 2469 3733 legi,
2503 3650 2580 3710 ut
2606 3642 2692 3709 ait
2729 3641 2815 3710 ad

1262 3773 1502 3822 omnes
1530 3772 1782 3820 sermo.
1819 3748 2029 3830 Quasi
2070 3748 2324 3819 diceret
2356 3771 2372 3818 :
2429 3748 2545 3818 Sic
2571 3773 2817 3843 perve-

1263 3863 1530 3930 niemus
1560 3859 1644 3926 ad
1684 3858 1870 3926 illam
1920 3880 2290 3949 supernam
2317 3859 2724 3938 Jerusalem,
2756 3861 2813 3929 ai

1263 3970 1591 4037 fuerimus
1630 3968 1712 4035 de
1746 3967 1980 4035 infima
2007 3967 2417 4046 Jerusalem,
2455 3978 2521 4037 et
2551 3968 2813 4059 pacifici

1265 4082 1332 4147 in
1376 4078 1515 4160 illa,
1595 4084 1658 4143 et
1715 4084 1994 4167 propter
2058 4075 2210 4156 hoc,
2254 4099 2295 4144 o
2354 4099 2479 4146 vos
2546 4100 2809 4157 omneS,

1267 4217 1298 4256 ι
1328 4199 1589 4279 roqale,
1628 4216 1661 4249 n
1692 4185 1756 4254 id
1792 4196 1919 4266 est,
1954 4210 1994 4255 a
2025 4186 2169 4256 Deo
2202 4190 2433 4278 petite,
2470 4217 2502 4252 σι
2547 4212 2698 4280 quae
2723 4185 2821 4255 ad

1256 4321 1492 4391 pacem
1530 4305 1690 4363 sunt
1715 4295 2130 4375 Jerusalem,
2178 4323 2212 4362 n
2254 4295 2477 4366 adhuc
2510 4295 2818 4365 militan-

1263 4407 1347 4473 tis
1406 4402 1726 4473 valentia.
1806 4402 2061 4471 Jerem.
2135 4426 2324 4483 xxix,
2367 4406 2406 4473 7
2453 4426 2470 4472 :
2526 4405 2821 4490 Quaerite

1258 4534 1497 4604 pacem
1544 4511 1844 4578 civitatis
1909 4508 2009 4576 ad
2031 4532 2245 4600 quam
2325 4512 2824 4603 transmiqrare

1268 4641 1382 4686 ros
1408 4618 1568 4708 leci,
1628 4629 1691 4683 et
1720 4627 1911 4684 orate
1939 4639 2072 4707 pro
2109 4639 2190 4683 ea
2213 4618 2615 4686 Dominum.
2647 4616 2816 4686 Tob.

1268 4745 1414 4802 xnu,
1467 4722 1542 4789 18
1576 4743 1592 4788 :
1627 4720 1830 4789 Beati
1866 4743 2098 4788 omnes
2129 4723 2253 4811 qui
2301 4721 2613 4815 diliqunt
2641 4732 2727 4803 te,
2759 4732 2822 4790 et

1270 4834 1394 4924 qui
1428 4830 1737 4923 qaudent
1761 4854 1972 4924 super
1997 4854 2171 4923 pace
2198 4841 2347 4901 tua.
2382 4831 2410 4899 Ι
2442 4830 2700 4913 Esdroe,
2727 4856 2819 4910 lx,

4362 347 4490 416 353

2925 541 3078 608 pax.
3143 520 3565 610 Interrogata
3620 522 3828 588 etiam
3878 542 4003 587 vos
4059 517 4323 607 judices
4364 541 4485 606 per

2925 650 3074 717 quae
3114 634 3215 694 est
3249 657 3280 690 α
3315 628 3752 695 abundantia
3788 656 3820 694 ›)
3857 637 4132 707 aeterna,
4170 649 4309 693 non
4333 649 4489 693 om-

2924 734 3148 814 nibus,
3198 736 3338 818 sed,
3379 761 3410 801 α
3446 735 3901 826 diliqentibus
3949 746 4035 816 te,
4074 761 4107 801 »
4142 734 4408 824 supple,
4443 755 4484 800 o

2925 838 3240 906 Domine.
3282 840 3364 906 Et
3417 840 3563 908 haec
3617 850 3779 907 sunt
3827 863 4034 945 opera
4092 839 4488 905 misericor-

2926 948 3092 1015 diae:
3129 949 3381 1039 perilla
3427 951 3611 1018 enim
3642 950 3916 1016 venitur
3945 949 4029 1015 ad
4089 970 4354 1038 pacem,
4417 955 4481 1015 et

2926 1055 3008 1121 ad
3047 1064 3368 1123 aeternam
3411 1056 3923 1124 abundantiam.
3959 1054 4200 1122 Matth.
4271 1076 4341 1134 v,
4378 1055 4416 1119 7
4466 1076 4481 1120 ε

2923 1164 3123 1229 Beati
3151 1164 3642 1242 misericordes,
3687 1164 4018 1253 quoniam
4086 1162 4222 1252 ipsi
4270 1162 4484 1227 mise-

2927 1269 3297 1334 ricordiam
3351 1278 3868 1359 consequentur.
3956 1267 4176 1346 Quam
4244 1288 4482 1356 pacem

2923 1375 3178 1441 scilicet
3218 1383 3280 1441 et
3304 1375 3797 1442 abundantiam
3831 1376 4076 1453 innuit,
4103 1373 4234 1441 Isa.
4263 1396 4479 1452 xxxn,

2935 1484 3007 1548 18
3040 1505 3061 1546 .·
3103 1481 3378 1550 Sedebit
3399 1483 3710 1574 populus
3748 1505 3937 1549 meus
3968 1483 4040 1549 in
4082 1481 4489 1572 pulchritu-

2924 1591 3082 1658 dine
3114 1592 3333 1680 paciS,
3366 1593 3437 1657 in
3487 1590 3955 1658 tabernaculis
3992 1589 4295 1679 fiduciae,
4331 1611 4486 1657 ecce

2923 1721 3102 1788 pax:
3147 1710 3210 1766 et
3261 1701 3331 1766 in
3361 1701 3595 1790 requie
3650 1699 4005 1791 opulenta,
4058 1720 4212 1766 ecce
4262 1698 4486 1764 abun-

2924 1805 3176 1873 dantia.
3213 1806 3342 1874 Isa.
3388 1829 3494 1884 Lx,
3531 1810 3596 1890 5,
3648 1808 3730 1875 de
3794 1807 4212 1875 abundantia
4248 1829 4263 1873 :
4303 1807 4360 1872 Τ
4354 1828 4487 1872 unc

2921 1913 3203 1993 videbis,
3247 1924 3311 1981 et
3336 1914 3618 2004 afflues,

3013 2271 3048 2308 ι(
3083 2246 3243 2312 Fial
3266 2267 3417 2335 poa·
3433 2245 3506 2310 in
3537 2244 3812 2310 virtute.
3844 2269 3877 2305 ι)
3912 2239 4040 2309 Πίο
4068 2240 4472 2324 secundum,

2922 2353 2988 2419 in
3059 2374 3196 2441 quo
3263 2358 3462 2417 orat:
3532 2358 3597 2418 et
3674 2351 3923 2440 primo,
3993 2347 4255 2416 orando
4312 2349 4480 2438 petit

2920 2457 3244 2526 charitate
3296 2456 3638 2524 mediante
3704 2457 3790 2524 ad
3835 2478 4070 2546 pacem
4120 2455 4380 2533 venire,
4416 2462 4484 2523 et

2921 2567 3137 2657 ipsam
3179 2568 3247 2633 in
3298 2565 3497 2631 nobis
3537 2564 3710 2632 sieri.
3766 2562 4109 2645 Secundo,
4152 2562 4238 2629 ad
4268 2561 4482 2629 abun-

2919 2674 3249 2751 duntiam,
3281 2672 3400 2751 ibi,
3448 2696 3482 2736 α
3519 2674 3613 2739 Et
3641 2670 4107 2738 abundantia.
4156 2696 4190 2736 ι

3010 2783 3184 2850 Dicit
3235 2805 3399 2873 ergo
3444 2803 3459 2849 :
3499 2781 3615 2848 Sic
3671 2789 3903 2871 rogate
3952 2803 4104 2861 VOS,
4183 2779 4478 2868 judices,

2917 2891 3027 2960 vel
3085 2890 3372 2969 orando,
3447 2889 3556 2955 vel
3615 2887 4163 2978 interrogando:
4217 2896 4285 2954 et
4350 2909 4480 2977 ego

2918 3000 3060 3090 ipse
3100 3020 3296 3088 rogo,
3331 3020 3372 3064 o
3412 2997 3737 3077 Domine,
3814 3023 3842 3059 α
3869 2996 4001 3084 fiat
4023 3019 4197 3086 pax,
4244 3020 4278 3060 ι
4312 3004 4378 3063 et
4409 2995 4479 3062 in

2918 3106 3260 3200 praesenti,
3329 3114 3397 3173 et
3454 3104 3523 3172 in
3582 3102 3837 3183 futuro,
3900 3103 3982 3173 dc
4022 3125 4160 3195 qua
4225 3101 4480 3194 duplici

2918 3236 3108 3306 pace,
3172 3214 3375 3281 Joan.
3418 3234 3562 3295 xw,
3618 3214 3704 3281 27
3739 3235 3761 3279 .·
3848 3213 4096 3279 Pacem
4163 3210 4482 3301 relinquo

2918 3320 3131 3401 vobis,
3158 3342 3398 3412 pacem
3430 3340 3656 3386 meam
3689 3318 3779 3385 do
3813 3317 4022 3385 vobis.
4068 3316 4477 3407 Gregorius:

2931 3455 2961 3491 ι
3002 3427 3127 3495 llic
3188 3425 3525 3516 relinqu0,
3585 3423 3722 3492 illic
3770 3423 3885 3490 dc.
3927 3451 3958 3483 >i
4018 3422 4102 3489 Et
4149 3421 4282 3489 hoc
4332 3447 4366 3487 ι
4411 3424 4483 3490 iu

2919 3540 3168 3605 virtute
3197 3546 3346 3612 tua,
3394 3561 3427 3599 ιο
3462 3534 3530 3601 id
3574 3541 3700 3610 est,
3736 3555 3858 3623 per
3907 3532 4228 3600 virtutem
4262 3540 4479 3615 tuam,

2917 3646 3174 3715 scilicet
3203 3642 3603 3712 charitatem
3651 3638 3997 3710 :charitas
4045 3640 4228 3708 enim
4279 3660 4485 3730 gene·

2920 3763 3019 3821 rat
3077 3775 3340 3845 pacem.
3403 3749 3509 3818 Ad
3559 3748 3784 3817 Galat.
3853 3770 3921 3825 v,
3985 3749 4122 3816 22:
4188 3748 4483 3816 Fructus

2918 3863 3223 3954 Spiritus
3249 3868 3349 3926 est
3369 3857 3701 3940 charitas,
3730 3854 4101 3948 qaudium,
4128 3878 4302 3947 past,
4347 3862 4478 3923 etc.

2920 3968 3255 4037 Praemisit
3293 3965 3730 4043 charitatem,
3782 3970 3857 4031 ut
3891 3971 4242 4053 tamquam
4282 3984 4487 4052 gene-

2921 4084 3064 4144 rata
3092 4073 3179 4142 ab
3207 4098 3288 4142 ea
3316 4069 4079 4164 supponeret'gaudium
4120 4077 4187 4139 et
4213 4092 4478 4160 pacem.

2921 4182 3029 4262 Et,
3071 4181 3156 4249 ad
3227 4178 3476 4270 Eplnes.
3522 4201 3618 4259 iv,
3689 4179 3780 4246 3:
3852 4176 4162 4245 Solliciti
4212 4197 4485 4244 servare

2924 4290 3252 4357 unitatem
3294 4287 3603 4378 Spiritus
3642 4287 3713 4352 in
3758 4283 4036 4351 vinculo
4059 4283 4277 4374 pacis.
4319 4282 4487 4351 Uni-

2922 4407 3129 4465 !atem
3165 4396 3455 4487 spiritus
3503 4392 3674 4462 dixit
3722 4392 4155 4475 charitatem,
4225 4413 4308 4460 ex
4348 4412 4488 4481 qua

2922 4504 3232 4595 sequitur
3257 4500 3612 4569 vinculum
3656 4500 3868 4591 pacis.

3018 4638 3052 4678 α
3087 4615 3182 4680 Et
3244 4610 3708 4678 abundantia.
3756 4636 3790 4676 ι
3853 4608 4023 4676 Ecce
4081 4606 4486 4707 secundum.

2927 4721 3137 4803 Quasi
3181 4719 3432 4789 «liceret
3478 4740 3493 4785 τ
3541 4718 3659 4787 Sic
3719 4740 3917 4809 rogo,
3973 4716 4158 4809 quod
4210 4739 4342 4808 pax
4375 4715 4494 4783 flat

2930 4851 3050 4921 per
3065 4825 3376 4895 eamdem
3399 4825 3752 4903 virtutem,
3779 4822 4034 4892 scilicet
4053 4821 4488 4891 charitatem:

1275 4942 1315 5009 8
1349 4963 1365 5007 :
1410 4941 1624 5009 Facta
1655 4950 1754 5007 est
1783 4939 2168 5030 deprecatio
2196 4951 2431 5008 nostra
2452 4940 2647 5032 apud
2680 4943 2829 5009 Do-
2935 4967 2967 5001 α
2995 4947 3128 5016 et,»
3153 4957 3527 5027 perpacem
3547 4934 3828 5013 etiam,«
3853 4933 3921 4999 in
3942 4931 4219 5000 turribu
4233 4931 4434 5011 stuis,
4456 4957 4487 4993 n

1273 5048 1536 5116 minum
1556 5048 1778 5115 Deum
1800 5056 2311 5127 nostr-ammi...
2333 5047 2620 5116 daretur
2636 5047 2831 5116 nobis
2936 5051 3004 5116 in
3046 5043 3422 5136 majoribus
3480 5053 3545 5112 et
3605 5041 4125 5110 sublimioribus
4181 5042 4298 5132 qui
4339 5047 4501 5108 sunt

1265 5179 1417 5248 paa-
1454 5154 1651 5223 illius
1690 5156 1704 5191 ⁸
1740 5154 1810 5222 in
1843 5153 1989 5221 loco
2024 5165 2260 5223 sancto
2290 5153 2470 5244 ejus.

1374 5287 1408 5327 a
1443 5264 1538 5331 Et
1600 5260 2061 5331 abundantia.
2098 5287 2132 5327 ι
2197 5260 2369 5331 Ecce
2424 5261 2823 5331 secundum.

2938 5159 3005 5225 in
3044 5152 3258 5235 roelis,
3329 5159 3515 5220 tanta
3565 5152 3823 5220 scilicet
3885 5175 3919 5215 α
3953 5148 4417 5229 abundantia,
4462 5172 4499 5213 ι

2935 5273 3010 5332 ut
3087 5263 3374 5330 influant
3444 5259 3621 5328 aliis.
3687 5258 3966 5327 Denter.
4027 5264 4271 5339 xxxin,
4330 5256 4416 5323 23
4482 5275 4501 5323 ε

1276 5370 1486 5485 Quasi
1524 5370 1775 5440 diceret
1810 5392 1829 5439 :
1883 5367 1999 5438 Sic
2038 5368 2479 5462 interrogate,
2516 5393 2635 5462 per
2674 5391 2830 5462 quae
2938 5368 3271 5462 Neptitali
3289 5361 4506 5458 abundantiaperfrueturNephtali

1274 5480 1548 5549 venitur
1582 5480 1667 5548 ad
1695 5500 1963 5571 pacem,
2020 5485 2086 5548 et
2139 5501 2267 5569 per
2293 5501 2446 5572 quae
2503 5478 2836 5570 quaeritur
2941 5486 3453 5573 interpretatur,
3529 5479 3864 5547 dilatavit
3944 5500 4077 5560 me,
4147 5485 4216 5546 et
4281 5476 4514 5568 signat.

1346 5713 1363 5749 ¹
1407 5709 1573 5785 vulg.
1606 5708 1785 5769 habet
1806 5710 2061 5785 paxillus
2090 5714 2149 5769 et
2176 5726 2298 5769 non
2327 5727 2453 5785 pax
2478 5707 2653 5770 iltius.

1560 5845 1675 5886 xvn

4186 5820 4258 5876 2³
