5008 6329
594 3242 606 3260 ⁵
638 3243 905 3312 socium
955 3264 1153 3308 suum
1218 3263 1235 3307 ε

643 254 729 318 70

645 426 961 511 quatuor.
996 420 1255 501 Primo,
1291 444 1587 514 quorum
1622 422 2001 489 ministerio
2024 422 2195 490 faeta

644 533 731 598 sit
776 529 1109 600 liberatio.
1149 529 1489 613 Secunde,
1525 553 1648 620 per
1686 552 1840 620 quae
1880 531 2054 599 lacta
2094 539 2196 598 est

645 640 982 724 liberatio,
1034 639 1288 707 seilicet
1326 660 1446 727 per
1494 637 1734 730 plagas
1784 649 1850 708 et
1895 639 2189 730 flagella,

642 747 763 827 ibi,
825 756 887 823 ,ἡ
940 749 1023 813 28
1078 769 1092 811 :
1148 769 1179 809 α
1212 745 1409 811 Misit
1467 745 1795 816 tenebras.
1840 774 1870 811 n
1940 747 2192 828 Tertio,

642 855 893 924 modus
940 852 1384 932 liberationiS‚
1437 852 1690 922 talibus
1730 854 2081 931 ministriS‚
2134 859 2200 919 et

640 984 767 1054 per
795 958 982 1044 talia,
1040 959 1159 1042 ibi,
1193 967 1258 1035 5’.
1296 960 1378 1027 37
1424 979 1440 1029 :
1481 987 1516 1024 «
1550 963 1645 1028 Et
1701 961 1942 1029 eduxit
1980 983 2108 1027 e05.
2160 984 2194 1025 n

644 1069 1005 1149 Quartum,
1039 1067 1222 1157 quod
1270 1078 1580 1137 secutum
1639 1078 1740 1137 est
1796 1072 1866 1137 in
1905 1068 2200 1136 inimicis

645 1200 732 1245 ex
764 1173 878 1243 tali
925 1174 1357 1258 liberatione,
1416 1175 1537 1256 ibi,
1571 1184 1636 1254 ᾗ.
1681 1178 1766 1244 38
1804 1199 1820 1243 :
1858 1200 1891 1242 α
1933 1178 2200 1243 Laetata

644 1293 743 1352 est
770 1284 1148 1374 AEyyptus.
1180 1310 1213 1350 ι)

737 1390 816 1457 In
845 1392 1065 1479 prima
1093 1391 1411 1460 dicuntur
1439 1392 1596 1460 duo.
1647 1389 1909 1468 Primo,
1963 1388 2200 1457 missio

643 1499 921 1567 illorum
974 1521 1096 1589 per
1142 1521 1316 1589 quos
1355 1499 1532 1566 facta
1561 1505 1664 1566 est.
1704 1495 2041 1564 liberatio.
2074 1494 2203 1563 Se-

645 1605 902 1685 cund0‚
935 1607 1265 1675 mittentis
1287 1607 1601 1685 intentio,
1630 1603 1748 1682 ibi,
1781 1613 1846 1682 5⁴.
1869 1605 1952 1672 27
1980 1596 1996 1673 ὲ
2022 1606 2205 1671 «Ρο-

645 1715 791 1783 suit
831 1715 898 1781 in
938 1716 1055 1782 eis.
1094 1739 1129 1779 n

739 1821 817 1889 In
863 1821 1083 1913 prima
1130 1822 1291 1890 du0.
1350 1822 1613 1903 Primo,
1681 1822 1916 1890 missio
1982 1818 2203 1911 Moysi

646 1942 1002 2020 tamquam
1030 1930 1231 2021 primi
1271 1938 1338 1997 et
1380 1930 1799 2020 principaliS.
1855 1927 2199 2004 Secunde,

648 2042 1005 2112 associatio
1049 2043 1281 2110 Aaron
1329 2042 1458 2133 ipsi
1508 2042 1757 2133 Moysi,
1810 2040 1929 2119 ibi,
1983 2064 2016 2103 α
2058 2040 2206 2107 Λα-

645 2174 861 2221 ron.»

743 2259 919 2327 Dicit
978 2281 1138 2350 ergo
1185 2281 1200 2325 :
1267 2259 1379 2326 Sic
1441 2256 1875 2348 multiplicati
1928 2262 2085 2323 sunt
2133 2253 2202 2321 in

650 2367 976 2459 AEgypto,
1013 2375 1076 2436 et
1115 2367 1371 2447 afflicti,
1424 2375 1492 2435 et
1521 2365 1862 2433 Dominus
1901 2365 1987 2432 ad
2024 2363 2202 2432 libe-

652 2475 939 2544 randum
971 2499 1087 2543 eos
1122 2501 1154 2540 α
1189 2476 1379 2542 misit
1405 2477 1714 2565 Moysen,
1736 2499 1770 2541 a
1801 2496 1961 2542 vere
1990 2472 2195 2542 misit.

648 2586 866 2656 Exod.
906 2610 1000 2667 ιιι,
1042 2588 1119 2653 Η»
1153 2611 1169 2655 :
1220 2587 1358 2671 Qui
1384 2597 1504 2667 est,
1559 2588 1752 2655 misit
1782 2608 1888 2655 me
1923 2585 2021 2652 ad
2055 2607 2196 2653 voS.

646 2696 733 2765 Et
773 2719 929 2764 vere
962 2719 977 2762 :
1010 2700 1167 2788 quia
1210 2717 1294 2764 ex
1333 2704 1478 2764 toto
1510 2694 1771 2765 mundo
1809 2695 2035 2787 ipsum
2069 2692 2200 2761 ele·

644 2810 749 2900 git
815 2815 888 2874 ut
953 2808 1274 2876 mitteret.
1345 2805 1559 2876 Eecli.
1602 2829 1756 2888 ην,
1810 2807 1849 2873 4
1885 2828 1900 2873 :
1961 2805 2200 2896 Eleqit

638 2938 800 2986 eum
832 2939 917 2983 ea·
953 2915 1143 2983 omni
1179 2939 1402 2983 earne.

733 3054 769 3089 α
802 3027 899 3093 Et
933 3026 1189 3093 Aaron.
1228 3047 1262 3089 a
1323 3023 1495 3093 Ecce
1546 3022 1946 3092 secundum.
1983 3020 2194 3101 Quasi

637 3133 936 3203 eliceret:
975 3130 1085 3200 Sic
1118 3130 1403 3224 Moysen
1443 3132 1658 3215 misit,
1692 3129 1813 3201 sed
1850 3129 2021 3198 forte
2054 3151 2194 3198 non

1308 3241 1448 3309 imo
1517 3249 1585 3309 et
1640 3240 1824 3309 misit
1892 3264 1926 3306 a
1959 3242 2193 3308 Aaron

637 3353 866 3443 ipsum
898 3370 1095 3439 quc-m
1126 3348 1355 3438 eleqit.
1394 3376 1427 3410 »
1460 3347 1547 3415 Et
1585 3348 1642 3414 si
1680 3346 1854 3416 forte
1883 3345 2196 3415 suffecis-

636 3465 740 3530 set
781 3456 1025 3525 dixisse
1071 3477 1087 3522 ε
1150 3455 1345 3523 Misit
1409 3456 1645 3524 Aaron
1699 3477 1900 3547 quem
1958 3453 2188 3544 eleqit,

636 3566 861 3658 tnagis
898 3562 1497 3657 expressitaddens
1522 3586 1908 3656 pronomen
1937 3563 2196 3632 discre-

635 3679 882 3752 tivum,
919 3676 1167 3767 ipsum.
1201 3672 1417 3742 Exod.
1453 3696 1547 3754 iv,
1589 3673 1669 3741 st
1699 3680 1764 3742 et
1802 3674 1925 3743 15:
1959 3676 2193 3742 Aaron

629 3791 859 3879 frater
896 3793 1055 3850 tuus
1093 3781 1378 3866 Levites,
1427 3782 1567 3849 scio
1625 3781 1816 3873 quod
1874 3780 2196 3875 eloquens

630 3894 726 3961 sit
749 3914 772 3960 .·
803 3914 944 3959 eece
963 3890 1104 3982 ipse
1122 3888 1473 3980 cyr-editur
1493 3889 1563 3956 in
1586 3910 1938 3958 occursum
1964 3898 2191 3968 tuum,

638 3998 1002 4090 cide-nsque
1057 4007 1121 4067 te
1179 3995 1537 4067 laetabitur
1590 3995 1812 4066 eorde.
1890 3998 2197 4089 Loquere

635 4107 739 4175 ad
762 4128 942 4185 eum,
979 4113 1043 4173 et
1064 4128 1244 4197 pone
1270 4102 1472 4172 verba
1512 4126 1667 4174 mea
1705 4107 1777 4171 in
1834 4127 1950 4174 ore
2009 4103 2191 4195 ejus.

633 4213 846 4286 Bccli.
924 4235 1077 4292 xix,
1139 4214 1225 4279 20
1269 4233 1285 4279 ε
1346 4212 1587 4304 Ipsum
1638 4211 1869 4302 elegit,
1937 4211 2196 4281 scilieet

634 4327 897 4400 Aaron,
938 4318 1026 4389 ab
1064 4321 1254 4387 omni
1303 4320 1590 4405 vivente,
1667 4322 1912 4410 offerre
1970 4318 2195 4386 sacri-

632 4428 879 4521 ficium
907 4428 1079 4507 Deo,
1121 4433 1250 4496 etc.

286 4557 378 4613 Qus
402 4553 610 4617 οιῑςωιιι
733 4538 866 4605 l’er
897 4535 1208 4627 Moysen,
1242 4535 1359 4627 qui
1384 4535 1863 4626 interpretatur
1886 4534 2193 4603 nutritus

310 4622 363 4658 nt
385 4616 592 4659 educant

287 4666 604 4779 ροέἐῖἕοιζο
640 4651 717 4718 in
781 4646 1005 4737 aquis,
1064 4642 1370 4713 eruditus
1434 4651 1502 4712 et
1559 4645 1857 4713 nutritus
1885 4642 1958 4711 in
1994 4641 2191 4733 aquis

565 4751 576 4763 '
641 4753 1176 4847 Scripturarum,
1198 4753 1350 4820 imo
1379 4752 1501 4845 qui
1527 4753 1617 4821 sit
1644 4750 1822 4821 fons.
1855 4747 2187 4820 Proverb.

636 4887 710 4941 v,
760 4862 881 4930 ¹15:
916 4861 1328 4929 Derieentur
1374 4861 1603 4951 lantes
1667 4860 1776 4929 tui
1842 4861 2063 4949 laras.
2104 4856 2191 4926 Et

638 4967 829 5064 quod
879 4968 973 5036 sic
1030 4967 1258 5051 fuerit,
1330 4966 1353 5033 1
1423 4965 1509 5034 ad
1567 4963 1877 5035 Corinth.
1929 4989 2021 5044 nt,
2062 4967 2183 5035 ¹9:

640 5082 817 5149 Cum
854 5099 1058 5146 essem
1119 5074 1293 5144 liber
1349 5075 1418 5141 in
1474 5071 1819 5153 omnibus,
1879 5075 2190 5142 omnium

633 5206 1039 5258 meservum
1061 5184 1221 5275 feci.
1256 5180 1455 5262 Item,
1489 5181 1678 5273 quod
1738 5180 1866 5250 Dei
1922 5204 2185 5263 servus,

631 5302 714 5365 ut
739 5292 1032 5385 gloriam
1060 5290 1186 5360 Dei
1224 5297 1511 5380 quaerat,
1568 5311 1708 5359 non
1765 5311 1989 5358 suam.
2050 5286 2183 5357 Isa.

631 5424 801 5482 κω,
840 5402 959 5467 ¹2:
992 5397 1300 5468 Laudem
1338 5396 1522 5486 ejus,
1559 5397 1679 5465 Dei
1719 5397 1996 5477 scilicet,
2046 5419 2188 5466 non

634 5530 862 5588 suam,
896 5507 968 5575 in
1007 5504 1256 5573 insulis
1281 5504 1731 5577 nuntiabunt.
1765 5502 1898 5573 Per
1922 5503 2183 5591 Aaron,

634 5618 754 5713 qui
796 5616 1275 5706 interpretatur
1307 5604 1702 5694 montanus,
1762 5611 1833 5681 in
1888 5610 2031 5681 vita
2090 5609 2183 5680 al·

1623 252 1709 319 D.
1760 252 1961 320 ALB.
2016 252 2233 322 MAG.
2288 252 2495 320 ORD.
2550 251 2848 317 PRAED.

2304 430 2433 488 tus.
2473 420 2601 487 Isa.
2637 441 2746 499 xn,
2791 419 2872 485 9:
2919 417 3143 505 Super
3181 427 3476 483 montem
3516 420 3853 487 excelsum

2304 530 2611 611 ascende,
2647 540 2748 608 tu,
2791 529 2914 619 qui
2970 525 3399 613 evanqelizas
3442 531 3848 597 Jerusalem.

2304 637 2412 716 Et,
2453 661 2617 721 xLu,
2657 639 2775 704 11:
2813 639 2919 705 De
2946 634 3188 702 vertice
3209 638 3546 704 montium
3585 638 3854 705 elama-
3917 675 3925 683 -

2308 745 2497 812 bunt.
2535 745 2729 825 Item,
2766 767 2803 812 a
2842 744 2986 812 Deo
3056 740 3329 808 electus.
3373 745 3644 813 Denter.
3686 768 3850 826 xvn,

2311 856 2390 921 15
2448 877 2463 921 ε
2534 857 2721 922 Eum
2796 853 3161 922 constitues
3235 875 3432 941 quem
3519 855 3857 922 Dominus

2304 964 2493 1029 Deus
2559 972 2720 1029 tuus
2792 962 3071 1052 eleqerit
3109 963 3191 1030 de
3225 986 3507 1032 numero
3547 965 3853 1053 fratrum

2308 1080 2611 1138 tuorum.
2683 1069 2770 1137 Hi
2829 1068 3077 1139 debent
3132 1070 3289 1162 eligi
3320 1073 3401 1140 ed
3431 1069 3851 1140 educendum

2305 1178 2638 1270 populum
2724 1179 2850 1247 Dei
2939 1179 3022 1247 de
3077 1179 3405 1271 AEgyptO.
3479 1180 3722 1271 Supra,
3786 1181 3854 1245 in

2306 1287 2489 1355 Psal.
2543 1310 2778 1367 vam,
2823 1288 2905 1356 6:
2938 1289 3207 1377 Moyses
3248 1298 3311 1355 et
3338 1290 3571 1357 Aaron
3621 1290 3689 1354 in
3738 1311 3857 1353 sa-

2307 1396 2695 1464 cerdotibus
2723 1394 2903 1485 ejuS.

2401 1744 2438 1776 α
2478 1722 2728 1788 Posuit
2757 1720 2829 1788 in
2856 1721 2973 1789 eis.
3012 1747 3047 1784 n
3079 1721 3208 1789 Hic
3251 1723 3621 1791 seeundum
3652 1722 3858 1812 hujus

2309 1827 2682 1914 particulae,
2716 1827 2971 1898 seilicet
2999 1829 3086 1897 ad
3123 1828 3286 1920 quid
3327 1832 3536 1916 misit,
3605 1831 3860 1900 scilieet

2313 1931 2398 1999 ad
2428 1933 2589 2002 duo.
2626 1934 2887 2015 Primo,
2932 1937 3019 2006 ad
3075 1939 3525 2006 nuntiandum
3592 1940 3859 2007 minora

2312 2039 2435 2107 Dei
2467 2042 2820 2123 miracula,
2864 2065 3014 2135 quae
3079 2044 3545 2136 significantur
3590 2070 3711 2137 per
3764 2047 3857 2113 si-

2311 2170 2470 2238 gna.
2517 2147 2860 2230 Secundo,
2904 2152 3189 2241 maJora,
3251 2176 3400 2244 quae
3464 2155 3860 2246 significan-

2312 2264 2422 2322 tur
2450 2279 2571 2347 per
2595 2259 2931 2351 prodigia,
2965 2259 3086 2345 ibi,
3118 2287 3153 2324 α
3178 2263 3271 2329 ΕΙ
3293 2263 3797 2353 prodiqiorum.
3816 2290 3848 2322 υ

2396 2363 2578 2433 Dicit
2633 2388 2797 2457 ergo
2861 2389 2878 2436 ε
2936 2367 3052 2437 Sie
3081 2369 3266 2436 misit
3329 2370 3521 2449 tales,
3570 2398 3600 2433 α
3636 2378 3702 2437 et
3723 2393 3857 2461 po-

2305 2474 2469 2550 suit,
2518 2496 2552 2538 »
2586 2481 2940 2566 tamquam
2971 2476 3251 2546 mittens
3279 2477 3361 2546 ad
3394 2477 3549 2560 hoc,
3586 2506 3620 2543 α
3653 2478 3855 2547 verba

2305 2585 2664 2675 siqnorum
2710 2609 3022 2671 suorum,
3067 2613 3102 2652 a
3170 2589 3515 2659 minorum
3583 2589 3857 2659 mirabi-

2306 2691 2500 2778 lium,
2540 2719 2574 2758 ι
2611 2695 2680 2761 in
2710 2696 2830 2776 eis,
2866 2720 2901 2761 a
2931 2705 3009 2764 ut
3037 2698 3183 2789 ipsa
3209 2698 3647 2788 praedicerent
3679 2696 3857 2766 Pha·

2304 2802 2524 2885 raoni,
2566 2808 2632 2871 et
2683 2802 2898 2874 verbo
2937 2804 3338 2896 implerent:
3377 2832 3411 2874 a
3448 2818 3535 2889 et,
3578 2834 3612 2871 ιι
3646 2807 3852 2876 etiam

2302 2907 2513 2977 verba
2546 2933 2581 2975 ι
2617 2911 3102 3003 prodigiorum
3144 2935 3453 2999 suorum,
3498 2939 3534 2982 a
3582 2912 3849 3007 supple,

2303 3015 2716 3104 fiendorum,
2768 3046 2803 3083 α
2870 3021 2946 3089 in
3018 3028 3201 3089 terra
3242 3022 3481 3091 Cham.
3518 3046 3554 3089 ι
3633 3021 3848 3090 Exod.

2300 3145 2421 3203 vn,
2465 3125 2552 3196 9:
2589 3126 2763 3196 Cum
2792 3125 3050 3197 dixerit
3102 3128 3290 3196 vobis
3351 3130 3632 3199 Plaearao
3655 3154 3678 3199 .·
3722 3129 3849 3199 Os·

2301 3232 2558 3302 tendite
2587 3234 2792 3326 siqua
2830 3234 3065 3306 :dices
3117 3235 3215 3304 ad
3272 3240 3503 3307 Aaron
3561 3261 3585 3307 .·
3665 3237 3856 3306 Tolle

2300 3341 2571 3432 rirqam
2638 3352 2859 3423 tuam,
2928 3352 2994 3412 et
3051 3344 3323 3437 projice
3384 3370 3533 3415 eam
3621 3369 3851 3414 coram

2301 3448 2692 3521 Pharaone.
2736 3450 2821 3519 Et
2890 3476 3149 3533 rursus,
3192 3476 3309 3541 vu,
3344 3457 3426 3523 3:
3495 3454 3851 3547 Multipli-

2300 3557 2467 3627 eabo
2493 3562 2725 3652 siqua,
2767 3570 3100 3654 quantum
3156 3562 3244 3632 ad
3297 3566 3591 3647 minora,
3646 3575 3712 3632 et
3739 3588 3852 3632 os-

2302 3679 2517 3749 tenta,
2593 3677 2930 3761 quantum
2986 3669 3072 3739 ad
3146 3671 3428 3760 majora,
3529 3674 3600 3740 in
3665 3681 3851 3741 terra

2300 3779 2631 3871 AEqypti.
2705 3779 2916 3849 Verba
3007 3779 3194 3862 dicit,
3249 3781 3408 3873 quia
3471 3780 3619 3873 ipsa
3674 3780 3849 3851 iacta

2300 3892 2492 3953 erant
2521 3885 2758 3969 verba,
2801 3887 2963 3980 quia
2989 3887 3354 3978 signantia.

2393 4228 2427 4268 a
2459 4204 2655 4272 Misit
2693 4202 3024 4274 tenebras.
3063 4227 3097 4269 a
3164 4203 3294 4272 llic
3345 4205 3742 4285 secundum,
3777 4210 3849 4277 in

2300 4332 2439 4401 quo
2469 4308 2789 4395 ostendit,
2833 4332 2954 4401 per
2979 4331 3132 4403 quae
3171 4308 3345 4380 facta
3397 4321 3504 4382 est
3570 4313 3659 4383 ab
3714 4313 3848 4383 illis

2296 4417 2639 4502 liberatio,
2716 4417 2972 4489 seilicet
3057 4420 3279 4511 signa,
3360 4430 3427 4491 et
3506 4431 3842 4516 portenta,

2301 4550 2452 4619 quae
2479 4528 2700 4620 tangit
2727 4527 2815 4598 ad
2842 4525 3118 4597 illorum
3147 4525 3616 4603 liberationem
3642 4532 3843 4605 iacta.

2301 4634 2537 4704 Primo
2612 4657 2778 4726 ergo
2843 4641 3218 4726 tanguntur
3275 4635 3470 4728 signa
3531 4639 3846 4710 tenebra·

2300 4766 2497 4813 rum:
2540 4752 2608 4813 et
2635 4741 2957 4812 dicuntur
2992 4741 3145 4813 tria.
3198 4740 3458 4829 Primo,
3525 4748 3848 4818 tenebra-

2298 4875 2452 4922 rum
2483 4851 2846 4923 immissio.
2890 4849 3232 4930 Secundo,
3273 4853 3550 4925 effectus
3596 4879 3846 4927 eonse-

2298 4983 2517 5055 quens
2580 4982 2668 5030 ex
2732 4959 3083 5044 immissis,
3150 4957 3270 5041 ibi,
3306 4985 3341 5027 ι
3380 4964 3477 5031 Et
3528 4962 3848 5034 obseura-

2296 5069 2417 5137 vit.
2462 5095 2500 5133 n
2538 5066 2793 5149 Tertio,
2835 5065 3150 5160 quoedam
3177 5074 3383 5138 tantm
3438 5069 3655 5163 plage
3687 5094 3850 5143 con-

2296 5177 2492 5262 ditio,
2561 5176 2940 5248 seeundum
3039 5197 3250 5245 unam
3325 5176 3679 5264 lecturam,
3738 5182 3849 5253 vel

2296 5286 2604 5378 ipsorum
2669 5285 3080 5355 afflictorum
3125 5304 3251 5375 per
3301 5284 3490 5356 illam
3545 5289 3845 5383 plagam,

2296 5394 2408 5464 vel
2436 5395 2909 5465 ministrorum
2938 5391 3066 5461 Dei
3095 5390 3182 5459 ad
3222 5392 3666 5488 infligendum
3697 5398 3852 5490 pla-

2295 5526 2457 5596 gam
2484 5501 2860 5572 secundum
2890 5498 3193 5570 diversas
3220 5499 3502 5586 litteras,
3534 5504 3655 5586 ibi,
3691 5530 3729 5570 α
3752 5508 3852 5576 Et

2294 5631 2432 5680 non
2462 5606 2917 5681 exacerbavit.
2953 5631 2990 5675 a

3979 1752 4097 1818 27
