<?xml version="1.0" encoding="UTF-8"?>
<!DOCTYPE html PUBLIC "-//W3C//DTD XHTML 1.0 Transitional//EN"
    "http://www.w3.org/TR/xhtml1/DTD/xhtml1-transitional.dtd">
<html xmlns="http://www.w3.org/1999/xhtml" xml:lang="en" lang="en">
 <head>
  <title>
</title>
<meta http-equiv="Content-Type" content="text/html;charset=utf-8" />
  <meta name='ocr-system' content='tesseract 3.04.00' />
  <meta name='ocr-capabilities' content='ocr_page ocr_carea ocr_par ocr_line ocrx_word'/>
</head>
<body>
  <div class='ocr_page' id='page_1' title='image "balbertimagnira02chgoog_0104.png"; bbox 0 0 5008 6329; ppageno 0'>
   <div class='ocr_carea' id='block_1_1' title="bbox 271 4817 591 4929">
    <p class='ocr_par' dir='ltr' id='par_1_1' title="bbox 271 4817 591 4929">
     <span class='ocr_line' id='line_1_1' title="bbox 309 4817 547 4865; baseline 0.017 -4"><span class='ocrx_word' id='word_1_1' title='bbox 309 4817 547 4865; x_wconf 69' lang='lat' dir='ltr'>Chri-⁸⁸⁸.</span> 
     </span>
     <span class='ocr_line' id='line_1_2' title="bbox 271 4867 591 4929; baseline -0.013 -12"><span class='ocrx_word' id='word_1_2' title='bbox 271 4873 474 4929; x_wconf 63' lang='lat' dir='ltr'>noy-⁸⁸</span> <span class='ocrx_word' id='word_1_3' title='bbox 492 4867 591 4914; x_wconf 74' lang='lat' dir='ltr'>olo·</span> 
     </span>
    </p>
   </div>
   <div class='ocr_carea' id='block_1_2' title="bbox 632 321 2841 393">
    <p class='ocr_par' dir='ltr' id='par_1_2' title="bbox 632 321 2841 393">
     <span class='ocr_line' id='line_1_3' title="bbox 632 321 2841 393; baseline 0 -1"><span class='ocrx_word' id='word_1_4' title='bbox 632 327 717 393; x_wconf 73' lang='lat'>94</span> <span class='ocrx_word' id='word_1_5' title='bbox 1624 323 1711 388; x_wconf 87' lang='lat' dir='ltr'>D.</span> <span class='ocrx_word' id='word_1_6' title='bbox 1765 321 1967 390; x_wconf 63' lang='grc' dir='ltr'><strong>ΑΕΒ.</strong></span> <span class='ocrx_word' id='word_1_7' title='bbox 2022 323 2236 389; x_wconf 81' lang='lat' dir='ltr'><strong>MAG.</strong></span> <span class='ocrx_word' id='word_1_8' title='bbox 2291 324 2494 389; x_wconf 86' lang='lat' dir='ltr'><strong>ORD.</strong></span> <span class='ocrx_word' id='word_1_9' title='bbox 2551 325 2841 393; x_wconf 81' lang='lat' dir='ltr'><strong>PRAED.</strong></span> 
     </span>
    </p>
   </div>
   <div class='ocr_carea' id='block_1_3' title="bbox 630 492 3851 588">
    <p class='ocr_par' dir='ltr' id='par_1_3' title="bbox 630 492 3851 588">
     <span class='ocr_line' id='line_1_4' title="bbox 630 492 3851 588; baseline 0.001 -27"><span class='ocrx_word' id='word_1_10' title='bbox 630 504 695 562; x_wconf 82' lang='lat' dir='ltr'>to</span> <span class='ocrx_word' id='word_1_11' title='bbox 717 497 788 563; x_wconf 88' lang='lat' dir='ltr'>in</span> <span class='ocrx_word' id='word_1_12' title='bbox 801 520 1150 588; x_wconf 87' lang='lat' dir='ltr'>pavorem.</span> <span class='ocrx_word' id='word_1_13' title='bbox 1190 496 1296 571; x_wconf 87' lang='lat' dir='ltr'>Et,</span> <span class='ocrx_word' id='word_1_14' title='bbox 1340 517 1410 568; x_wconf 84' lang='lat' dir='ltr'>x,</span> <span class='ocrx_word' id='word_1_15' title='bbox 1447 494 1531 560; x_wconf 86' lang='lat'>33</span> <span class='ocrx_word' id='word_1_16' title='bbox 1559 515 1572 558; x_wconf 90' lang='lat'>:</span> <span class='ocrx_word' id='word_1_17' title='bbox 1614 492 2028 583; x_wconf 75' lang='lat' dir='ltr'>Confrinqet</span> <span class='ocrx_word' id='word_1_18' title='bbox 2047 496 2193 561; x_wconf 87' lang='lat' dir='ltr'>Do·</span> <span class='ocrx_word' id='word_1_19' title='bbox 2288 494 2523 584; x_wconf 85' lang='lat' dir='ltr'>judicii</span> <span class='ocrx_word' id='word_1_20' title='bbox 2551 496 3004 562; x_wconf 84' lang='lat' dir='ltr'>exsecutione.</span> <span class='ocrx_word' id='word_1_21' title='bbox 3029 496 3104 563; x_wconf 85' lang='lat' dir='ltr'>In</span> <span class='ocrx_word' id='word_1_22' title='bbox 3126 500 3348 587; x_wconf 88' lang='lat' dir='ltr'>prima</span> <span class='ocrx_word' id='word_1_23' title='bbox 3377 500 3668 565; x_wconf 87' lang='lat' dir='ltr'>statione</span> <span class='ocrx_word' id='word_1_24' title='bbox 3689 520 3851 565; x_wconf 87' lang='lat' dir='ltr'>con-</span> 
     </span>
    </p>
   </div>
   <div class='ocr_carea' id='block_1_4' title="bbox 623 605 2191 1034">
    <p class='ocr_par' dir='ltr' id='par_1_4' title="bbox 623 605 2191 1034">
     <span class='ocr_line' id='line_1_5' title="bbox 628 605 2190 700; baseline -0.004 -23"><span class='ocrx_word' id='word_1_25' title='bbox 628 613 857 678; x_wconf 80' lang='lat' dir='ltr'>minus</span> <span class='ocrx_word' id='word_1_26' title='bbox 887 607 1368 700; x_wconf 73' lang='lat' dir='ltr'>layum-ulam,</span> <span class='ocrx_word' id='word_1_27' title='bbox 1450 605 1707 695; x_wconf 86' lang='lat' dir='ltr'>proprii</span> <span class='ocrx_word' id='word_1_28' title='bbox 1757 608 2086 695; x_wconf 80' lang='lat' dir='ltr'>corporiS‚</span> <span class='ocrx_word' id='word_1_29' title='bbox 2123 607 2190 671; x_wconf 78' lang='lat' dir='ltr'>in</span> 
     </span>
     <span class='ocr_line' id='line_1_6' title="bbox 627 715 2185 809; baseline -0.006 -20"><span class='ocrx_word' id='word_1_30' title='bbox 627 731 921 789; x_wconf 82' lang='lat' dir='ltr'>terrore:</span> <span class='ocrx_word' id='word_1_31' title='bbox 961 720 1145 809; x_wconf 83' lang='lat' dir='ltr'>quia,</span> <span class='ocrx_word' id='word_1_32' title='bbox 1187 716 1346 781; x_wconf 86' lang='lat' dir='ltr'>Luc.</span> <span class='ocrx_word' id='word_1_33' title='bbox 1395 738 1586 798; x_wconf 83' lang='lat' dir='ltr'>xxm,</span> <span class='ocrx_word' id='word_1_34' title='bbox 1633 716 1745 793; x_wconf 86' lang='lat'>31,</span> <span class='ocrx_word' id='word_1_35' title='bbox 1792 715 1954 781; x_wconf 90' lang='lat' dir='ltr'>dicit</span> <span class='ocrx_word' id='word_1_36' title='bbox 1998 718 2135 803; x_wconf 86' lang='lat' dir='ltr'>ipse</span> <span class='ocrx_word' id='word_1_37' title='bbox 2172 736 2185 779; x_wconf 93' lang='lat'><strong>:</strong></span> 
     </span>
     <span class='ocr_line' id='line_1_7' title="bbox 623 824 2191 917; baseline -0.006 -19"><span class='ocrx_word' id='word_1_38' title='bbox 623 834 708 903; x_wconf 82' lang='lat' dir='ltr'>Si</span> <span class='ocrx_word' id='word_1_39' title='bbox 745 833 814 897; x_wconf 78' lang='lat' dir='ltr'>in</span> <span class='ocrx_word' id='word_1_40' title='bbox 857 829 1064 896; x_wconf 86' lang='lat' dir='ltr'>viridi</span> <span class='ocrx_word' id='word_1_41' title='bbox 1121 828 1312 917; x_wconf 75' lang='lat' dir='ltr'>liquo</span> <span class='ocrx_word' id='word_1_42' title='bbox 1350 827 1491 893; x_wconf 74' lang='lat' dir='ltr'>Izaec</span> <span class='ocrx_word' id='word_1_43' title='bbox 1527 827 1828 916; x_wconf 82' lang='lat' dir='ltr'>faciunt,</span> <span class='ocrx_word' id='word_1_44' title='bbox 1874 825 1947 890; x_wconf 84' lang='lat' dir='ltr'>in</span> <span class='ocrx_word' id='word_1_45' title='bbox 1994 824 2191 889; x_wconf 84' lang='lat' dir='ltr'>arido</span> 
     </span>
     <span class='ocr_line' id='line_1_8' title="bbox 626 938 1014 1034; baseline -0.015 -23"><span class='ocrx_word' id='word_1_46' title='bbox 626 942 801 1034; x_wconf 85' lang='lat' dir='ltr'>quid</span> <span class='ocrx_word' id='word_1_47' title='bbox 831 941 951 1028; x_wconf 80' lang='lat' dir='ltr'>fiet</span> <span class='ocrx_word' id='word_1_48' title='bbox 975 938 1014 1005; x_wconf 86' lang='lat'><em>?</em></span> 
     </span>
    </p>
   </div>
   <div class='ocr_carea' id='block_1_5' title="bbox 613 1249 2193 3298">
    <p class='ocr_par' dir='ltr' id='par_1_5' title="bbox 618 1249 2193 2189">
     <span class='ocr_line' id='line_1_9' title="bbox 724 1249 2191 1341; baseline -0.007 -16"><span class='ocrx_word' id='word_1_49' title='bbox 724 1284 758 1325; x_wconf 71' lang='lat' dir='ltr'>a</span> <span class='ocrx_word' id='word_1_50' title='bbox 790 1263 885 1328; x_wconf 83' lang='lat' dir='ltr'>Et</span> <span class='ocrx_word' id='word_1_51' title='bbox 937 1258 1122 1324; x_wconf 74' lang='lat' dir='ltr'>dixit</span> <span class='ocrx_word' id='word_1_52' title='bbox 1162 1262 1239 1319; x_wconf 81' lang='lat' dir='ltr'>ul</span> <span class='ocrx_word' id='word_1_53' title='bbox 1294 1249 1733 1341; x_wconf 78' lang='lat' dir='ltr'>disperderet.</span> <span class='ocrx_word' id='word_1_54' title='bbox 1798 1276 1829 1310; x_wconf 66' lang='grc' dir='ltr'>ι»</span> <span class='ocrx_word' id='word_1_55' title='bbox 1894 1249 2022 1315; x_wconf 83' lang='lat' dir='ltr'>Hic</span> <span class='ocrx_word' id='word_1_56' title='bbox 2079 1270 2191 1314; x_wconf 86' lang='lat' dir='ltr'>se-</span> 
     </span>
     <span class='ocr_line' id='line_1_10' title="bbox 630 1354 2190 1445; baseline -0.013 -8"><span class='ocrx_word' id='word_1_57' title='bbox 630 1367 951 1436; x_wconf 90' lang='lat' dir='ltr'>cundum.</span> <span class='ocrx_word' id='word_1_58' title='bbox 997 1360 1366 1428; x_wconf 84' lang='lat' dir='ltr'>Praemissa</span> <span class='ocrx_word' id='word_1_59' title='bbox 1416 1357 1692 1424; x_wconf 91' lang='lat' dir='ltr'>illorum</span> <span class='ocrx_word' id='word_1_60' title='bbox 1743 1356 1944 1445; x_wconf 86' lang='lat' dir='ltr'>culpa</span> <span class='ocrx_word' id='word_1_61' title='bbox 1992 1354 2190 1422; x_wconf 87' lang='lat' dir='ltr'>omis-</span> 
     </span>
     <span class='ocr_line' id='line_1_11' title="bbox 624 1462 2193 1553; baseline -0.012 -10"><span class='ocrx_word' id='word_1_62' title='bbox 624 1475 860 1550; x_wconf 89' lang='lat' dir='ltr'>sionis,</span> <span class='ocrx_word' id='word_1_63' title='bbox 906 1480 971 1540; x_wconf 90' lang='lat' dir='ltr'>et</span> <span class='ocrx_word' id='word_1_64' title='bbox 1008 1466 1543 1545; x_wconf 80' lang='lat' dir='ltr'>commissioniS,</span> <span class='ocrx_word' id='word_1_65' title='bbox 1604 1462 2047 1553; x_wconf 82' lang='lat' dir='ltr'>subjungitur</span> <span class='ocrx_word' id='word_1_66' title='bbox 2085 1463 2193 1526; x_wconf 88' lang='lat' dir='ltr'>in-</span> 
     </span>
     <span class='ocr_line' id='line_1_12' title="bbox 621 1569 2193 1668; baseline -0.012 -17"><span class='ocrx_word' id='word_1_67' title='bbox 621 1582 938 1651; x_wconf 88' lang='lat' dir='ltr'>tercessio</span> <span class='ocrx_word' id='word_1_68' title='bbox 980 1601 1102 1668; x_wconf 86' lang='lat' dir='ltr'>pro</span> <span class='ocrx_word' id='word_1_69' title='bbox 1135 1595 1337 1666; x_wconf 89' lang='lat' dir='ltr'>poena</span> <span class='ocrx_word' id='word_1_70' title='bbox 1368 1570 1788 1661; x_wconf 82' lang='lat' dir='ltr'>mitiganda:</span> <span class='ocrx_word' id='word_1_71' title='bbox 1836 1578 1903 1636; x_wconf 86' lang='lat' dir='ltr'>et</span> <span class='ocrx_word' id='word_1_72' title='bbox 1961 1569 2193 1634; x_wconf 90' lang='lat' dir='ltr'>dicun-</span> 
     </span>
     <span class='ocr_line' id='line_1_13' title="bbox 625 1674 2191 1767; baseline -0.012 -12"><span class='ocrx_word' id='word_1_73' title='bbox 625 1697 731 1755; x_wconf 90' lang='lat' dir='ltr'>tur</span> <span class='ocrx_word' id='word_1_74' title='bbox 757 1686 918 1753; x_wconf 88' lang='lat' dir='ltr'>duo.</span> <span class='ocrx_word' id='word_1_75' title='bbox 963 1684 1228 1759; x_wconf 89' lang='lat' dir='ltr'>Prim0,</span> <span class='ocrx_word' id='word_1_76' title='bbox 1261 1678 1572 1767; x_wconf 76' lang='lat' dir='ltr'>tangitur</span> <span class='ocrx_word' id='word_1_77' title='bbox 1612 1676 1736 1742; x_wconf 84' lang='lat' dir='ltr'>Dei</span> <span class='ocrx_word' id='word_1_78' title='bbox 1805 1674 2191 1741; x_wconf 86' lang='lat' dir='ltr'>commina-</span> 
     </span>
     <span class='ocr_line' id='line_1_14' title="bbox 620 1782 2188 1884; baseline -0.011 -20"><span class='ocrx_word' id='word_1_79' title='bbox 620 1798 716 1864; x_wconf 90' lang='lat' dir='ltr'>tio</span> <span class='ocrx_word' id='word_1_80' title='bbox 765 1796 847 1862; x_wconf 88' lang='lat' dir='ltr'>ad</span> <span class='ocrx_word' id='word_1_81' title='bbox 880 1789 1301 1884; x_wconf 79' lang='lat' dir='ltr'>puniendum</span> <span class='ocrx_word' id='word_1_82' title='bbox 1336 1784 1514 1852; x_wconf 77' lang='lat' dir='ltr'>illos·</span> <span class='ocrx_word' id='word_1_83' title='bbox 1561 1783 1910 1864; x_wconf 84' lang='lat' dir='ltr'>Secundo,</span> <span class='ocrx_word' id='word_1_84' title='bbox 1973 1782 2188 1872; x_wconf 72' lang='lat' dir='ltr'>Moysi</span> 
     </span>
     <span class='ocr_line' id='line_1_15' title="bbox 619 1894 2192 1998; baseline -0.012 -22"><span class='ocrx_word' id='word_1_85' title='bbox 619 1906 1047 1998; x_wconf 84' lang='lat' dir='ltr'>supplicatio,</span> <span class='ocrx_word' id='word_1_86' title='bbox 1086 1901 1205 1977; x_wconf 86' lang='lat' dir='ltr'>ibi,</span> <span class='ocrx_word' id='word_1_87' title='bbox 1256 1923 1288 1962; x_wconf 76' lang='grc' dir='ltr'><strong>α</strong></span> <span class='ocrx_word' id='word_1_88' title='bbox 1323 1898 1405 1966; x_wconf 87' lang='lat' dir='ltr'>Si</span> <span class='ocrx_word' id='word_1_89' title='bbox 1443 1919 1579 1963; x_wconf 85' lang='lat' dir='ltr'>non</span> <span class='ocrx_word' id='word_1_90' title='bbox 1611 1896 1911 1984; x_wconf 79' lang='lat' dir='ltr'>Moyses,</span> <span class='ocrx_word' id='word_1_91' title='bbox 1943 1921 1974 1957; x_wconf 73' lang='lat' dir='ltr'><strong>n</strong></span> <span class='ocrx_word' id='word_1_92' title='bbox 2036 1894 2192 1960; x_wconf 85' lang='lat' dir='ltr'>Ter-</span> 
     </span>
     <span class='ocr_line' id='line_1_16' title="bbox 618 2001 2190 2097; baseline -0.011 -16"><span class='ocrx_word' id='word_1_93' title='bbox 618 2016 742 2091; x_wconf 90' lang='lat' dir='ltr'>tio,</span> <span class='ocrx_word' id='word_1_94' title='bbox 784 2012 1071 2081; x_wconf 88' lang='lat' dir='ltr'>intentio</span> <span class='ocrx_word' id='word_1_95' title='bbox 1101 2003 1558 2097; x_wconf 86' lang='lat' dir='ltr'>deprecantis,</span> <span class='ocrx_word' id='word_1_96' title='bbox 1593 2001 1713 2077; x_wconf 84' lang='lat' dir='ltr'>ibi,</span> <span class='ocrx_word' id='word_1_97' title='bbox 1772 2028 1802 2064; x_wconf 75' lang='grc' dir='ltr'>ιι</span> <span class='ocrx_word' id='word_1_98' title='bbox 1840 2002 1928 2069; x_wconf 82' lang='lat' dir='ltr'>Ut</span> <span class='ocrx_word' id='word_1_99' title='bbox 1989 2022 2190 2066; x_wconf 74' lang='lat' dir='ltr'>acer-</span> 
     </span>
     <span class='ocr_line' id='line_1_17' title="bbox 618 2121 1075 2189; baseline -0.02 0"><span class='ocrx_word' id='word_1_100' title='bbox 618 2132 783 2189; x_wconf 81' lang='lat' dir='ltr'>!eret</span> <span class='ocrx_word' id='word_1_101' title='bbox 809 2121 1011 2187; x_wconf 83' lang='lat' dir='ltr'>iram.</span> <span class='ocrx_word' id='word_1_102' title='bbox 1043 2142 1075 2180; x_wconf 66' lang='lat' dir='ltr'>a</span> 
     </span>
    </p>

    <p class='ocr_par' dir='ltr' id='par_1_6' title="bbox 613 2212 2190 3298">
     <span class='ocr_line' id='line_1_18' title="bbox 704 2212 2190 2314; baseline -0.012 -20"><span class='ocrx_word' id='word_1_103' title='bbox 704 2227 884 2294; x_wconf 83' lang='lat' dir='ltr'>Dicit</span> <span class='ocrx_word' id='word_1_104' title='bbox 910 2246 1073 2314; x_wconf 82' lang='lat' dir='ltr'>ergo</span> <span class='ocrx_word' id='word_1_105' title='bbox 1110 2246 1125 2289; x_wconf 72' lang='grc' dir='ltr'>ε</span> <span class='ocrx_word' id='word_1_106' title='bbox 1175 2220 1292 2287; x_wconf 87' lang='lat' dir='ltr'>Sic</span> <span class='ocrx_word' id='word_1_107' title='bbox 1319 2224 1777 2309; x_wconf 82' lang='lat' dir='ltr'>peccaverunt</span> <span class='ocrx_word' id='word_1_108' title='bbox 1813 2237 1829 2281; x_wconf 72' lang='grc' dir='ltr'><strong><em>ε</em></strong></span> <span class='ocrx_word' id='word_1_109' title='bbox 1896 2240 1931 2276; x_wconf 76' lang='grc' dir='ltr'><strong>α</strong></span> <span class='ocrx_word' id='word_1_110' title='bbox 1967 2215 2060 2279; x_wconf 80' lang='lat' dir='ltr'>Et</span> <span class='ocrx_word' id='word_1_111' title='bbox 2088 2212 2190 2277; x_wconf 84' lang='lat' dir='ltr'>di-</span> 
     </span>
     <span class='ocr_line' id='line_1_19' title="bbox 616 2320 2190 2421; baseline -0.011 -19"><span class='ocrx_word' id='word_1_112' title='bbox 616 2337 748 2414; x_wconf 60' lang='lat' dir='ltr'>wit,</span> <span class='ocrx_word' id='word_1_113' title='bbox 787 2360 819 2399; x_wconf 72' lang='grc' dir='ltr'><strong><em>ι</em></strong></span> <span class='ocrx_word' id='word_1_114' title='bbox 851 2329 1118 2421; x_wconf 84' lang='lat' dir='ltr'>supple,</span> <span class='ocrx_word' id='word_1_115' title='bbox 1142 2327 1483 2394; x_wconf 85' lang='lat' dir='ltr'>Dominus</span> <span class='ocrx_word' id='word_1_116' title='bbox 1505 2320 2078 2397; x_wconf 76' lang='lat' dir='ltr'>comminando,«</span> <span class='ocrx_word' id='word_1_117' title='bbox 2115 2328 2190 2385; x_wconf 82' lang='lat' dir='ltr'>u!</span> 
     </span>
     <span class='ocr_line' id='line_1_20' title="bbox 619 2429 2183 2532; baseline -0.009 -24"><span class='ocrx_word' id='word_1_118' title='bbox 619 2439 1033 2532; x_wconf 75' lang='lat' dir='ltr'>disperderet</span> <span class='ocrx_word' id='word_1_119' title='bbox 1075 2459 1208 2503; x_wconf 86' lang='lat' dir='ltr'>eos.</span> <span class='ocrx_word' id='word_1_120' title='bbox 1250 2461 1282 2495; x_wconf 74' lang='lat' dir='ltr'>n</span> <span class='ocrx_word' id='word_1_121' title='bbox 1359 2431 1576 2498; x_wconf 82' lang='lat' dir='ltr'>Exod.</span> <span class='ocrx_word' id='word_1_122' title='bbox 1611 2452 1829 2507; x_wconf 71' lang='lat' dir='ltr'>xxxii,</span> <span class='ocrx_word' id='word_1_123' title='bbox 1863 2431 1903 2493; x_wconf 86' lang='grc'><strong>9</strong></span> <span class='ocrx_word' id='word_1_124' title='bbox 1934 2437 1998 2495; x_wconf 85' lang='lat' dir='ltr'>et</span> <span class='ocrx_word' id='word_1_125' title='bbox 2036 2429 2115 2494; x_wconf 84' lang='lat'>10</span> <span class='ocrx_word' id='word_1_126' title='bbox 2166 2446 2183 2494; x_wconf 74' lang='lat' dir='ltr'>t</span> 
     </span>
     <span class='ocr_line' id='line_1_21' title="bbox 621 2536 2190 2637; baseline -0.013 -18"><span class='ocrx_word' id='word_1_127' title='bbox 621 2554 833 2619; x_wconf 80' lang='lat' dir='ltr'>Cerno</span> <span class='ocrx_word' id='word_1_128' title='bbox 883 2545 1072 2637; x_wconf 84' lang='lat' dir='ltr'>quod</span> <span class='ocrx_word' id='word_1_129' title='bbox 1117 2539 1429 2634; x_wconf 83' lang='lat' dir='ltr'>populus</span> <span class='ocrx_word' id='word_1_130' title='bbox 1473 2540 1599 2605; x_wconf 80' lang='lat' dir='ltr'>iste</span> <span class='ocrx_word' id='word_1_131' title='bbox 1664 2536 1861 2603; x_wconf 73' lang='lat' dir='ltr'>durae</span> <span class='ocrx_word' id='word_1_132' title='bbox 1915 2536 2190 2602; x_wconf 74' lang='lat' dir='ltr'>cervicis</span> 
     </span>
     <span class='ocr_line' id='line_1_22' title="bbox 613 2651 2188 2737; baseline -0.013 -10"><span class='ocrx_word' id='word_1_133' title='bbox 613 2664 705 2729; x_wconf 76' lang='lat' dir='ltr'>si!</span> <span class='ocrx_word' id='word_1_134' title='bbox 744 2684 767 2730; x_wconf 92' lang='lat'>.·</span> <span class='ocrx_word' id='word_1_135' title='bbox 806 2659 1077 2727; x_wconf 74' lang='lat' dir='ltr'>dimine</span> <span class='ocrx_word' id='word_1_136' title='bbox 1106 2678 1237 2733; x_wconf 83' lang='lat' dir='ltr'>me,</span> <span class='ocrx_word' id='word_1_137' title='bbox 1283 2661 1360 2720; x_wconf 81' lang='lat' dir='ltr'>ut</span> <span class='ocrx_word' id='word_1_138' title='bbox 1392 2653 1737 2718; x_wconf 78' lang='lat' dir='ltr'>irascatur</span> <span class='ocrx_word' id='word_1_139' title='bbox 1763 2651 1973 2737; x_wconf 73' lang='lat' dir='ltr'>juror</span> <span class='ocrx_word' id='word_1_140' title='bbox 2000 2669 2188 2713; x_wconf 70' lang='lat' dir='ltr'>meus</span> 
     </span>
     <span class='ocr_line' id='line_1_23' title="bbox 616 2759 2181 2845; baseline -0.013 -5"><span class='ocrx_word' id='word_1_141' title='bbox 616 2782 1012 2845; x_wconf 66' lang='lat' dir='ltr'>contraeas,</span> <span class='ocrx_word' id='word_1_142' title='bbox 1056 2776 1120 2833; x_wconf 84' lang='lat' dir='ltr'>et</span> <span class='ocrx_word' id='word_1_143' title='bbox 1186 2763 1454 2832; x_wconf 83' lang='lat' dir='ltr'><em>deleam</em></span> <span class='ocrx_word' id='word_1_144' title='bbox 1485 2784 1618 2828; x_wconf 80' lang='lat' dir='ltr'>eos.</span> <span class='ocrx_word' id='word_1_145' title='bbox 1694 2759 1979 2826; x_wconf 74' lang='lat' dir='ltr'>Numer.</span> <span class='ocrx_word' id='word_1_146' title='bbox 2043 2779 2181 2831; x_wconf 75' lang='lat' dir='ltr'>xiv,</span> 
     </span>
     <span class='ocr_line' id='line_1_24' title="bbox 625 2866 2188 2964; baseline -0.009 -18"><span class='ocrx_word' id='word_1_147' title='bbox 625 2883 689 2946; x_wconf 86' lang='lat' dir='ltr'>ll</span> <span class='ocrx_word' id='word_1_148' title='bbox 731 2889 797 2948; x_wconf 85' lang='lat' dir='ltr'>et</span> <span class='ocrx_word' id='word_1_149' title='bbox 844 2880 920 2944; x_wconf 76' lang='lat'>12</span> <span class='ocrx_word' id='word_1_150' title='bbox 956 2898 971 2943; x_wconf 74' lang='grc' dir='ltr'>ε</span> <span class='ocrx_word' id='word_1_151' title='bbox 1023 2877 1389 2964; x_wconf 67' lang='lat' dir='ltr'>Usquequo</span> <span class='ocrx_word' id='word_1_152' title='bbox 1431 2869 1744 2937; x_wconf 78' lang='lat' dir='ltr'>detrahe!</span> <span class='ocrx_word' id='word_1_153' title='bbox 1774 2866 1951 2933; x_wconf 79' lang='lat' dir='ltr'>mihi</span> <span class='ocrx_word' id='word_1_154' title='bbox 1972 2888 2188 2956; x_wconf 72' lang='lat' dir='ltr'>popu·</span> 
     </span>
     <span class='ocr_line' id='line_1_25' title="bbox 620 2977 2184 3075; baseline -0.011 -17"><span class='ocrx_word' id='word_1_155' title='bbox 620 2991 729 3058; x_wconf 85' lang='lat' dir='ltr'>Ius</span> <span class='ocrx_word' id='word_1_156' title='bbox 758 2986 946 3057; x_wconf 81' lang='lat' dir='ltr'>isle?</span> <span class='ocrx_word' id='word_1_157' title='bbox 976 2989 1350 3075; x_wconf 78' lang='lat' dir='ltr'><em>Quousque</em></span> <span class='ocrx_word' id='word_1_158' title='bbox 1373 3005 1509 3049; x_wconf 80' lang='lat' dir='ltr'>uon</span> <span class='ocrx_word' id='word_1_159' title='bbox 1555 2980 1833 3048; x_wconf 77' lang='lat' dir='ltr'>credent</span> <span class='ocrx_word' id='word_1_160' title='bbox 1882 2977 2080 3054; x_wconf 77' lang='lat' dir='ltr'>milei,</span> <span class='ocrx_word' id='word_1_161' title='bbox 2118 2979 2184 3042; x_wconf 81' lang='lat' dir='ltr'>in</span> 
     </span>
     <span class='ocr_line' id='line_1_26' title="bbox 615 3086 2189 3184; baseline -0.006 -23"><span class='ocrx_word' id='word_1_162' title='bbox 615 3096 932 3166; x_wconf 82' lang='lat' dir='ltr'>omuibus</span> <span class='ocrx_word' id='word_1_163' title='bbox 957 3094 1180 3184; x_wconf 71' lang='lat' dir='ltr'>siquis</span> <span class='ocrx_word' id='word_1_164' title='bbox 1226 3112 1383 3182; x_wconf 65' lang='lat' dir='ltr'>quse</span> <span class='ocrx_word' id='word_1_165' title='bbox 1406 3090 1546 3180; x_wconf 79' lang='lat' dir='ltr'>[eci</span> <span class='ocrx_word' id='word_1_166' title='bbox 1590 3108 1824 3155; x_wconf 81' lang='lat' dir='ltr'>coram</span> <span class='ocrx_word' id='word_1_167' title='bbox 1878 3087 2000 3153; x_wconf 80' lang='lat' dir='ltr'>eis.</span> <span class='ocrx_word' id='word_1_168' title='bbox 2056 3086 2189 3180; x_wconf 48' lang='lat' dir='ltr'>lie-²·</span> 
     </span>
     <span class='ocr_line' id='line_1_27' title="bbox 614 3201 2186 3298; baseline -0.011 -20"><span class='ocrx_word' id='word_1_169' title='bbox 614 3212 792 3278; x_wconf 83' lang='lat' dir='ltr'>riom</span> <span class='ocrx_word' id='word_1_170' title='bbox 826 3209 1044 3298; x_wconf 77' lang='lat' dir='ltr'>iqitur</span> <span class='ocrx_word' id='word_1_171' title='bbox 1097 3227 1209 3270; x_wconf 83' lang='lat' dir='ltr'>eos</span> <span class='ocrx_word' id='word_1_172' title='bbox 1259 3201 1687 3293; x_wconf 73' lang='lat' dir='ltr'>pestilentia,</span> <span class='ocrx_word' id='word_1_173' title='bbox 1755 3207 1969 3289; x_wconf 74' lang='lat' dir='ltr'>atque</span> <span class='ocrx_word' id='word_1_174' title='bbox 2022 3221 2186 3264; x_wconf 81' lang='lat' dir='ltr'>con-</span> 
     </span>
    </p>
   </div>
   <div class='ocr_carea' id='block_1_6' title="bbox 610 3342 910 3388">
    <p class='ocr_par' dir='ltr' id='par_1_7' title="bbox 610 3342 910 3388">
     <span class='ocr_line' id='line_1_28' title="bbox 610 3342 910 3388; baseline -0.01 0"><span class='ocrx_word' id='word_1_175' title='bbox 610 3342 910 3388; x_wconf 68' lang='lat' dir='ltr'>sumam.</span> 
     </span>
    </p>
   </div>
   <div class='ocr_carea' id='block_1_7' title="bbox 606 3522 2190 4921">
    <p class='ocr_par' dir='ltr' id='par_1_8' title="bbox 606 3522 2190 4824">
     <span class='ocr_line' id='line_1_29' title="bbox 705 3522 2181 3617; baseline -0.007 -19"><span class='ocrx_word' id='word_1_176' title='bbox 705 3560 738 3598; x_wconf 76' lang='grc' dir='ltr'>«ι</span> <span class='ocrx_word' id='word_1_177' title='bbox 781 3533 864 3603; x_wconf 90' lang='lat' dir='ltr'>Si</span> <span class='ocrx_word' id='word_1_178' title='bbox 916 3553 1049 3597; x_wconf 81' lang='lat' dir='ltr'>non</span> <span class='ocrx_word' id='word_1_179' title='bbox 1109 3530 1405 3617; x_wconf 51' lang='lat' dir='ltr'>Moyse&amp;</span> <span class='ocrx_word' id='word_1_180' title='bbox 1481 3552 1512 3589; x_wconf 71' lang='grc' dir='ltr'>ι</span> <span class='ocrx_word' id='word_1_181' title='bbox 1586 3524 1710 3591; x_wconf 83' lang='lat' dir='ltr'>Hic</span> <span class='ocrx_word' id='word_1_182' title='bbox 1780 3522 2181 3590; x_wconf 85' lang='lat' dir='ltr'>secundum.</span> 
     </span>
     <span class='ocr_line' id='line_1_30' title="bbox 611 3629 2184 3722; baseline -0.01 -12"><span class='ocrx_word' id='word_1_183' title='bbox 611 3641 820 3722; x_wconf 84' lang='lat' dir='ltr'>Quasi</span> <span class='ocrx_word' id='word_1_184' title='bbox 884 3637 1180 3706; x_wconf 72' lang='lat' dir='ltr'>diceret:</span> <span class='ocrx_word' id='word_1_185' title='bbox 1228 3630 1345 3701; x_wconf 80' lang='lat' dir='ltr'>Sic</span> <span class='ocrx_word' id='word_1_186' title='bbox 1409 3632 1578 3711; x_wconf 82' lang='lat' dir='ltr'>dixi,</span> <span class='ocrx_word' id='word_1_187' title='bbox 1621 3641 1696 3698; x_wconf 90' lang='lat' dir='ltr'>ut</span> <span class='ocrx_word' id='word_1_188' title='bbox 1740 3629 2184 3720; x_wconf 71' lang='lat' dir='ltr'>disperderet,</span> 
     </span>
     <span class='ocr_line' id='line_1_31' title="bbox 609 3734 2187 3841; baseline -0.008 -27"><span class='ocrx_word' id='word_1_189' title='bbox 609 3747 794 3841; x_wconf 82' lang='lat' dir='ltr'>quod</span> <span class='ocrx_word' id='word_1_190' title='bbox 833 3754 897 3813; x_wconf 85' lang='lat' dir='ltr'>et</span> <span class='ocrx_word' id='word_1_191' title='bbox 940 3744 1234 3817; x_wconf 77' lang='lat' dir='ltr'>lecisset,</span> <span class='ocrx_word' id='word_1_192' title='bbox 1317 3764 1351 3805; x_wconf 70' lang='grc' dir='ltr'>ι</span> <span class='ocrx_word' id='word_1_193' title='bbox 1382 3740 1449 3807; x_wconf 77' lang='lat' dir='ltr'>si</span> <span class='ocrx_word' id='word_1_194' title='bbox 1487 3761 1623 3805; x_wconf 80' lang='lat' dir='ltr'>nou</span> <span class='ocrx_word' id='word_1_195' title='bbox 1679 3738 1979 3826; x_wconf 60' lang='lat' dir='ltr'>Moyse-e,</span> <span class='ocrx_word' id='word_1_196' title='bbox 2046 3734 2187 3803; x_wconf 77' lang='lat' dir='ltr'>ele-</span> 
     </span>
     <span class='ocr_line' id='line_1_32' title="bbox 606 3848 2190 3948; baseline -0.011 -20"><span class='ocrx_word' id='word_1_197' title='bbox 606 3871 757 3928; x_wconf 78' lang='lat' dir='ltr'>ctus</span> <span class='ocrx_word' id='word_1_198' title='bbox 774 3856 952 3948; x_wconf 78' lang='lat' dir='ltr'>ejus.</span> <span class='ocrx_word' id='word_1_199' title='bbox 991 3879 1025 3918; x_wconf 69' lang='lat' dir='ltr'>n</span> <span class='ocrx_word' id='word_1_200' title='bbox 1064 3851 1272 3920; x_wconf 79' lang='lat' dir='ltr'>Ercli.</span> <span class='ocrx_word' id='word_1_201' title='bbox 1305 3872 1465 3930; x_wconf 59' lang='lat' dir='ltr'>xcv,</span> <span class='ocrx_word' id='word_1_202' title='bbox 1500 3849 1541 3916; x_wconf 69' lang='lat'>4</span> <span class='ocrx_word' id='word_1_203' title='bbox 1573 3871 1588 3916; x_wconf 90' lang='lat'>:</span> <span class='ocrx_word' id='word_1_204' title='bbox 1628 3848 1866 3935; x_wconf 76' lang='lat' dir='ltr'>Eleqit</span> <span class='ocrx_word' id='word_1_205' title='bbox 1894 3869 2049 3915; x_wconf 84' lang='lat' dir='ltr'>eum</span> <span class='ocrx_word' id='word_1_206' title='bbox 2077 3870 2190 3912; x_wconf 69' lang='lat' dir='ltr'>es·-</span> 
     </span>
     <span class='ocr_line' id='line_1_33' title="bbox 607 3960 2187 4051; baseline -0.01 -12"><span class='ocrx_word' id='word_1_207' title='bbox 607 3971 799 4040; x_wconf 82' lang='lat' dir='ltr'>omni</span> <span class='ocrx_word' id='word_1_208' title='bbox 849 3989 1053 4036; x_wconf 80' lang='lat' dir='ltr'>carue</span> <span class='ocrx_word' id='word_1_209' title='bbox 1080 3987 1104 4031; x_wconf 93' lang='lat'>.·</span> <span class='ocrx_word' id='word_1_210' title='bbox 1178 3991 1211 4024; x_wconf 74' lang='grc' dir='ltr'>α</span> <span class='ocrx_word' id='word_1_211' title='bbox 1272 3963 1566 4030; x_wconf 76' lang='lat' dir='ltr'>stetisset</span> <span class='ocrx_word' id='word_1_212' title='bbox 1669 3960 1741 4026; x_wconf 82' lang='lat' dir='ltr'>in</span> <span class='ocrx_word' id='word_1_213' title='bbox 1827 3967 2187 4051; x_wconf 75' lang='lat' dir='ltr'>conspectu</span> 
     </span>
     <span class='ocr_line' id='line_1_34' title="bbox 609 4069 2189 4171; baseline -0.011 -20"><span class='ocrx_word' id='word_1_214' title='bbox 609 4081 790 4171; x_wconf 83' lang='lat' dir='ltr'>ejus,</span> <span class='ocrx_word' id='word_1_215' title='bbox 834 4105 868 4144; x_wconf 77' lang='grc' dir='ltr'>ιι</span> <span class='ocrx_word' id='word_1_216' title='bbox 904 4079 973 4146; x_wconf 88' lang='lat' dir='ltr'>in</span> <span class='ocrx_word' id='word_1_217' title='bbox 1003 4075 1359 4145; x_wconf 84' lang='lat' dir='ltr'>oratione:</span> <span class='ocrx_word' id='word_1_218' title='bbox 1406 4079 1469 4140; x_wconf 84' lang='lat' dir='ltr'>et</span> <span class='ocrx_word' id='word_1_219' title='bbox 1513 4069 1645 4139; x_wconf 88' lang='lat' dir='ltr'>hoc</span> <span class='ocrx_word' id='word_1_220' title='bbox 1714 4093 1748 4134; x_wconf 73' lang='grc' dir='ltr'>ι</span> <span class='ocrx_word' id='word_1_221' title='bbox 1784 4069 1855 4136; x_wconf 83' lang='lat' dir='ltr'>in</span> <span class='ocrx_word' id='word_1_222' title='bbox 1904 4069 2189 4158; x_wconf 70' lang='lat' dir='ltr'>confro-</span> 
     </span>
     <span class='ocr_line' id='line_1_35' title="bbox 606 4172 2183 4263; baseline -0.009 -7"><span class='ocrx_word' id='word_1_223' title='bbox 606 4190 847 4263; x_wconf 81' lang='lat' dir='ltr'>ctione,</span> <span class='ocrx_word' id='word_1_224' title='bbox 913 4212 947 4247; x_wconf 77' lang='grc' dir='ltr'>ιι</span> <span class='ocrx_word' id='word_1_225' title='bbox 1017 4182 1131 4250; x_wconf 89' lang='lat' dir='ltr'>illa</span> <span class='ocrx_word' id='word_1_226' title='bbox 1205 4178 1492 4255; x_wconf 82' lang='lat' dir='ltr'>scilicet,</span> <span class='ocrx_word' id='word_1_227' title='bbox 1558 4198 1642 4246; x_wconf 88' lang='lat' dir='ltr'>ne</span> <span class='ocrx_word' id='word_1_228' title='bbox 1702 4177 1918 4244; x_wconf 70' lang='lat' dir='ltr'>fieret.</span> <span class='ocrx_word' id='word_1_229' title='bbox 1967 4172 2183 4242; x_wconf 80' lang='lat' dir='ltr'>Exod.</span> 
     </span>
     <span class='ocr_line' id='line_1_36' title="bbox 607 4282 2187 4371; baseline -0.008 -8"><span class='ocrx_word' id='word_1_230' title='bbox 607 4314 821 4371; x_wconf 82' lang='lat' dir='ltr'>xxxu,</span> <span class='ocrx_word' id='word_1_231' title='bbox 856 4293 933 4359; x_wconf 81' lang='lat'>31</span> <span class='ocrx_word' id='word_1_232' title='bbox 997 4300 1065 4358; x_wconf 85' lang='lat' dir='ltr'>et</span> <span class='ocrx_word' id='word_1_233' title='bbox 1093 4290 1180 4356; x_wconf 82' lang='lat'>32</span> <span class='ocrx_word' id='word_1_234' title='bbox 1217 4308 1233 4354; x_wconf 73' lang='grc' dir='ltr'>ε</span> <span class='ocrx_word' id='word_1_235' title='bbox 1274 4284 1593 4364; x_wconf 78' lang='lat' dir='ltr'>Obsecro,</span> <span class='ocrx_word' id='word_1_236' title='bbox 1653 4285 1956 4354; x_wconf 89' lang='lat' dir='ltr'>Domine</span> <span class='ocrx_word' id='word_1_237' title='bbox 2006 4282 2187 4351; x_wconf 84' lang='lat' dir='ltr'>Deus</span> 
     </span>
     <span class='ocr_line' id='line_1_37' title="bbox 607 4395 2184 4497; baseline -0.008 -24"><span class='ocrx_word' id='word_1_238' title='bbox 607 4426 830 4483; x_wconf 80' lang='lat' dir='ltr'>meus,</span> <span class='ocrx_word' id='word_1_239' title='bbox 877 4399 1191 4497; x_wconf 70' lang='lat' dir='ltr'>peccat-it</span> <span class='ocrx_word' id='word_1_240' title='bbox 1248 4395 1564 4488; x_wconf 78' lang='lat' dir='ltr'>populus</span> <span class='ocrx_word' id='word_1_241' title='bbox 1620 4396 1748 4463; x_wconf 77' lang='lat' dir='ltr'>iste</span> <span class='ocrx_word' id='word_1_242' title='bbox 1822 4403 2184 4487; x_wconf 80' lang='lat' dir='ltr'>peccatum</span> 
     </span>
     <span class='ocr_line' id='line_1_38' title="bbox 614 4500 2182 4580; baseline -0.009 0"><span class='ocrx_word' id='word_1_243' title='bbox 614 4512 1053 4580; x_wconf 70' lang='lat' dir='ltr'>niaximum..</span> <span class='ocrx_word' id='word_1_244' title='bbox 1066 4513 1258 4574; x_wconf 71' lang='lat' dir='ltr'>‚tout</span> <span class='ocrx_word' id='word_1_245' title='bbox 1288 4503 1563 4571; x_wconf 72' lang='lat' dir='ltr'>dimine</span> <span class='ocrx_word' id='word_1_246' title='bbox 1579 4502 1677 4570; x_wconf 83' lang='lat' dir='ltr'>eis</span> <span class='ocrx_word' id='word_1_247' title='bbox 1697 4500 1880 4568; x_wconf 70' lang='lat' dir='ltr'>Inone</span> <span class='ocrx_word' id='word_1_248' title='bbox 1897 4523 2182 4577; x_wconf 71' lang='lat' dir='ltr'>noxam,</span> 
     </span>
     <span class='ocr_line' id='line_1_39' title="bbox 611 4606 2185 4706; baseline -0.008 -17"><span class='ocrx_word' id='word_1_249' title='bbox 611 4629 738 4691; x_wconf 82' lang='lat' dir='ltr'>oue</span> <span class='ocrx_word' id='word_1_250' title='bbox 770 4619 993 4687; x_wconf 81' lang='lat' dir='ltr'>sinon</span> <span class='ocrx_word' id='word_1_251' title='bbox 1056 4614 1273 4706; x_wconf 55' lang='lat' dir='ltr'><em>[aab.</em></span> <span class='ocrx_word' id='word_1_252' title='bbox 1332 4608 1491 4680; x_wconf 79' lang='lat' dir='ltr'>dele</span> <span class='ocrx_word' id='word_1_253' title='bbox 1539 4631 1654 4677; x_wconf 81' lang='lat' dir='ltr'>me</span> <span class='ocrx_word' id='word_1_254' title='bbox 1686 4607 1778 4676; x_wconf 78' lang='lat' dir='ltr'>de</span> <span class='ocrx_word' id='word_1_255' title='bbox 1829 4606 2012 4677; x_wconf 78' lang='lat' dir='ltr'>libro</span> <span class='ocrx_word' id='word_1_256' title='bbox 2067 4618 2185 4676; x_wconf 74' lang='lat' dir='ltr'>cuo</span> 
     </span>
     <span class='ocr_line' id='line_1_40' title="bbox 610 4723 1187 4824; baseline -0.021 -24"><span class='ocrx_word' id='word_1_257' title='bbox 610 4751 808 4824; x_wconf 78' lang='lat' dir='ltr'>quem</span> <span class='ocrx_word' id='word_1_258' title='bbox 826 4723 1187 4817; x_wconf 73' lang='lat' dir='ltr'>scripsisti.</span> 
     </span>
    </p>

    <p class='ocr_par' dir='ltr' id='par_1_9' title="bbox 704 4824 2181 4921">
     <span class='ocr_line' id='line_1_41' title="bbox 704 4824 2181 4921; baseline -0.009 -17"><span class='ocrx_word' id='word_1_259' title='bbox 704 4835 787 4904; x_wconf 85' lang='lat' dir='ltr'>Et</span> <span class='ocrx_word' id='word_1_260' title='bbox 851 4841 1036 4911; x_wconf 88' lang='lat' dir='ltr'>nota,</span> <span class='ocrx_word' id='word_1_261' title='bbox 1101 4827 1291 4921; x_wconf 85' lang='lat' dir='ltr'>quod</span> <span class='ocrx_word' id='word_1_262' title='bbox 1366 4826 1642 4920; x_wconf 78' lang='lat' dir='ltr'>Moyses</span> <span class='ocrx_word' id='word_1_263' title='bbox 1705 4824 1964 4896; x_wconf 86' lang='lat' dir='ltr'>electus</span> <span class='ocrx_word' id='word_1_264' title='bbox 2028 4824 2181 4903; x_wconf 78' lang='lat' dir='ltr'>Dei,</span> 
     </span>
    </p>
   </div>
   <div class='ocr_carea' id='block_1_8' title="bbox 286 4930 2185 5029">
    <p class='ocr_par' dir='ltr' id='par_1_10' title="bbox 286 4930 2185 5029">
     <span class='ocr_line' id='line_1_42' title="bbox 286 4930 2185 5029; baseline -0.016 -2"><span class='ocrx_word' id='word_1_265' title='bbox 286 4930 572 5026; x_wconf 48' lang='lat' dir='ltr'>2⁰⁸0ssin</span> <span class='ocrx_word' id='word_1_266' title='bbox 618 4943 926 5012; x_wconf 88' lang='lat' dir='ltr'>Christus</span> <span class='ocrx_word' id='word_1_267' title='bbox 952 4947 1079 5016; x_wconf 86' lang='lat' dir='ltr'>est,</span> <span class='ocrx_word' id='word_1_268' title='bbox 1114 4936 1231 5029; x_wconf 81' lang='lat' dir='ltr'>qui</span> <span class='ocrx_word' id='word_1_269' title='bbox 1275 4942 1376 5003; x_wconf 88' lang='lat' dir='ltr'>est</span> <span class='ocrx_word' id='word_1_270' title='bbox 1424 4942 1821 5024; x_wconf 85' lang='lat' dir='ltr'>assumptus</span> <span class='ocrx_word' id='word_1_271' title='bbox 1864 4955 1950 5002; x_wconf 84' lang='lat' dir='ltr'>ex</span> <span class='ocrx_word' id='word_1_272' title='bbox 1988 4932 2185 5023; x_wconf 85' lang='lat' dir='ltr'>aquis</span> 
     </span>
    </p>
   </div>
   <div class='ocr_carea' id='block_1_9' title="bbox 367 5038 491 5077">
    <p class='ocr_par' dir='ltr' id='par_1_11' title="bbox 367 5038 491 5077">
     <span class='ocr_line' id='line_1_43' title="bbox 367 5038 491 5077; baseline -0.048 0"><span class='ocrx_word' id='word_1_273' title='bbox 367 5038 491 5077; x_wconf 63' lang='lat' dir='ltr'>ct...</span> 
     </span>
    </p>
   </div>
   <div class='ocr_carea' id='block_1_10' title="bbox 615 5039 2183 5562">
    <p class='ocr_par' dir='ltr' id='par_1_12' title="bbox 615 5039 2183 5562">
     <span class='ocr_line' id='line_1_44' title="bbox 618 5039 2181 5133; baseline -0.01 -14"><span class='ocrx_word' id='word_1_274' title='bbox 618 5047 1137 5120; x_wconf 68' lang='lat' dir='ltr'>tribulationum</span> <span class='ocrx_word' id='word_1_275' title='bbox 1176 5050 1245 5111; x_wconf 87' lang='lat' dir='ltr'>et</span> <span class='ocrx_word' id='word_1_276' title='bbox 1291 5041 1720 5133; x_wconf 75' lang='lat' dir='ltr'>passionum.</span> <span class='ocrx_word' id='word_1_277' title='bbox 1780 5039 1995 5109; x_wconf 84' lang='lat' dir='ltr'>Marc.</span> <span class='ocrx_word' id='word_1_278' title='bbox 2039 5060 2181 5120; x_wconf 73' lang='lat' dir='ltr'>xvi,</span> 
     </span>
     <span class='ocr_line' id='line_1_45' title="bbox 623 5152 2181 5245; baseline -0.01 -15"><span class='ocrx_word' id='word_1_279' title='bbox 623 5166 699 5230; x_wconf 74' lang='lat' dir='ltr'>tn</span> <span class='ocrx_word' id='word_1_280' title='bbox 726 5182 743 5229; x_wconf 72' lang='grc' dir='ltr'><strong>ε</strong></span> <span class='ocrx_word' id='word_1_281' title='bbox 768 5161 864 5228; x_wconf 75' lang='grc' dir='ltr'>ΕΙ</span> <span class='ocrx_word' id='word_1_282' title='bbox 895 5156 1234 5226; x_wconf 80' lang='lat' dir='ltr'>Dominus</span> <span class='ocrx_word' id='word_1_283' title='bbox 1261 5152 1540 5245; x_wconf 82' lang='lat' dir='ltr'>quidem</span> <span class='ocrx_word' id='word_1_284' title='bbox 1569 5152 2181 5243; x_wconf 75' lang='lat' dir='ltr'>lesus,postquom</span> 
     </span>
     <span class='ocr_line' id='line_1_46' title="bbox 617 5262 2179 5354; baseline -0.008 -15"><span class='ocrx_word' id='word_1_285' title='bbox 617 5271 883 5339; x_wconf 79' lang='lat' dir='ltr'>Iocutus</span> <span class='ocrx_word' id='word_1_286' title='bbox 933 5275 1031 5335; x_wconf 82' lang='lat' dir='ltr'>est</span> <span class='ocrx_word' id='word_1_287' title='bbox 1080 5268 1204 5343; x_wconf 80' lang='lat' dir='ltr'>eis,</span> <span class='ocrx_word' id='word_1_288' title='bbox 1275 5270 1673 5354; x_wconf 75' lang='lat' dir='ltr'>assumptus</span> <span class='ocrx_word' id='word_1_289' title='bbox 1759 5263 1829 5328; x_wconf 80' lang='lat' dir='ltr'>in</span> <span class='ocrx_word' id='word_1_290' title='bbox 1904 5262 2179 5330; x_wconf 85' lang='lat' dir='ltr'>coelum.</span> 
     </span>
     <span class='ocr_line' id='line_1_47' title="bbox 615 5371 2183 5466; baseline -0.008 -15"><span class='ocrx_word' id='word_1_291' title='bbox 615 5383 739 5451; x_wconf 80' lang='lat' dir='ltr'><strong>llic</strong></span> <span class='ocrx_word' id='word_1_292' title='bbox 770 5380 952 5450; x_wconf 86' lang='lat' dir='ltr'>stetit</span> <span class='ocrx_word' id='word_1_293' title='bbox 985 5379 1054 5446; x_wconf 88' lang='lat' dir='ltr'>in</span> <span class='ocrx_word' id='word_1_294' title='bbox 1083 5399 1210 5445; x_wconf 80' lang='lat' dir='ltr'>sua</span> <span class='ocrx_word' id='word_1_295' title='bbox 1248 5373 1595 5466; x_wconf 85' lang='lat' dir='ltr'>passione,</span> <span class='ocrx_word' id='word_1_296' title='bbox 1628 5377 1766 5439; x_wconf 85' lang='lat' dir='ltr'>stat</span> <span class='ocrx_word' id='word_1_297' title='bbox 1806 5372 1877 5440; x_wconf 87' lang='lat' dir='ltr'>in</span> <span class='ocrx_word' id='word_1_298' title='bbox 1936 5371 2183 5440; x_wconf 87' lang='lat' dir='ltr'>Sacra-</span> 
     </span>
     <span class='ocr_line' id='line_1_48' title="bbox 616 5481 2181 5562; baseline -0.008 0"><span class='ocrx_word' id='word_1_299' title='bbox 616 5492 826 5562; x_wconf 88' lang='lat' dir='ltr'>menti</span> <span class='ocrx_word' id='word_1_300' title='bbox 865 5488 1096 5557; x_wconf 84' lang='lat' dir='ltr'>altaris</span> <span class='ocrx_word' id='word_1_301' title='bbox 1152 5485 1778 5562; x_wconf 84' lang='lat' dir='ltr'>consummatione,</span> <span class='ocrx_word' id='word_1_302' title='bbox 1858 5481 2064 5551; x_wconf 87' lang='lat' dir='ltr'>stabit</span> <span class='ocrx_word' id='word_1_303' title='bbox 2112 5483 2181 5550; x_wconf 87' lang='lat' dir='ltr'>in</span> 
     </span>
    </p>
   </div>
   <div class='ocr_carea' id='block_1_11' title="bbox 690 5702 2070 5774">
    <p class='ocr_par' dir='ltr' id='par_1_13' title="bbox 690 5702 2070 5774">
     <span class='ocr_line' id='line_1_49' title="bbox 690 5702 2070 5774; baseline -0.009 -7"><span class='ocrx_word' id='word_1_304' title='bbox 690 5708 706 5744; x_wconf 84' lang='lat'><strong>¹</strong></span> <span class='ocrx_word' id='word_1_305' title='bbox 746 5707 912 5767; x_wconf 79' lang='lat' dir='ltr'>Joan.</span> <span class='ocrx_word' id='word_1_306' title='bbox 945 5720 1064 5774; x_wconf 72' lang='lat' dir='ltr'>xix,</span> <span class='ocrx_word' id='word_1_307' title='bbox 1093 5702 1206 5760; x_wconf 75' lang='lat'>³6:</span> <span class='ocrx_word' id='word_1_308' title='bbox 1236 5703 1306 5759; x_wconf 82' lang='lat' dir='ltr'>Os</span> <span class='ocrx_word' id='word_1_309' title='bbox 1331 5716 1442 5758; x_wconf 79' lang='lat' dir='ltr'>non</span> <span class='ocrx_word' id='word_1_310' title='bbox 1473 5702 1862 5759; x_wconf 71' lang='lat' dir='ltr'>comminuetis</span> <span class='ocrx_word' id='word_1_311' title='bbox 1887 5715 1959 5757; x_wconf 70' lang='lat' dir='ltr'>es:</span> <span class='ocrx_word' id='word_1_312' title='bbox 1986 5714 2070 5756; x_wconf 83' lang='lat' dir='ltr'>eo.</span> 
     </span>
    </p>
   </div>
   <div class='ocr_carea' id='block_1_12' title="bbox 2294 600 3852 2506">
    <p class='ocr_par' dir='ltr' id='par_1_14' title="bbox 2294 600 3852 2506">
     <span class='ocr_line' id='line_1_50' title="bbox 2294 600 3842 672; baseline 0.001 -5"><span class='ocrx_word' id='word_1_313' title='bbox 2294 601 2539 669; x_wconf 83' lang='lat' dir='ltr'>fractus</span> <span class='ocrx_word' id='word_1_314' title='bbox 2578 609 2677 669; x_wconf 86' lang='lat' dir='ltr'>est</span> <span class='ocrx_word' id='word_1_315' title='bbox 2733 600 2816 667; x_wconf 86' lang='lat' dir='ltr'>ad</span> <span class='ocrx_word' id='word_1_316' title='bbox 2855 600 3147 668; x_wconf 82' lang='lat' dir='ltr'>litteram</span> <span class='ocrx_word' id='word_1_317' title='bbox 3213 604 3422 672; x_wconf 87' lang='lat' dir='ltr'>clavis</span> <span class='ocrx_word' id='word_1_318' title='bbox 3462 614 3526 672; x_wconf 86' lang='lat' dir='ltr'>et</span> <span class='ocrx_word' id='word_1_319' title='bbox 3582 605 3842 671; x_wconf 88' lang='lat' dir='ltr'>lancea.</span> 
     </span>
     <span class='ocr_line' id='line_1_51' title="bbox 2301 708 3851 803; baseline 0.003 -31"><span class='ocrx_word' id='word_1_320' title='bbox 2301 709 2372 774; x_wconf 85' lang='lat' dir='ltr'>tn</span> <span class='ocrx_word' id='word_1_321' title='bbox 2403 708 2693 776; x_wconf 87' lang='lat' dir='ltr'>secunda</span> <span class='ocrx_word' id='word_1_322' title='bbox 2767 708 3216 799; x_wconf 84' lang='lat' dir='ltr'>confringitur</span> <span class='ocrx_word' id='word_1_323' title='bbox 3279 715 3349 780; x_wconf 87' lang='lat' dir='ltr'>in</span> <span class='ocrx_word' id='word_1_324' title='bbox 3415 716 3636 803; x_wconf 85' lang='lat' dir='ltr'>specie</span> <span class='ocrx_word' id='word_1_325' title='bbox 3668 713 3851 779; x_wconf 89' lang='lat' dir='ltr'>acci-</span> 
     </span>
     <span class='ocr_line' id='line_1_52' title="bbox 2296 816 3849 911; baseline 0.005 -30"><span class='ocrx_word' id='word_1_326' title='bbox 2296 816 2596 883; x_wconf 87' lang='lat' dir='ltr'>dentium</span> <span class='ocrx_word' id='word_1_327' title='bbox 2662 820 3063 888; x_wconf 79' lang='lat' dir='ltr'>extrinseca.</span> <span class='ocrx_word' id='word_1_328' title='bbox 3117 821 3194 888; x_wconf 89' lang='lat' dir='ltr'>In</span> <span class='ocrx_word' id='word_1_329' title='bbox 3224 824 3417 889; x_wconf 87' lang='lat' dir='ltr'>tertia</span> <span class='ocrx_word' id='word_1_330' title='bbox 3456 824 3849 911; x_wconf 81' lang='lat' dir='ltr'>confringe-</span> 
     </span>
     <span class='ocr_line' id='line_1_53' title="bbox 2298 924 3848 1017; baseline 0.003 -28"><span class='ocrx_word' id='word_1_331' title='bbox 2298 932 2404 989; x_wconf 89' lang='lat' dir='ltr'>tur</span> <span class='ocrx_word' id='word_1_332' title='bbox 2433 924 2499 989; x_wconf 84' lang='lat' dir='ltr'>in</span> <span class='ocrx_word' id='word_1_333' title='bbox 2558 926 2944 994; x_wconf 85' lang='lat' dir='ltr'>ostensione</span> <span class='ocrx_word' id='word_1_334' title='bbox 3006 935 3071 995; x_wconf 87' lang='lat' dir='ltr'>et</span> <span class='ocrx_word' id='word_1_335' title='bbox 3100 929 3517 1017; x_wconf 85' lang='lat' dir='ltr'>apparentia,</span> <span class='ocrx_word' id='word_1_336' title='bbox 3574 926 3848 1017; x_wconf 90' lang='lat' dir='ltr'>quando</span> 
     </span>
     <span class='ocr_line' id='line_1_54' title="bbox 2297 1028 3843 1100; baseline 0.003 -7"><span class='ocrx_word' id='word_1_337' title='bbox 2297 1028 2698 1096; x_wconf 88' lang='lat' dir='ltr'>monstrabit</span> <span class='ocrx_word' id='word_1_338' title='bbox 2762 1031 3081 1099; x_wconf 89' lang='lat' dir='ltr'>omnibus</span> <span class='ocrx_word' id='word_1_339' title='bbox 3146 1032 3322 1100; x_wconf 89' lang='lat' dir='ltr'>latus</span> <span class='ocrx_word' id='word_1_340' title='bbox 3396 1040 3464 1100; x_wconf 85' lang='lat' dir='ltr'>et</span> <span class='ocrx_word' id='word_1_341' title='bbox 3531 1032 3843 1099; x_wconf 87' lang='lat' dir='ltr'>vulnera.</span> 
     </span>
     <span class='ocr_line' id='line_1_55' title="bbox 2299 1132 3850 1218; baseline 0.003 -19"><span class='ocrx_word' id='word_1_342' title='bbox 2299 1132 2423 1200; x_wconf 84' lang='lat' dir='ltr'>lsa.</span> <span class='ocrx_word' id='word_1_343' title='bbox 2483 1157 2615 1216; x_wconf 76' lang='lat' dir='ltr'>mn,</span> <span class='ocrx_word' id='word_1_344' title='bbox 2685 1138 2768 1203; x_wconf 76' lang='lat'>3:</span> <span class='ocrx_word' id='word_1_345' title='bbox 2828 1138 3127 1205; x_wconf 80' lang='lat' dir='ltr'>Attrilus</span> <span class='ocrx_word' id='word_1_346' title='bbox 3190 1148 3308 1218; x_wconf 81' lang='lat' dir='ltr'>est,</span> <span class='ocrx_word' id='word_1_347' title='bbox 3380 1136 3701 1204; x_wconf 87' lang='lat' dir='ltr'>omnibus</span> <span class='ocrx_word' id='word_1_348' title='bbox 3742 1137 3850 1204; x_wconf 90' lang='lat' dir='ltr'>his</span> 
     </span>
     <span class='ocr_line' id='line_1_56' title="bbox 2298 1246 3849 1338; baseline 0.004 -28"><span class='ocrx_word' id='word_1_349' title='bbox 2298 1246 2541 1327; x_wconf 88' lang='lat' dir='ltr'>modis,</span> <span class='ocrx_word' id='word_1_350' title='bbox 2568 1255 2849 1338; x_wconf 82' lang='lat' dir='ltr'>propter</span> <span class='ocrx_word' id='word_1_351' title='bbox 2872 1248 3126 1315; x_wconf 83' lang='lat' dir='ltr'>scelera</span> <span class='ocrx_word' id='word_1_352' title='bbox 3163 1257 3423 1327; x_wconf 81' lang='lat' dir='ltr'>nostra,</span> <span class='ocrx_word' id='word_1_353' title='bbox 3467 1258 3542 1315; x_wconf 89' lang='lat' dir='ltr'>ut</span> <span class='ocrx_word' id='word_1_354' title='bbox 3589 1248 3849 1316; x_wconf 82' lang='lat' dir='ltr'>solida-</span> 
     </span>
     <span class='ocr_line' id='line_1_57' title="bbox 2300 1357 3840 1446; baseline 0.004 -25"><span class='ocrx_word' id='word_1_355' title='bbox 2300 1365 2398 1422; x_wconf 82' lang='lat' dir='ltr'>ret</span> <span class='ocrx_word' id='word_1_356' title='bbox 2472 1357 2652 1446; x_wconf 90' lang='lat' dir='ltr'>quod</span> <span class='ocrx_word' id='word_1_357' title='bbox 2744 1358 3166 1426; x_wconf 79' lang='lat' dir='ltr'>confractum</span> <span class='ocrx_word' id='word_1_358' title='bbox 3232 1359 3301 1425; x_wconf 93' lang='lat' dir='ltr'>in</span> <span class='ocrx_word' id='word_1_359' title='bbox 3379 1359 3577 1426; x_wconf 88' lang='lat' dir='ltr'>nobis</span> <span class='ocrx_word' id='word_1_360' title='bbox 3672 1369 3840 1427; x_wconf 84' lang='lat' dir='ltr'>erat.</span> 
     </span>
     <span class='ocr_line' id='line_1_58' title="bbox 2297 1464 3848 1560; baseline 0.003 -30"><span class='ocrx_word' id='word_1_361' title='bbox 2297 1464 2531 1531; x_wconf 85' lang='lat' dir='ltr'>Ezech.</span> <span class='ocrx_word' id='word_1_362' title='bbox 2570 1489 2802 1546; x_wconf 75' lang='lat' dir='ltr'>xxxiv,</span> <span class='ocrx_word' id='word_1_363' title='bbox 2842 1469 2964 1534; x_wconf 84' lang='lat'>16:</span> <span class='ocrx_word' id='word_1_364' title='bbox 3003 1469 3206 1554; x_wconf 82' lang='lat' dir='ltr'>Quod</span> <span class='ocrx_word' id='word_1_365' title='bbox 3223 1471 3655 1556; x_wconf 76' lang='lat' dir='ltr'>confractum</span> <span class='ocrx_word' id='word_1_366' title='bbox 3682 1472 3848 1560; x_wconf 79' lang='lat' dir='ltr'>fue—</span> 
     </span>
     <span class='ocr_line' id='line_1_59' title="bbox 2297 1571 3846 1655; baseline 0.005 -19"><span class='ocrx_word' id='word_1_367' title='bbox 2297 1581 2426 1641; x_wconf 81' lang='lat' dir='ltr'>rat.</span> <span class='ocrx_word' id='word_1_368' title='bbox 2460 1571 2917 1640; x_wconf 80' lang='lat' dir='ltr'>consolidabo.</span> <span class='ocrx_word' id='word_1_369' title='bbox 2985 1574 3088 1652; x_wconf 71' lang='lat' dir='ltr'>Et,</span> <span class='ocrx_word' id='word_1_370' title='bbox 3128 1575 3284 1654; x_wconf 88' lang='lat' dir='ltr'>Job,</span> <span class='ocrx_word' id='word_1_371' title='bbox 3320 1599 3459 1654; x_wconf 69' lang='lat' dir='ltr'>xvi,</span> <span class='ocrx_word' id='word_1_372' title='bbox 3520 1580 3624 1655; x_wconf 83' lang='lat'>13,</span> <span class='ocrx_word' id='word_1_373' title='bbox 3688 1577 3846 1645; x_wconf 90' lang='lat' dir='ltr'>dici-</span> 
     </span>
     <span class='ocr_line' id='line_1_60' title="bbox 2296 1684 3848 1778; baseline 0.005 -31"><span class='ocrx_word' id='word_1_374' title='bbox 2296 1689 2442 1749; x_wconf 87' lang='lat' dir='ltr'>tur:</span> <span class='ocrx_word' id='word_1_375' title='bbox 2499 1684 2736 1750; x_wconf 81' lang='lat' dir='ltr'>Tenuit</span> <span class='ocrx_word' id='word_1_376' title='bbox 2808 1686 3124 1752; x_wconf 76' lang='lat' dir='ltr'>cervicem</span> <span class='ocrx_word' id='word_1_377' title='bbox 3179 1707 3425 1763; x_wconf 81' lang='lat' dir='ltr'>meam,</span> <span class='ocrx_word' id='word_1_378' title='bbox 3507 1689 3848 1778; x_wconf 75' lang='lat' dir='ltr'>confreqit</span> 
     </span>
     <span class='ocr_line' id='line_1_61' title="bbox 2297 1790 3842 1885; baseline 0.005 -30"><span class='ocrx_word' id='word_1_379' title='bbox 2297 1811 2422 1871; x_wconf 85' lang='lat' dir='ltr'>me,</span> <span class='ocrx_word' id='word_1_380' title='bbox 2457 1799 2583 1857; x_wconf 86' lang='lat' dir='ltr'>etc.</span> <span class='ocrx_word' id='word_1_381' title='bbox 2654 1790 3052 1859; x_wconf 76' lang='lat' dir='ltr'>Confi-actus</span> <span class='ocrx_word' id='word_1_382' title='bbox 3092 1815 3252 1885; x_wconf 83' lang='lat' dir='ltr'>crgo</span> <span class='ocrx_word' id='word_1_383' title='bbox 3318 1794 3515 1861; x_wconf 78' lang='lat' dir='ltr'>Jesus</span> <span class='ocrx_word' id='word_1_384' title='bbox 3572 1794 3842 1876; x_wconf 78' lang='lat' dir='ltr'>«licitur,</span> 
     </span>
     <span class='ocr_line' id='line_1_62' title="bbox 2297 1901 3841 1992; baseline 0.004 -27"><span class='ocrx_word' id='word_1_385' title='bbox 2297 1922 2431 1966; x_wconf 88' lang='lat' dir='ltr'>non</span> <span class='ocrx_word' id='word_1_386' title='bbox 2489 1901 2648 1989; x_wconf 89' lang='lat' dir='ltr'>quia</span> <span class='ocrx_word' id='word_1_387' title='bbox 2713 1902 3055 1970; x_wconf 79' lang='lat' dir='ltr'>confracta</span> <span class='ocrx_word' id='word_1_388' title='bbox 3137 1902 3407 1972; x_wconf 79' lang='lat' dir='ltr'>fuerunt</span> <span class='ocrx_word' id='word_1_389' title='bbox 3483 1906 3630 1992; x_wconf 88' lang='lat' dir='ltr'>ejus</span> <span class='ocrx_word' id='word_1_390' title='bbox 3662 1927 3841 1981; x_wconf 86' lang='lat' dir='ltr'>ossa,</span> 
     </span>
     <span class='ocr_line' id='line_1_63' title="bbox 2297 2007 3845 2091; baseline 0.006 -18"><span class='ocrx_word' id='word_1_391' title='bbox 2297 2007 2511 2075; x_wconf 81' lang='lat' dir='ltr'>Exod.</span> <span class='ocrx_word' id='word_1_392' title='bbox 2576 2032 2693 2088; x_wconf 85' lang='lat' dir='ltr'>xu,</span> <span class='ocrx_word' id='word_1_393' title='bbox 2756 2010 2894 2077; x_wconf 70' lang='lat'>46:</span> <span class='ocrx_word' id='word_1_394' title='bbox 2955 2012 3093 2079; x_wconf 85' lang='lat' dir='ltr'>Nec</span> <span class='ocrx_word' id='word_1_395' title='bbox 3147 2034 3220 2078; x_wconf 86' lang='lat' dir='ltr'>os</span> <span class='ocrx_word' id='word_1_396' title='bbox 3288 2012 3509 2091; x_wconf 77' lang='lat' dir='ltr'>illius,</span> <span class='ocrx_word' id='word_1_397' title='bbox 3590 2012 3845 2081; x_wconf 84' lang='lat' dir='ltr'>scilicet</span> 
     </span>
     <span class='ocr_line' id='line_1_64' title="bbox 2296 2119 3843 2212; baseline 0.004 -28"><span class='ocrx_word' id='word_1_398' title='bbox 2296 2121 2451 2208; x_wconf 77' lang='lat' dir='ltr'>agni</span> <span class='ocrx_word' id='word_1_399' title='bbox 2485 2119 2840 2208; x_wconf 88' lang='lat' dir='ltr'>paschalis,</span> <span class='ocrx_word' id='word_1_400' title='bbox 2874 2124 3319 2212; x_wconf 74' lang='lat' dir='ltr'>consrinqetis</span> <span class='ocrx_word' id='word_1_401' title='bbox 3360 2125 3402 2189; x_wconf 89' lang='lat'>¹.</span> <span class='ocrx_word' id='word_1_402' title='bbox 3436 2123 3638 2192; x_wconf 84' lang='lat' dir='ltr'>Joan.</span> <span class='ocrx_word' id='word_1_403' title='bbox 3701 2146 3843 2200; x_wconf 73' lang='lat' dir='ltr'>xlx,</span> 
     </span>
     <span class='ocr_line' id='line_1_65' title="bbox 2299 2226 3852 2320; baseline 0.011 -40"><span class='ocrx_word' id='word_1_404' title='bbox 2299 2226 2380 2289; x_wconf 80' lang='lat'>33</span> <span class='ocrx_word' id='word_1_405' title='bbox 2411 2246 2427 2288; x_wconf 73' lang='grc' dir='ltr'><strong><em>ε</em></strong></span> <span class='ocrx_word' id='word_1_406' title='bbox 2470 2227 2619 2291; x_wconf 77' lang='lat' dir='ltr'>Non</span> <span class='ocrx_word' id='word_1_407' title='bbox 2655 2227 3012 2315; x_wconf 75' lang='lat' dir='ltr'>freqeruu!</span> <span class='ocrx_word' id='word_1_408' title='bbox 3057 2227 3211 2316; x_wconf 80' lang='lat' dir='ltr'>ejus</span> <span class='ocrx_word' id='word_1_409' title='bbox 3238 2251 3405 2296; x_wconf 83' lang='lat' dir='ltr'>cura</span> <span class='ocrx_word' id='word_1_410' title='bbox 3426 2252 3451 2296; x_wconf 90' lang='lat'>.·</span> <span class='ocrx_word' id='word_1_411' title='bbox 3481 2228 3599 2297; x_wconf 87' lang='lat' dir='ltr'>sed</span> <span class='ocrx_word' id='word_1_412' title='bbox 3637 2251 3852 2320; x_wconf 87' lang='lat' dir='ltr'>prop-</span> 
     </span>
     <span class='ocr_line' id='line_1_66' title="bbox 2298 2332 3848 2426; baseline 0.004 -30"><span class='ocrx_word' id='word_1_413' title='bbox 2298 2340 2442 2420; x_wconf 81' lang='lat' dir='ltr'>pter</span> <span class='ocrx_word' id='word_1_414' title='bbox 2517 2332 2917 2423; x_wconf 83' lang='lat' dir='ltr'>multiplicia</span> <span class='ocrx_word' id='word_1_415' title='bbox 2993 2342 3332 2403; x_wconf 88' lang='lat' dir='ltr'>tormenta</span> <span class='ocrx_word' id='word_1_416' title='bbox 3407 2359 3558 2426; x_wconf 84' lang='lat' dir='ltr'>quae</span> <span class='ocrx_word' id='word_1_417' title='bbox 3633 2337 3848 2403; x_wconf 89' lang='lat' dir='ltr'>susti-</span> 
     </span>
     <span class='ocr_line' id='line_1_67' title="bbox 2297 2441 2467 2506; baseline -0.012 0"><span class='ocrx_word' id='word_1_418' title='bbox 2297 2441 2467 2506; x_wconf 87' lang='lat' dir='ltr'>nuit.</span> 
     </span>
    </p>
   </div>
   <div class='ocr_carea' id='block_1_13' title="bbox 2294 2661 3852 4580">
    <p class='ocr_par' dir='ltr' id='par_1_15' title="bbox 2294 2661 3852 4580">
     <span class='ocr_line' id='line_1_68' title="bbox 2389 2661 3844 2732; baseline 0.003 -5"><span class='ocrx_word' id='word_1_419' title='bbox 2389 2687 2421 2719; x_wconf 87' lang='lat'>«</span> <span class='ocrx_word' id='word_1_420' title='bbox 2461 2661 2546 2727; x_wconf 69' lang='grc' dir='ltr'>[Ἰ</span> <span class='ocrx_word' id='word_1_421' title='bbox 2611 2670 2935 2728; x_wconf 78' lang='lat' dir='ltr'>avertere!</span> <span class='ocrx_word' id='word_1_422' title='bbox 2999 2663 3203 2729; x_wconf 82' lang='lat' dir='ltr'>iram.</span> <span class='ocrx_word' id='word_1_423' title='bbox 3242 2689 3274 2728; x_wconf 71' lang='grc' dir='ltr'><strong><em>ι</em></strong></span> <span class='ocrx_word' id='word_1_424' title='bbox 3321 2662 3487 2731; x_wconf 81' lang='lat' dir='ltr'>Ecce</span> <span class='ocrx_word' id='word_1_425' title='bbox 3541 2665 3844 2732; x_wconf 87' lang='lat' dir='ltr'>tertium.</span> 
     </span>
     <span class='ocr_line' id='line_1_69' title="bbox 2296 2763 3843 2847; baseline 0.005 -17"><span class='ocrx_word' id='word_1_426' title='bbox 2296 2763 2498 2844; x_wconf 85' lang='lat' dir='ltr'>Quasi</span> <span class='ocrx_word' id='word_1_427' title='bbox 2541 2765 2829 2833; x_wconf 86' lang='lat' dir='ltr'>diceret:</span> <span class='ocrx_word' id='word_1_428' title='bbox 2870 2767 2985 2835; x_wconf 84' lang='lat' dir='ltr'>Sic</span> <span class='ocrx_word' id='word_1_429' title='bbox 3013 2770 3195 2835; x_wconf 86' lang='lat' dir='ltr'>stetit</span> <span class='ocrx_word' id='word_1_430' title='bbox 3229 2770 3296 2835; x_wconf 92' lang='lat' dir='ltr'>in</span> <span class='ocrx_word' id='word_1_431' title='bbox 3354 2767 3843 2847; x_wconf 77' lang='lat' dir='ltr'>confractione,</span> 
     </span>
     <span class='ocr_line' id='line_1_70' title="bbox 2299 2876 3850 2960; baseline 0.006 -20"><span class='ocrx_word' id='word_1_432' title='bbox 2299 2905 2329 2934; x_wconf 88' lang='lat'>«</span> <span class='ocrx_word' id='word_1_433' title='bbox 2368 2885 2441 2941; x_wconf 81' lang='lat' dir='ltr'>u!</span> <span class='ocrx_word' id='word_1_434' title='bbox 2470 2886 2836 2943; x_wconf 73' lang='lat' dir='ltr'>averteret:</span> <span class='ocrx_word' id='word_1_435' title='bbox 2873 2904 2906 2939; x_wconf 81' lang='lat'><strong>»</strong></span> <span class='ocrx_word' id='word_1_436' title='bbox 2956 2876 3092 2960; x_wconf 75' lang='lat' dir='ltr'>vel,</span> <span class='ocrx_word' id='word_1_437' title='bbox 3132 2903 3165 2942; x_wconf 82' lang='lat'><strong>«</strong></span> <span class='ocrx_word' id='word_1_438' title='bbox 3198 2887 3260 2945; x_wconf 81' lang='lat' dir='ltr'>el</span> <span class='ocrx_word' id='word_1_439' title='bbox 3291 2890 3642 2956; x_wconf 72' lang='lat' dir='ltr'>averteret,</span> <span class='ocrx_word' id='word_1_440' title='bbox 3684 2907 3717 2942; x_wconf 74' lang='grc' dir='ltr'>ιο</span> <span class='ocrx_word' id='word_1_441' title='bbox 3752 2880 3850 2949; x_wconf 85' lang='lat' dir='ltr'>sic</span> 
     </span>
     <span class='ocr_line' id='line_1_71' title="bbox 2309 2981 3851 3078; baseline 0.006 -36"><span class='ocrx_word' id='word_1_442' title='bbox 2309 3008 2337 3041; x_wconf 73' lang='grc' dir='ltr'>α</span> <span class='ocrx_word' id='word_1_443' title='bbox 2379 2982 2553 3046; x_wconf 81' lang='lat' dir='ltr'>iram</span> <span class='ocrx_word' id='word_1_444' title='bbox 2592 2982 2770 3069; x_wconf 75' lang='lat' dir='ltr'>ejus,</span> <span class='ocrx_word' id='word_1_445' title='bbox 2808 3007 2842 3046; x_wconf 67' lang='grc' dir='ltr'><strong>ι</strong></span> <span class='ocrx_word' id='word_1_446' title='bbox 2875 2981 3128 3051; x_wconf 86' lang='lat' dir='ltr'>scilicet</span> <span class='ocrx_word' id='word_1_447' title='bbox 3186 2982 3335 3062; x_wconf 86' lang='lat' dir='ltr'>Dei,</span> <span class='ocrx_word' id='word_1_448' title='bbox 3372 3009 3406 3050; x_wconf 69' lang='lat' dir='ltr'>a</span> <span class='ocrx_word' id='word_1_449' title='bbox 3438 3009 3522 3053; x_wconf 79' lang='lat' dir='ltr'>ue</span> <span class='ocrx_word' id='word_1_450' title='bbox 3578 2985 3851 3078; x_wconf 77' lang='lat' dir='ltr'>disper-</span> 
     </span>
     <span class='ocr_line' id='line_1_72' title="bbox 2294 3089 3852 3187; baseline 0.005 -35"><span class='ocrx_word' id='word_1_451' title='bbox 2294 3089 2475 3155; x_wconf 76' lang='lat' dir='ltr'>dere!</span> <span class='ocrx_word' id='word_1_452' title='bbox 2503 3112 2632 3155; x_wconf 77' lang='lat' dir='ltr'>eos.</span> <span class='ocrx_word' id='word_1_453' title='bbox 2671 3116 2705 3151; x_wconf 77' lang='grc' dir='ltr'>ιι</span> <span class='ocrx_word' id='word_1_454' title='bbox 2746 3091 3020 3159; x_wconf 79' lang='lat' dir='ltr'>Denter.</span> <span class='ocrx_word' id='word_1_455' title='bbox 3056 3115 3149 3175; x_wconf 73' lang='lat' dir='ltr'>tx,</span> <span class='ocrx_word' id='word_1_456' title='bbox 3180 3094 3263 3161; x_wconf 78' lang='lat'>25</span> <span class='ocrx_word' id='word_1_457' title='bbox 3293 3102 3359 3161; x_wconf 88' lang='lat' dir='ltr'>et</span> <span class='ocrx_word' id='word_1_458' title='bbox 3389 3094 3512 3160; x_wconf 75' lang='lat'>26:</span> <span class='ocrx_word' id='word_1_459' title='bbox 3546 3093 3852 3187; x_wconf 77' lang='lat' dir='ltr'>Suppli-</span> 
     </span>
     <span class='ocr_line' id='line_1_73' title="bbox 2295 3197 3850 3289; baseline 0.004 -27"><span class='ocrx_word' id='word_1_460' title='bbox 2295 3198 2458 3262; x_wconf 79' lang='lat' dir='ltr'>ciler</span> <span class='ocrx_word' id='word_1_461' title='bbox 2485 3197 2919 3287; x_wconf 81' lang='lat' dir='ltr'>deprecabor,</span> <span class='ocrx_word' id='word_1_462' title='bbox 2953 3223 3037 3265; x_wconf 81' lang='lat' dir='ltr'>ne</span> <span class='ocrx_word' id='word_1_463' title='bbox 3073 3198 3322 3267; x_wconf 82' lang='lat' dir='ltr'>deleret</span> <span class='ocrx_word' id='word_1_464' title='bbox 3349 3222 3466 3268; x_wconf 83' lang='lat' dir='ltr'>vos</span> <span class='ocrx_word' id='word_1_465' title='bbox 3497 3212 3574 3268; x_wconf 81' lang='lat' dir='ltr'>ul</span> <span class='ocrx_word' id='word_1_466' title='bbox 3610 3204 3850 3289; x_wconf 75' lang='lat' dir='ltr'>suerat</span> 
     </span>
     <span class='ocr_line' id='line_1_74' title="bbox 2296 3305 3852 3377; baseline 0.005 -9"><span class='ocrx_word' id='word_1_467' title='bbox 2296 3305 2747 3372; x_wconf 79' lang='lat' dir='ltr'>comminolus</span> <span class='ocrx_word' id='word_1_468' title='bbox 2777 3329 2799 3371; x_wconf 92' lang='lat'>.·</span> <span class='ocrx_word' id='word_1_469' title='bbox 2857 3315 2921 3371; x_wconf 76' lang='lat' dir='ltr'>e!</span> <span class='ocrx_word' id='word_1_470' title='bbox 2984 3329 3187 3373; x_wconf 79' lang='lat' dir='ltr'>orons</span> <span class='ocrx_word' id='word_1_471' title='bbox 3263 3306 3418 3374; x_wconf 72' lang='lat' dir='ltr'>dixi</span> <span class='ocrx_word' id='word_1_472' title='bbox 3437 3330 3459 3374; x_wconf 93' lang='lat'>.·</span> <span class='ocrx_word' id='word_1_473' title='bbox 3552 3310 3852 3377; x_wconf 81' lang='lat' dir='ltr'>Domine</span> 
     </span>
     <span class='ocr_line' id='line_1_75' title="bbox 2301 3412 3849 3506; baseline 0.005 -30"><span class='ocrx_word' id='word_1_474' title='bbox 2301 3412 2506 3487; x_wconf 80' lang='lat' dir='ltr'>Deus,</span> <span class='ocrx_word' id='word_1_475' title='bbox 2574 3434 2655 3477; x_wconf 82' lang='lat' dir='ltr'>ne</span> <span class='ocrx_word' id='word_1_476' title='bbox 2711 3412 3070 3503; x_wconf 74' lang='lat' dir='ltr'>disperdas</span> <span class='ocrx_word' id='word_1_477' title='bbox 3120 3416 3468 3506; x_wconf 79' lang='lat' dir='ltr'>populum</span> <span class='ocrx_word' id='word_1_478' title='bbox 3510 3425 3740 3500; x_wconf 81' lang='lat' dir='ltr'>tuum,</span> <span class='ocrx_word' id='word_1_479' title='bbox 3783 3427 3849 3484; x_wconf 79' lang='lat' dir='ltr'>et</span> 
     </span>
     <span class='ocr_line' id='line_1_76' title="bbox 2297 3519 3843 3612; baseline 0.002 -24"><span class='ocrx_word' id='word_1_480' title='bbox 2297 3519 2755 3589; x_wconf 68' lang='lat' dir='ltr'>haereditalem</span> <span class='ocrx_word' id='word_1_481' title='bbox 2789 3530 3009 3602; x_wconf 79' lang='lat' dir='ltr'>luam,</span> <span class='ocrx_word' id='word_1_482' title='bbox 3041 3545 3249 3612; x_wconf 81' lang='lat' dir='ltr'>quam</span> <span class='ocrx_word' id='word_1_483' title='bbox 3283 3522 3654 3600; x_wconf 76' lang='lat' dir='ltr'>redemisti,</span> <span class='ocrx_word' id='word_1_484' title='bbox 3682 3534 3843 3601; x_wconf 81' lang='lat' dir='ltr'>etc..</span> 
     </span>
     <span class='ocr_line' id='line_1_77' title="bbox 2298 3628 3846 3723; baseline 0.001 -24"><span class='ocrx_word' id='word_1_485' title='bbox 2298 3629 2477 3722; x_wconf 87' lang='lat' dir='ltr'>quod</span> <span class='ocrx_word' id='word_1_486' title='bbox 2518 3630 2719 3696; x_wconf 81' lang='lat' dir='ltr'>etiarn</span> <span class='ocrx_word' id='word_1_487' title='bbox 2769 3628 2948 3698; x_wconf 82' lang='lat' dir='ltr'>iecit.</span> <span class='ocrx_word' id='word_1_488' title='bbox 3020 3629 3306 3722; x_wconf 81' lang='lat' dir='ltr'>Propter</span> <span class='ocrx_word' id='word_1_489' title='bbox 3370 3631 3596 3723; x_wconf 84' lang='lat' dir='ltr'>aliqua</span> <span class='ocrx_word' id='word_1_490' title='bbox 3664 3631 3846 3701; x_wconf 88' lang='lat' dir='ltr'>bona</span> 
     </span>
     <span class='ocr_line' id='line_1_78' title="bbox 2296 3735 3846 3828; baseline 0.002 -26"><span class='ocrx_word' id='word_1_491' title='bbox 2296 3737 2583 3828; x_wconf 83' lang='lat' dir='ltr'>gratuita</span> <span class='ocrx_word' id='word_1_492' title='bbox 2640 3744 2862 3802; x_wconf 78' lang='lat' dir='ltr'>servat</span> <span class='ocrx_word' id='word_1_493' title='bbox 2924 3735 3288 3828; x_wconf 89' lang='lat' dir='ltr'>aliquando</span> <span class='ocrx_word' id='word_1_494' title='bbox 3336 3737 3846 3805; x_wconf 79' lang='lat' dir='ltr'>multitudinem</span> 
     </span>
     <span class='ocr_line' id='line_1_79' title="bbox 2298 3841 3849 3935; baseline -0.002 -24"><span class='ocrx_word' id='word_1_495' title='bbox 2298 3864 2657 3935; x_wconf 81' lang='lat' dir='ltr'>magnam:</span> <span class='ocrx_word' id='word_1_496' title='bbox 2736 3864 2861 3909; x_wconf 82' lang='lat' dir='ltr'>nec</span> <span class='ocrx_word' id='word_1_497' title='bbox 2952 3841 3454 3933; x_wconf 85' lang='lat' dir='ltr'>disperdidisset</span> <span class='ocrx_word' id='word_1_498' title='bbox 3522 3843 3849 3912; x_wconf 85' lang='lat' dir='ltr'>Sodomi-</span> 
     </span>
     <span class='ocr_line' id='line_1_80' title="bbox 2297 3947 3849 4026; baseline 0.001 -9"><span class='ocrx_word' id='word_1_499' title='bbox 2297 3960 2422 4026; x_wconf 82' lang='lat' dir='ltr'>tas,</span> <span class='ocrx_word' id='word_1_500' title='bbox 2458 3948 2703 4016; x_wconf 77' lang='lat' dir='ltr'>GeneS.</span> <span class='ocrx_word' id='word_1_501' title='bbox 2737 3969 2929 4026; x_wconf 76' lang='lat' dir='ltr'>xvm,</span> <span class='ocrx_word' id='word_1_502' title='bbox 2973 3950 3085 4026; x_wconf 83' lang='lat'>32,</span> <span class='ocrx_word' id='word_1_503' title='bbox 3121 3949 3180 4016; x_wconf 82' lang='lat' dir='ltr'>si</span> <span class='ocrx_word' id='word_1_504' title='bbox 3220 3947 3456 4017; x_wconf 86' lang='lat' dir='ltr'>decem</span> <span class='ocrx_word' id='word_1_505' title='bbox 3495 3950 3683 4017; x_wconf 81' lang='lat' dir='ltr'>viros</span> <span class='ocrx_word' id='word_1_506' title='bbox 3715 3950 3849 4018; x_wconf 90' lang='lat' dir='ltr'>bo-</span> 
     </span>
     <span class='ocr_line' id='line_1_81' title="bbox 2297 4054 3847 4142; baseline 0.002 -18"><span class='ocrx_word' id='word_1_507' title='bbox 2297 4079 2422 4124; x_wconf 84' lang='lat' dir='ltr'>nos</span> <span class='ocrx_word' id='word_1_508' title='bbox 2461 4057 2852 4125; x_wconf 76' lang='lat' dir='ltr'>invenisset.</span> <span class='ocrx_word' id='word_1_509' title='bbox 2931 4054 3062 4123; x_wconf 87' lang='lat' dir='ltr'>lsa.</span> <span class='ocrx_word' id='word_1_510' title='bbox 3099 4079 3248 4133; x_wconf 58' lang='lat' dir='ltr'>mxv,</span> <span class='ocrx_word' id='word_1_511' title='bbox 3329 4059 3411 4124; x_wconf 88' lang='lat'>8:</span> <span class='ocrx_word' id='word_1_512' title='bbox 3487 4058 3847 4142; x_wconf 82' lang='lat' dir='ltr'>Quomodo</span> 
     </span>
     <span class='ocr_line' id='line_1_82' title="bbox 2294 4163 3850 4253; baseline 0.003 -24"><span class='ocrx_word' id='word_1_513' title='bbox 2294 4165 2358 4230; x_wconf 75' lang='lat' dir='ltr'>si</span> <span class='ocrx_word' id='word_1_514' title='bbox 2380 4165 2766 4231; x_wconf 76' lang='lat' dir='ltr'>inveniatur</span> <span class='ocrx_word' id='word_1_515' title='bbox 2788 4184 3088 4253; x_wconf 73' lang='lat' dir='ltr'>ymnum</span> <span class='ocrx_word' id='word_1_516' title='bbox 3146 4166 3217 4232; x_wconf 80' lang='lat' dir='ltr'>iu</span> <span class='ocrx_word' id='word_1_517' title='bbox 3258 4163 3474 4244; x_wconf 75' lang='lat' dir='ltr'>botro,</span> <span class='ocrx_word' id='word_1_518' title='bbox 3514 4178 3580 4234; x_wconf 81' lang='lat' dir='ltr'>et</span> <span class='ocrx_word' id='word_1_519' title='bbox 3649 4166 3850 4233; x_wconf 81' lang='lat' dir='ltr'>dica-</span> 
     </span>
     <span class='ocr_line' id='line_1_83' title="bbox 2297 4271 3847 4365; baseline 0.001 -25"><span class='ocrx_word' id='word_1_520' title='bbox 2297 4284 2413 4341; x_wconf 80' lang='lat' dir='ltr'>tur</span> <span class='ocrx_word' id='word_1_521' title='bbox 2443 4298 2467 4340; x_wconf 92' lang='lat'>.·</span> <span class='ocrx_word' id='word_1_522' title='bbox 2504 4274 2603 4341; x_wconf 73' lang='lat' dir='ltr'>Ne</span> <span class='ocrx_word' id='word_1_523' title='bbox 2639 4271 2924 4364; x_wconf 77' lang='lat' dir='ltr'>dissipes</span> <span class='ocrx_word' id='word_1_524' title='bbox 2988 4272 3199 4349; x_wconf 76' lang='lat' dir='ltr'>illud.</span> <span class='ocrx_word' id='word_1_525' title='bbox 3242 4276 3571 4365; x_wconf 80' lang='lat' dir='ltr'>quonium</span> <span class='ocrx_word' id='word_1_526' title='bbox 3644 4275 3847 4343; x_wconf 79' lang='lat' dir='ltr'>bene-</span> 
     </span>
     <span class='ocr_line' id='line_1_84' title="bbox 2298 4380 3841 4471; baseline 0.002 -24"><span class='ocrx_word' id='word_1_527' title='bbox 2298 4381 2503 4448; x_wconf 78' lang='lat' dir='ltr'>diclio</span> <span class='ocrx_word' id='word_1_528' title='bbox 2525 4390 2655 4447; x_wconf 81' lang='lat' dir='ltr'>est:</span> <span class='ocrx_word' id='word_1_529' title='bbox 2677 4380 3055 4471; x_wconf 77' lang='lat' dir='ltr'>sicfaciom</span> <span class='ocrx_word' id='word_1_530' title='bbox 3077 4390 3360 4471; x_wconf 80' lang='lat' dir='ltr'>propter</span> <span class='ocrx_word' id='word_1_531' title='bbox 3375 4403 3601 4449; x_wconf 72' lang='lat' dir='ltr'>sen-os</span> <span class='ocrx_word' id='word_1_532' title='bbox 3630 4404 3841 4458; x_wconf 81' lang='lat' dir='ltr'>meos,</span> 
     </span>
     <span class='ocr_line' id='line_1_85' title="bbox 2300 4485 3261 4580; baseline 0 -24"><span class='ocrx_word' id='word_1_533' title='bbox 2300 4499 2376 4557; x_wconf 81' lang='lat' dir='ltr'>ut</span> <span class='ocrx_word' id='word_1_534' title='bbox 2419 4511 2553 4555; x_wconf 81' lang='lat' dir='ltr'>nou</span> <span class='ocrx_word' id='word_1_535' title='bbox 2584 4485 2978 4580; x_wconf 81' lang='lat' dir='ltr'>disperdam</span> <span class='ocrx_word' id='word_1_536' title='bbox 3018 4495 3261 4556; x_wconf 77' lang='lat' dir='ltr'>totum.</span> 
     </span>
    </p>
   </div>
   <div class='ocr_carea' id='block_1_14' title="bbox 2296 4828 3855 5566">
    <p class='ocr_par' dir='ltr' id='par_1_16' title="bbox 2296 4828 3855 5434">
     <span class='ocr_line' id='line_1_86' title="bbox 2389 4828 3846 4923; baseline 0.008 -26"><span class='ocrx_word' id='word_1_537' title='bbox 2389 4860 2423 4897; x_wconf 75' lang='grc' dir='ltr'><strong>α</strong></span> <span class='ocrx_word' id='word_1_538' title='bbox 2465 4833 2707 4923; x_wconf 79' lang='lat' dir='ltr'>Etpro</span> <span class='ocrx_word' id='word_1_539' title='bbox 2752 4828 2999 4899; x_wconf 72' lang='lat' dir='ltr'>nihilo.</span> <span class='ocrx_word' id='word_1_540' title='bbox 3044 4861 3073 4893; x_wconf 74' lang='grc' dir='ltr'>ι</span> <span class='ocrx_word' id='word_1_541' title='bbox 3149 4832 3276 4902; x_wconf 81' lang='lat' dir='ltr'>ssic</span> <span class='ocrx_word' id='word_1_542' title='bbox 3329 4835 3731 4917; x_wconf 76' lang='lat' dir='ltr'>secundum,</span> <span class='ocrx_word' id='word_1_543' title='bbox 3776 4840 3846 4909; x_wconf 85' lang='lat' dir='ltr'>in</span> 
     </span>
     <span class='ocr_line' id='line_1_87' title="bbox 2297 4937 3852 5038; baseline 0.005 -30"><span class='ocrx_word' id='word_1_544' title='bbox 2297 4963 2432 5032; x_wconf 88' lang='lat' dir='ltr'>quo</span> <span class='ocrx_word' id='word_1_545' title='bbox 2481 4938 2779 5030; x_wconf 81' lang='lat' dir='ltr'>tangitur</span> <span class='ocrx_word' id='word_1_546' title='bbox 2843 4937 3275 5008; x_wconf 87' lang='lat' dir='ltr'>incredulitas</span> <span class='ocrx_word' id='word_1_547' title='bbox 3332 4944 3637 5013; x_wconf 76' lang='lat' dir='ltr'>veritatis</span> <span class='ocrx_word' id='word_1_548' title='bbox 3694 4969 3852 5038; x_wconf 90' lang='lat' dir='ltr'>pro-</span> 
     </span>
     <span class='ocr_line' id='line_1_88' title="bbox 2297 5043 3853 5136; baseline 0.004 -22"><span class='ocrx_word' id='word_1_549' title='bbox 2297 5045 2556 5116; x_wconf 69' lang='lat' dir='ltr'>missae:</span> <span class='ocrx_word' id='word_1_550' title='bbox 2592 5047 2660 5113; x_wconf 87' lang='lat' dir='ltr'>in</span> <span class='ocrx_word' id='word_1_551' title='bbox 2693 5067 2826 5136; x_wconf 90' lang='lat' dir='ltr'>qua</span> <span class='ocrx_word' id='word_1_552' title='bbox 2852 5043 2990 5113; x_wconf 89' lang='lat' dir='ltr'>duo</span> <span class='ocrx_word' id='word_1_553' title='bbox 3020 5045 3357 5116; x_wconf 84' lang='lat' dir='ltr'>dicuntur.</span> <span class='ocrx_word' id='word_1_554' title='bbox 3403 5048 3664 5128; x_wconf 87' lang='lat' dir='ltr'>Primo,</span> <span class='ocrx_word' id='word_1_555' title='bbox 3707 5051 3853 5121; x_wconf 89' lang='lat' dir='ltr'>cul-</span> 
     </span>
     <span class='ocr_line' id='line_1_89' title="bbox 2296 5149 3853 5250; baseline 0.006 -30"><span class='ocrx_word' id='word_1_556' title='bbox 2296 5175 2406 5243; x_wconf 86' lang='lat' dir='ltr'>pa.</span> <span class='ocrx_word' id='word_1_557' title='bbox 2452 5149 2790 5231; x_wconf 86' lang='lat' dir='ltr'>Secundo,</span> <span class='ocrx_word' id='word_1_558' title='bbox 2826 5172 3040 5241; x_wconf 80' lang='lat' dir='ltr'>poenae</span> <span class='ocrx_word' id='word_1_559' title='bbox 3087 5151 3526 5222; x_wconf 83' lang='lat' dir='ltr'>comminatio</span> <span class='ocrx_word' id='word_1_560' title='bbox 3571 5168 3853 5250; x_wconf 86' lang='lat' dir='ltr'>propter</span> 
     </span>
     <span class='ocr_line' id='line_1_90' title="bbox 2300 5256 3855 5335; baseline 0.005 -9"><span class='ocrx_word' id='word_1_561' title='bbox 2300 5258 2508 5335; x_wconf 90' lang='lat' dir='ltr'>illam,</span> <span class='ocrx_word' id='word_1_562' title='bbox 2571 5256 2688 5334; x_wconf 86' lang='lat' dir='ltr'>ibi,</span> <span class='ocrx_word' id='word_1_563' title='bbox 2747 5265 2811 5332; x_wconf 69' lang='lat'>5.</span> <span class='ocrx_word' id='word_1_564' title='bbox 2883 5256 3017 5324; x_wconf 62' lang='lat'>25:</span> <span class='ocrx_word' id='word_1_565' title='bbox 3073 5282 3106 5321; x_wconf 74' lang='grc' dir='ltr'>ι</span> <span class='ocrx_word' id='word_1_566' title='bbox 3166 5261 3260 5325; x_wconf 80' lang='lat' dir='ltr'>Et</span> <span class='ocrx_word' id='word_1_567' title='bbox 3333 5258 3620 5328; x_wconf 81' lang='lat' dir='ltr'>elevavi!</span> <span class='ocrx_word' id='word_1_568' title='bbox 3694 5288 3855 5332; x_wconf 81' lang='lat' dir='ltr'>ma-</span> 
     </span>
     <span class='ocr_line' id='line_1_91' title="bbox 2296 5387 2557 5434; baseline -0.027 0"><span class='ocrx_word' id='word_1_569' title='bbox 2296 5387 2484 5434; x_wconf 81' lang='lat' dir='ltr'>num.</span> <span class='ocrx_word' id='word_1_570' title='bbox 2525 5389 2557 5427; x_wconf 71' lang='lat' dir='ltr'>n</span> 
     </span>
    </p>

    <p class='ocr_par' dir='ltr' id='par_1_17' title="bbox 2387 5469 3855 5566">
     <span class='ocr_line' id='line_1_92' title="bbox 2387 5469 3855 5566; baseline 0.005 -28"><span class='ocrx_word' id='word_1_571' title='bbox 2387 5469 2459 5539; x_wconf 92' lang='lat' dir='ltr'>ln</span> <span class='ocrx_word' id='word_1_572' title='bbox 2500 5473 2716 5562; x_wconf 81' lang='lat' dir='ltr'>prima</span> <span class='ocrx_word' id='word_1_573' title='bbox 2753 5470 2914 5540; x_wconf 90' lang='lat' dir='ltr'>duo.</span> <span class='ocrx_word' id='word_1_574' title='bbox 2970 5470 3225 5555; x_wconf 83' lang='lat' dir='ltr'>Primo,</span> <span class='ocrx_word' id='word_1_575' title='bbox 3256 5473 3558 5566; x_wconf 80' lang='lat' dir='ltr'>tangitur</span> <span class='ocrx_word' id='word_1_576' title='bbox 3602 5476 3855 5545; x_wconf 82' lang='lat' dir='ltr'>inlide-</span> 
     </span>
    </p>
   </div>
   <div class='ocr_carea' id='block_1_15' title="bbox 4941 2719 4945 3628">
    <p class='ocr_par' dir='ltr' id='par_1_18' title="bbox 4941 2719 4945 3628">
     <span class='ocr_line' id='line_1_93' title="bbox 4941 2719 4945 3628; baseline 0 0"><span class='ocrx_word' id='word_1_577' title='bbox 4941 2719 4945 3628; x_wconf 95' lang='lat' dir='ltr'> </span> 
     </span>
    </p>
   </div>
  </div>
 </body>
</html>
