5008 6329
371 1730 447 1776 Ar

344 1788 570 1883 Qua.

391 1903 421 1937 c

562 1781 660 1828 lmi:

667 357 792 428 170
1665 352 1744 417 D.
1797 352 1997 420 ALB.
2049 352 2265 420 MAG.

1067 862 1162 928 ΙΝ
1220 857 1659 931 PSALMUM
1708 854 1826 923 CX

1176 1089 1705 1143 COMMENTARIUS.

1175 1424 1208 1463 α
1258 1395 1576 1466 Alleluia
1618 1393 1661 1458 ¹.
1700 1416 1733 1457 n

779 1752 819 1792 α
853 1721 1233 1813 Confitebor
1288 1718 1442 1798 tibi,
1511 1712 1828 1782 Domine.
1874 1737 1906 1770 »
1951 1708 2078 1775 Hic
2135 1715 2236 1774 est

585 1846 664 1901 ·.·-
694 1832 1006 1900 l‘salmus
1052 1828 1466 1899 centesimus
1497 1815 1803 1888 decimus
1853 1817 1920 1883 in
1951 1822 2094 1882 toto
2144 1814 2234 1879 li-

589 1895 623 1934 tt

414 1902 596 1991 333⁰·-
695 1941 843 2020 bro,
885 1939 1185 2007 decimus
1215 1932 1534 2026 in1tertia
1570 1935 1761 2020 parte
1799 1924 1977 1992 libri.
2031 1923 2238 1990 Post-

692 2073 898 2143 quam
937 2048 1119 2117 enim
1149 2045 1289 2138 egit
1314 2043 1398 2112 de
1448 2037 1699 2110 Christi
1758 2033 2235 2103 sublimatione

592 2167 602 2177 '
694 2181 908 2250 usque
946 2156 1030 2226 ad
1068 2156 1417 2224 dexteram
1448 2149 1572 2218 Dei
1607 2146 1854 2224 Patris,
1897 2141 2079 2233 quod
2137 2140 2240 2208 la-

692 2278 874 2337 ctum
905 2266 1029 2334 fuit
1068 2265 1136 2331 iu
1169 2262 1616 2337 Ascensione,
1660 2252 1932 2346 quaudo
1968 2250 2239 2318 recessit

692 2399 733 2444 a
761 2375 981 2456 nobis,
1014 2394 1098 2440 ne
1137 2393 1263 2439 nos
1300 2369 1619 2437 videntur
1662 2362 1932 2453 penitus
1971 2358 2240 2425 deseru-

695 2485 850 2568 isse,
894 2481 1116 2573 agitur
1180 2478 1292 2547 hic
1357 2476 1441 2546 de
1504 2470 1834 2541 beneficio
1891 2487 2239 2538 comman-

690 2589 899 2661 sionis
938 2587 1294 2656 nobiscum
1343 2585 1414 2653 in
1465 2580 1910 2650 Sacramento
1958 2574 2235 2650 Altaris,

696 2703 763 2768 in
813 2721 949 2791 quo
992 2706 1060 2767 et
1118 2695 1479 2765 nobiscum
1548 2695 1876 2781 perpetuo
1963 2705 2236 2752 manere

693 2808 932 2893 voluit,
966 2814 1034 2877 et
1068 2825 1195 2874 nos
1224 2803 1500 2873 reticere
1547 2821 1563 2865 ε
1599 2819 1683 2866 ex
1721 2817 1859 2888 quo
1887 2792 2237 2885 potissime

693 2923 796 2984 est
852 2938 889 2982 a
919 2912 1116 2982 nobis
1146 2908 1583 2980 laudandus:
1645 2902 1825 2972 unde
1857 2899 2240 2970 intitulatur

692 3023 1033 3104 psalmus,
1089 3050 1122 3085 «
1161 3018 1508 3097 Alleluia,
1556 3041 1591 3079 ι
1643 3020 1710 3080 et
1752 3009 2042 3103 perfecte
2089 3007 2242 3075 lau-

695 3132 957 3203 dandus
998 3153 1014 3198 ε
1065 3128 1246 3200 unde
1294 3125 1616 3197 Psalmus
1644 3118 1756 3190 hic
1782 3127 1884 3189 cst
1938 3117 2241 3209 digestus

695 3265 817 3335 per
842 3262 1080 3310 omnes
1126 3236 1387 3308 litteras
1432 3229 1805 3325 Alphabeti
1871 3227 2184 3297 Ilebraici
2221 3249 2236 3294 ε

697 3352 869 3419 sicut
930 3349 1109 3417 enim
1165 3345 1277 3415 hic
1344 3344 1622 3425 dicitur,
1682 3347 1748 3407 et
1791 3360 1997 3428 super
2042 3334 2243 3403 Psal-

696 3482 885 3528 mum
923 3459 1334 3549 vigesimum
1377 3459 1730 3547 quartum,
1789 3446 1905 3517 Ad
1955 3456 2042 3524 te,
2096 3448 2245 3514 Do-

699 3564 903 3649 mine,
940 3562 1160 3631 levavi
1187 3562 1499 3630 animam
1532 3576 1783 3634 meam,
1818 3550 1916 3620 illi
1956 3552 2073 3642 qui
2104 3573 2242 3618 uon

696 3694 820 3764 per
854 3692 1093 3741 omnes
1119 3667 1379 3738 litteras
1406 3664 1950 3753 distinguuntur,
1988 3656 2075 3726 ad
2123 3658 2245 3724 im·

699 3775 1031 3871 perfectos
1058 3772 1444 3845 laudatores
1490 3764 1829 3862 pertinere
1873 3762 2191 3832 videntur
2221 3783 2238 3828 ε

702 3887 820 3979 qui
841 3893 1066 3954 autem
1105 3906 1228 3976 per
1255 3901 1526 3962 omues,
1561 3874 1649 3945 ud
1686 3873 2040 3967 perfectos,
2076 3894 2252 3963 qua-

702 3994 786 4064 lis
823 4002 923 4063 est
953 3995 1104 4075 iste.
1138 4000 1206 4062 et
1239 4013 1374 4073 cxx,
1414 3989 1680 4060 Beatus
1730 3982 1838 4052 vir
1880 3981 2004 4073 qui
2060 3981 2254 4049 timet

703 4104 1107 4183 Dominum,
1139 4109 1208 4171 et
1243 4122 1478 4183 cxvlu,
1548 4092 1757 4164 Beata·
1818 4090 2254 4161 immaculati

705 4214 777 4282 ἰη
814 4215 950 4283 via.
1012 4211 1314 4282 Hilarius
1359 4218 1612 4279 tamen·
1644 4202 1795 4274 vult
1859 4202 1927 4270 in
1983 4199 2250 4280 Glossa,

704 4320 887 4414 quod
946 4347 981 4387 ι
1041 4341 1284 4389 omnes
1339 4308 1743 4407 hujusmodi
1799 4306 2081 4387 Psalmi.
2135 4307 2254 4399 qui

778 4648 798 4686 ¹
835 4652 911 4706 ce
941 4662 1188 4722 psaume
1239 4651 1301 4704 et
1340 4643 1400 4702 le
1446 4641 1690 4702 suivant
1750 4654 1814 4696 se
1864 4635 2261 4694 ressemblent

708 4756 847 4797 eous
881 4732 1020 4795 bien
1069 4737 1176 4795 des
1220 4738 1525 4811 rapports,
1573 4733 1635 4787 et
1690 4726 1988 4786 semblent
2014 4725 2258 4797 tormer,

707 4830 796 4887 dit
850 4829 907 4885 S.
936 4830 1082 4887 leun
1134 4827 1590 4902 Chrysostome,
1643 4846 1674 4873 ιι
1701 4819 1882 4878 veluti
1960 4816 2257 4891 quoddam

708 4941 738 4970 ·‹
761 4933 977 4992 corpus
997 4917 1350 4975 continuum
1365 4919 1550 4988 atque
1567 4910 1703 4985 conj
1712 4914 1980 4967 unctum.
2003 4929 2034 4958 ω
2055 4905 2135 4964 115
2155 4910 2262 4963 ont

711 5015 844 5068 tous
888 5008 1045 5068 deux
1073 5024 1226 5083 pour
1252 5008 1394 5065 titre
1431 5026 1464 5059 ι
1488 5001 1742 5062 Alleluia
1773 5021 1798 5054 ι
1836 5004 1973 5058 sont
2000 5015 2077 5056 en
2130 5015 2261 5055 vers

711 5099 1281 5175 heptasyllahiques,
1331 5103 1392 5154 et
1437 5098 1584 5155 sont
1610 5090 2092 5166 alphabetiques,
2121 5090 2261 5146 cha·

713 5208 830 5266 que
871 5191 1044 5249 lettre
1067 5187 1492 5262 del’alphnbet
1520 5186 1945 5256 commencaut
1986 5197 2070 5237 un
2109 5196 2261 5235 vers.

716 5283 823 5342 Les
848 5282 1035 5357 sujets
1092 5277 1256 5338 seule
1319 5283 1459 5336 sont
1496 5273 1812 5331 differente
1840 5286 1858 5326 τ
1895 5269 1952 5328 le
2005 5269 2267 5345 premier

713 5371 951 5432 celebre
979 5370 1036 5429 le
1064 5370 1354 5445 seigneur
1382 5368 1418 5425 ὰ
1446 5378 1632 5424 cause
1661 5359 1736 5418 de
1765 5375 1862 5418 ses
1887 5358 2190 5429 bienrnits,
2207 5360 2263 5419 le

715 5460 937 5522 second
962 5458 1197 5518 celebre
1225 5459 1515 5518 l'homme
1539 5453 1616 5513 de
1632 5451 1771 5509 bien
1800 5451 1838 5508 ὰ
1864 5465 2042 5509 cause
2071 5451 2145 5510 de
2170 5468 2264 5510 ses

714 5558 912 5612 vertus
937 5568 955 5622 ς
984 5555 1047 5610 et
1071 5565 1289 5607 encore
1313 5565 1354 5624 y
1380 5545 1544 5606 avt-il
1573 5547 1745 5602 entre
1791 5540 1883 5599 les
1925 5540 2083 5600 deux
2112 5557 2266 5599 mor-

713 5662 901 5707 ceeux
925 5642 1031 5702 des
1054 5644 1369 5716 emprunts
1387 5653 1469 5697 ou
1494 5635 1608 5696 des
1642 5632 1949 5709 analogice
1983 5631 2266 5707 (rappen-

716 5744 854 5809 tes;
892 5752 973 5797 on
1020 5738 1165 5809 peut
1206 5746 1527 5807 comparer
1570 5724 1727 5784 ainsi
1774 5730 1943 5784 entre
1984 5722 2074 5781 les
2110 5722 2263 5781 deux

2317 354 2524 422 ORD.
2580 354 2870 424 PRAED.

2319 549 2352 591 ι
2375 550 2496 616 per
2524 527 2857 596 elementa
2884 528 3308 618 digeruntur,
3358 525 3442 592 ad
3476 524 3678 592 rudes
3710 545 3866 612 per-

2320 661 2352 695 «
2385 636 2670 715 tineant,
2714 645 2779 705 et
2816 638 2951 704 sint
2990 637 3072 704 ad
3129 633 3559 703 invitandum
3611 655 3729 700 eos
3780 628 3866 698 ad

2321 767 2354 805 α
2391 741 2850 810 instructionis
2881 744 3213 812 elementa
3250 751 3315 810 et
3342 737 3717 833 primordia
3757 737 3868 804 di-

2324 874 2359 909 «
2391 848 2571 916 vinae
2611 848 2848 916 laudiS.
2892 880 2923 912 »
2969 849 3106 918 Sed
3134 848 3607 931 CassiodoruS,
3668 844 3866 933 cujus
3920 849 4201 951 gogfflgig

2324 963 2425 1024 est
2469 959 2803 1026 sententia
2855 959 3094 1048 prima,
3163 956 3438 1047 respicit
3484 953 3572 1022 ad
3615 972 3867 1020 nume·
3891 972 4003 1007 eum
4023 957 4225 1004 Hilario·

2327 1087 2479 1131 rum
2518 1065 2916 1143 litterarum,
2959 1066 3120 1156 quia
3172 1088 3295 1156 per
3322 1084 3562 1132 omnes
3621 1058 3869 1151 digeri-

2325 1179 2439 1236 tur
2476 1169 2838 1239 Psalmus:
2893 1171 3194 1239 Hilarius
3261 1170 3348 1238 ad
3411 1167 3869 1238 substantiam

2330 1280 2656 1368 ipsarum,
2695 1284 2853 1371 quia
2889 1290 3047 1349 sunt
3097 1280 3457 1358 clementa,
3526 1278 3635 1346 vel
3683 1274 3875 1344 ordi-

2331 1410 2517 1469 nem,
2553 1389 2712 1478 quia
2765 1390 2983 1480 prima
3033 1390 3364 1481 principia
3406 1390 3476 1456 in
3534 1385 3867 1454 doctrina.

2333 1494 2418 1561 Et
2455 1494 2628 1564 bene
2658 1503 3021 1589 utrumque
3059 1521 3074 1564 ε
3110 1499 3269 1589 quia
3307 1499 3377 1564 in
3409 1518 3599 1564 sacra
3629 1490 3881 1561 doctri-

2336 1625 2423 1669 na
2460 1625 2583 1693 per
2619 1610 2834 1672 totum
2871 1628 2885 1672 :
2930 1612 2997 1674 et
3043 1614 3148 1674 est
3195 1605 3299 1673 lac
3354 1626 3490 1694 quo
3548 1598 3881 1693 parvulo-

2340 1734 2490 1778 rum
2532 1721 2598 1780 et
2624 1713 2891 1781 rudium
2949 1714 3287 1782 nutriatur
3334 1713 3643 1780 infantia.
3698 1707 3727 1775 1
3796 1706 3881 1775 ad

2341 1818 2648 1887 Corinth.
2716 1845 2809 1900 ιιι,
2880 1824 2919 1889 2
2954 1846 2969 1889 :
3050 1826 3422 1913 Tamquam
3447 1817 3770 1912 parvulis
3811 1817 3883 1882 in

2344 1929 2613 1997 Christo
2646 1929 2753 1998 lac
2784 1930 2965 1998 robis
2983 1941 3226 2023 polum
3256 1930 3438 2006 dedi,
3466 1951 3601 1995 non
3632 1946 3883 1993 escam.

2340 2035 2426 2104 Et
2489 2046 2591 2105 est
2636 2037 2891 2106 solidus
2955 2039 3172 2117 cibus,
3226 2061 3361 2128 quo
3426 2033 3884 2127 perfectorum

2341 2143 2663 2212 fortitudo
2713 2144 3002 2235 amplius
3052 2145 3430 2213 roboretur.
3509 2140 3617 2209 Ad
3666 2138 3880 2208 Ilebr.

2340 2274 2410 2331 v,
2457 2252 2536 2317 12
2582 2275 2597 2319 :
2641 2253 2838 2319 Facti
2868 2253 3050 2332 esli5,
3106 2252 3187 2319 de
3233 2249 3672 2343 quibusdam,
3723 2245 3890 2337 qui-

2343 2356 2465 2426 bus
2497 2358 2671 2427 lacte
2707 2383 2873 2451 opus
2918 2369 3039 2441 est,
3081 2383 3213 2427 non
3256 2358 3484 2426 solido
3550 2353 3725 2423 cibo,
3770 2352 3886 2434 Et,

2339 2465 2544 2557 paulo
2591 2476 2766 2557 post,
2826 2474 2889 2543 5.
2946 2466 3078 2534 14:
3140 2468 3613 2555 Persectorum
3654 2469 3887 2528 autem

2340 2587 2436 2644 est
2472 2576 2739 2643 solidus
2764 2576 2982 2643 cibus.

2432 2685 2503 2752 Si
2537 2693 2761 2753 autem
2802 2694 3059 2777 quaerat
3095 2685 3272 2775 quis,
3315 2679 3665 2773 quomodo
3730 2699 3890 2746 cum

2341 2815 2478 2862 non
2510 2794 2646 2861 sint
2676 2793 2802 2861 nisi
2833 2793 3066 2861 decem
3095 2813 3331 2866 versus
3372 2790 3443 2856 in
3490 2797 3635 2855 toto
3694 2782 3894 2852 Psal-

2342 2925 2456 2969 mo
2497 2901 2652 2977 isto,
2687 2899 2926 2968 dicitur
2953 2899 3255 2990 digestus
3299 2919 3422 2987 per
3479 2915 3718 2961 omnes
3787 2890 3898 2957 lit-

2339 3016 2520 3076 teras
2556 3006 2916 3098 Alphnbeti
2944 3009 2981 3074 ⁰?
3013 3004 3412 3082 Dicendum.
3466 3000 3650 3094 quod
3707 2998 3899 3067 litte-

2343 3141 2434 3187 roe
2465 3140 2604 3186 uon
2662 3123 2923 3185 tantum
2990 3122 3484 3209 praeponuntur
3543 3109 3887 3190 versibus,

2343 3226 2459 3295 sed
2488 3224 2830 3303 clausulis,
2865 3228 2955 3293 ita
2994 3224 3176 3316 quod
3233 3224 3302 3291 in
3359 3230 3514 3290 octo
3579 3217 3893 3288 versibus

2343 3342 2498 3401 sunt
2541 3332 2828 3400 sedecim
2872 3355 2888 3398 :
2926 3334 2994 3399 in
3038 3330 3304 3398 duobus
3353 3336 3582 3397 autem
3623 3327 3691 3393 in
3738 3324 3898 3415 qui-

2345 3442 2472 3511 bus
2511 3448 2668 3509 sunt
2697 3463 2815 3507 sex
2862 3437 3208 3522 clausulae,
3267 3443 3427 3504 sunt
3467 3456 3613 3512 sex,
3665 3439 3731 3500 et
3804 3430 3904 3499 sic

2347 3556 2504 3617 sunt
2532 3547 2772 3639 viginti
2812 3545 2963 3614 duae
3004 3544 3267 3614 litterae.

2444 3773 2779 3842 Dividitur
2805 3782 3035 3843 autem
3065 3771 3379 3840 psalmus
3424 3771 3496 3838 in
3553 3777 3690 3838 tres
3743 3790 3903 3859 par-

2350 3891 2477 3952 tes.
2520 3878 2753 3949 Primo
2799 3879 3072 3972 quidem
3115 3877 3449 3971 promittit
3484 3876 3555 3944 in
3606 3895 3903 3966 persona

2353 3986 2689 4082 generalis
2718 3987 2908 4076 justi,
2942 3985 3161 4055 laudis
3209 3984 3733 4054 confessionem.
3770 3979 3909 4048 Se-

2353 4095 2606 4177 cunde,
2646 4096 2937 4165 ostendit
2963 4094 3185 4164 laudis
3213 4094 3576 4177 rationem,
3622 4099 3689 4160 et
3739 4111 3910 4157 cau-

2356 4229 2531 4287 sam,
2571 4203 2692 4284 ibi,
2750 4213 2811 4280 5.
2855 4208 2948 4272 2:
2994 4229 3028 4269 α
3059 4204 3322 4293 Maqna
3378 4223 3610 4293 opera.
3656 4224 3691 4264 t
3750 4197 3907 4264 Ter·

2356 4313 2478 4391 tio,
2512 4334 2598 4381 ne
2622 4311 2932 4381 videatur
2983 4309 3167 4403 quod
3212 4308 3298 4378 ad
3348 4317 3616 4399 tempus
3663 4303 3910 4375 debeat

2360 4645 2640 4706 psaumes
2668 4628 2757 4685 les
2783 4645 2914 4684 vers
2941 4625 3044 4700 qui
3095 4628 3516 4683 commencent
3554 4641 3663 4697 par
3687 4622 3911 4681 testet-

2361 4727 2484 4777 tres
2510 4732 2572 4787 2,
2599 4729 2647 4792 ι,
2668 4729 2732 4785 τι,
2764 4723 2822 4773 et
2850 4718 3046 4774 meme
3066 4728 3128 4785 n,
3164 4720 3223 4771 et
3250 4726 3316 4776 n.
3334 4716 3424 4773 On
3454 4719 3599 4790 peut
3626 4713 3914 4772 conclure

2360 4812 2434 4869 de
2465 4810 2524 4868 la
2547 4826 2685 4867 avec
2716 4826 2833 4866 nne
2848 4808 3072 4883 grande
3097 4805 3458 4881 probabilitas
3488 4821 3606 4879 que
3633 4804 3724 4863 les
3755 4804 3914 4861 deux

2363 4917 2642 4976 psaumes
2671 4906 2777 4956 ont
2806 4898 2861 4954 le
2883 4898 3077 4955 meme
3104 4902 3336 4954 auteur.
3361 4896 3505 4953 Nais
3535 4892 3677 4969 quel
3707 4899 3800 4952 est
3817 4898 3917 4951 cet

2363 4988 2619 5050 auteur?
2643 4989 2678 5046 a
2707 4988 2907 5061 quelle
2934 4991 3165 5061 epoque
3187 4984 3506 5044 ecrivait-il
3530 4985 3561 5041 7
3587 4985 3737 5042 Rieu
3759 4982 3915 5041 dans

2364 5080 2420 5137 le
2451 5083 2608 5135 texte
2637 5093 2712 5135 ne
2751 5075 3057 5148 l’indiquc.
3087 5076 3176 5133 On
3224 5075 3376 5132 croit
3420 5077 3706 5148 pout-tant
3742 5086 3909 5130 assez

2363 5170 2852 5228 communement
2879 5164 3021 5238 qu'il
3052 5165 3226 5222 vivait
3248 5182 3379 5223 vers
3407 5163 3683 5237 l’epoque
3703 5162 3785 5219 du
3815 5179 3912 5219 re·

2366 5269 2502 5318 tour
2530 5260 2602 5317 de
2634 5259 2693 5316 la
2720 5257 3015 5332 captivite.

2439 5353 2546 5409 Les
2576 5349 2854 5408 bientaits
2873 5365 2991 5423 que
3010 5347 3226 5405 chante
3257 5345 3331 5402 ici
3356 5344 3412 5400 le
3445 5342 3757 5417 psalmiste
3777 5347 3918 5401 sont

2366 5438 2833 5500 naturellement
2895 5438 2955 5495 la
3022 5439 3210 5510 figure
3259 5433 3336 5491 de
3383 5449 3537 5491 ceux
3593 5449 3710 5507 que
3767 5432 3917 5490 Dieu

2366 5531 2669 5610 preparnit
2694 5530 2844 5589 dans
2875 5530 2934 5587 la
2958 5528 3039 5585 toi
3068 5525 3364 5584 nouvelle.

3366 5708 3435 5767 n.
3469 5708 3730 5767 metu.
