5008 6329
1776 284 1863 354 D.
1912 284 2115 352 ALB.
2167 282 2384 351 MAG.
2442 282 2650 351 ORD.
2701 282 2998 351 PRAED.

772 287 900 355 546

768 459 1011 529 collata
1042 456 1442 525 hominibus
1473 457 1732 538 electis,
1767 457 1888 540 ibi,
1937 484 1973 523 α
2014 457 2332 526 Laudate

773 593 930 637 eum
956 569 1334 636 secundum
1367 570 1915 638 multitudinem.
1965 594 1998 635 n

855 677 942 745 Et
976 680 1103 745 ista
1123 678 1271 767 jam
1303 679 1788 747 subdividitur.

858 784 994 854 Sed
1032 788 1324 877 primam
1384 810 1472 856 ex
1523 799 1823 855 onamus
1876 786 1959 853 de
2024 786 2106 854 B.
2177 784 2334 850 Vir-

2538 457 2657 523 Ait
2694 457 2876 525 enim
2907 480 2921 526 ε
2971 457 3085 526 Sic
3111 458 3377 527 laudate
3408 461 3781 529 secundum
3813 463 3990 530 mul-

2441 565 2804 633 titudinem
2845 567 3352 658 magnitudiniS,
3397 576 3463 636 et
3499 570 3704 637 etiam
3758 595 3791 635 «t
3822 570 3985 638 lau-

2442 672 2604 740 date
2667 696 2821 741 eum
2888 677 2958 741 in
3030 700 3193 744 sono
3259 677 3460 757 tubae,
3533 702 3567 743 1>
3637 678 3709 743 in
3764 677 3982 745 tubali

2437 778 2926 867 Apostolorum
2993 791 3057 851 et
3102 784 3399 872 gloriosa
3462 785 3973 875 praedicatione,

764 896 945 986 gine,
2436 885 2546 951 vel
2586 886 2657 952 in
2693 887 2911 977 gloria
2941 890 3284 980 Apostolis
3326 892 3597 971 collata,
3658 894 3775 983 qui
3836 892 3982 960 fue-

846 1004 964 1071 Ait
1002 1002 1185 1070 enim
1220 1022 1235 1069 ε
1286 1000 1402 1067 Sic
1432 1000 1602 1082 dixi,
1644 998 1830 1089 quod
1864 997 2157 1067 laudetis
2189 997 2326 1064 Do-
2438 1001 2597 1059 runt
2634 1016 2843 1060 sonus
2876 996 3058 1063 tubae
3086 1019 3100 1063 ε
3137 998 3314 1065 unde
3345 1007 3409 1065 et
3438 1022 3562 1089 per
3591 998 3787 1067 tubas
3816 1007 3977 1067 sunt

765 1113 1029 1178 minum
1070 1111 1138 1175 in
1170 1108 1422 1176 sanctis
1463 1108 1636 1196 ejus,
1681 1116 1747 1175 et
1777 1107 2054 1197 incipite
2080 1105 2323 1173 lauda·
2433 1099 2767 1191 designati
2798 1103 3500 1193 principalioresinter
3526 1106 3972 1176 eos‚Numer.

767 1241 838 1285 re
889 1239 1014 1307 pro
1081 1215 1300 1305 gloria
1357 1213 1630 1282 Mariae:
1694 1215 1901 1295 unde,
1957 1242 1991 1279 α
2038 1214 2322 1282 laudate
2430 1231 2498 1285 x,
2534 1209 2571 1274 2
2617 1232 2633 1276 :
2697 1210 2839 1277 Fac
2892 1211 3020 1278 libi
3084 1211 3259 1279 duas
3325 1213 3527 1281 tubas
3582 1226 3965 1305 arqenteas.

760 1345 918 1392 eum
949 1323 1019 1389 in
1049 1322 1489 1411 firmamento
1521 1323 1800 1389 virtutis
1856 1320 2035 1411 ejus.
2071 1347 2104 1384 »
2166 1320 2320 1411 Ipsa
2436 1315 2584 1399 Vel,
2619 1317 2904 1407 quilibet
2930 1321 3133 1387 etiam
3175 1343 3437 1404 eorum,
3472 1322 3632 1412 quia
3668 1323 3738 1389 in
3767 1321 3969 1390 bina-

763 1433 943 1500 enim
982 1432 1231 1499 dicitur
1283 1432 1834 1520 firmamentum,
1887 1430 2221 1498 Ezechiel.
2267 1452 2311 1506 1,
2429 1424 2529 1490 rio
2561 1447 2848 1493 numero
2879 1427 3066 1494 missi
3098 1436 3254 1495 sunt
3294 1428 3378 1496 ad
3434 1429 3965 1520 praedicandum,

760 1542 844 1609 26
881 1543 1024 1609 :Et
1074 1563 1283 1632 snper
1333 1542 1859 1629 firmamentum
1915 1540 2107 1629 qnod
2169 1547 2315 1605 erat
2425 1530 2601 1597 sicut
2645 1531 2806 1599 dicit
2853 1531 3095 1601 Glossa
3135 1557 3338 1626 super
3374 1536 3795 1604 Matthaeum.
3854 1539 3962 1622 Et,

754 1648 1117 1713 imminens
1154 1648 1370 1737 capiti
1421 1668 1684 1723 eorum,
1739 1645 1999 1712 scilicet
2054 1645 2314 1712 anima·
2423 1635 2587 1705 LUC-
2625 1661 2691 1715 x,
2742 1641 2769 1705 1
2812 1661 2827 1705 ἰ
2863 1642 3058 1709 Misit
3089 1643 3250 1710 illos
3279 1643 3471 1712 binos
3523 1654 3679 1711 ante
3713 1647 3969 1735 faciem

751 1756 945 1832 lium,
998 1755 1200 1845 quasi
1256 1752 1616 1844 adspectus
1657 1752 1918 1843 lapidis
1960 1752 2304 1843 sapphiri.
2418 1765 2647 1809 Suam·
2684 1743 2770 1812 Et
2796 1744 2926 1814 hoc
2964 1755 3039 1815 ut
3103 1748 3447 1817 charitatis
3507 1751 3829 1840 perfectio
3869 1756 3969 1821 si-

749 1861 835 1929 Et
870 1869 969 1929 est
1001 1861 1512 1928 firmamentum
1552 1860 1851 1940 virtutiS,
1896 1860 2055 1949 quia
2088 1859 2311 1926 omni-
2419 1860 2766 1942 guaretur,
2800 1855 2971 1923 sicut
3003 1856 3159 1925 dicit
3192 1857 3427 1927 beatus
3476 1859 3871 1953 Gregorius.

747 1970 875 2038 bus
905 1969 1054 2037 aliis
1078 1971 1146 2036 in
1177 1969 1307 2037 lide
1339 1968 1819 2037 haesitantibus
1842 1968 1911 2035 in
1941 1967 2114 2036 hora
2142 1991 2307 2058 pas-

745 2077 982 2154 sionis,
1028 2079 1174 2166 ipsa
1213 2075 1507 2166 perstitit
1527 2084 1885 2165 tamquam
1914 2075 2166 2143 virtute
2197 2073 2307 2140 lir-

749 2195 950 2253 mata.
987 2184 1148 2253 Luc.
1187 2208 1233 2267 1,
1259 2187 1344 2253 33
1383 2207 1398 2253 ε
1440 2185 2032 2252 Virtus-Altissimi
2060 2182 2301 2252 obum-

748 2295 973 2365 brabit
1003 2295 1154 2363 tibi.

2509 2096 2543 2131 «
2578 2071 2889 2138 Laudate
2924 2095 3079 2139 eum
3120 2074 3189 2140 in
3238 2074 3597 2165 psalterio,
3645 2102 3679 2140 »
3721 2076 3792 2144 id
3830 2085 3955 2156 est,

2412 2186 2693 2267 propter
2726 2178 3016 2269 gloriam
3082 2179 3187 2248 his
3244 2183 3359 2273 qui
3401 2205 3520 2273 per
3554 2183 3955 2275 psalterium

2411 2283 2879 2375 designantur,
2911 2285 3249 2358 collatam.
3283 2288 3579 2368 Quinam
3617 2302 3777 2360 sunt
3813 2292 3951 2372 isti,

2412 2392 2544 2459 nisi
2596 2397 2811 2463 sancti
2868 2395 3315 2487 Evangelistae
3372 2399 3453 2467 de
3519 2400 3824 2492 agendis,
3887 2410 3955 2470 et

2412 2500 2718 2569 moribus
2781 2503 3049 2594 plenius
3115 2506 3521 2575 instruentes
3559 2509 3594 2575 ⁸?
3650 2507 3799 2577 Hoc
3851 2517 3953 2577 est

2410 2608 2833 2698 psalterium,
2869 2611 2938 2678 in
2979 2634 3112 2702 quo
3159 2612 3433 2704 fugatur
3468 2615 3810 2684 daemons.

835 2536 868 2576 «t
909 2509 1227 2578 Laudate
1262 2533 1420 2577 enm
1489 2511 1560 2577 in
1614 2508 1990 2578 virtutibus
2046 2512 2224 2601 ejus.
2263 2535 2297 2573 »

745 2617 893 2685 lloc
943 2616 1028 2683 ad
1069 2616 1364 2707 gloriam
1423 2615 1850 2708 Angelorum
1889 2618 2202 2707 pertinet,
2238 2625 2304 2684 et

734 2732 837 2792 est
865 2724 1277 2814 expositum.

2500 2847 2535 2887 e
2567 2824 2662 2890 Et
2689 2824 2982 2909 cithara,
3018 2850 3051 2891 n
3096 2825 3162 2894 id
3191 2837 3315 2909 est,
3348 2853 3471 2920 pro
3511 2831 3731 2921 gloria
3784 2854 3949 2899 san-

830 2964 863 3001 «
910 2936 1224 3005 Laudate
1251 2958 1409 3003 eum
1444 2935 1827 3004 secundum
1884 2938 2297 3007 mulcandi..
2403 2929 2529 2997 ctis
2577 2929 3057 3002 Innocentibus
3111 2934 3377 3004 collata.
3430 2936 3706 3006 Cithara
3758 2942 3943 3008 enim

738 3066 915 3110 nem.
963 3068 998 3105 ω
1032 3042 1160 3110 llic
1187 3064 1313 3133 pro
1337 3041 1561 3134 gloria
1597 3042 1831 3112 electis
1895 3043 2292 3114 hominibus
2401 3036 2790 3108 dulcissime
2846 3049 3093 3110 sonat:
3188 3044 3351 3134 quid
3406 3044 3669 3114 dulcius
3733 3070 3941 3138 quam

736 3149 980 3219 collata
1007 3173 1022 3219 ;
1078 3158 1144 3218 et
1174 3149 1500 3219 dividitur
1528 3148 1678 3219 haec
1716 3175 1873 3243 pars
1912 3153 2289 3223 secundum
2399 3145 2682 3213 omnino
2714 3145 3105 3217 innocentes
3135 3172 3255 3240 pro
3278 3151 3558 3219 omnino
3581 3153 3941 3225 innocente

734 3257 1139 3326 divisionem
1196 3255 1619 3326 electorum:
1667 3258 1848 3327 unde
1889 3282 2013 3350 pro
2070 3259 2289 3351 gloria
2394 3254 2597 3330 mori,
2631 3260 2697 3320 et
2728 3253 2948 3322 eidem
2996 3257 3462 3325 testimonium
3511 3258 3868 3350 perhibere
3904 3264 3941 3331 ⁴?

730 3365 981 3433 sanctis
1023 3363 1435 3432 l‘atriarchis
1501 3367 1835 3456 exposita,
1901 3366 1968 3433 in
2037 3366 2286 3458 quibus
2393 3356 2588 3426 Unde
2672 3359 2753 3428 do
2839 3361 2999 3452 ipsis
3092 3362 3571 3434 Innocentibus
3662 3368 3931 3453 dicitur,

733 3471 980 3538 relucet
1038 3470 1404 3539 multitudo
1473 3472 1968 3564 magnitudinis
2034 3473 2283 3543 divinae
2389 3466 2674 3557 Apocal·
2711 3492 2850 3548 xlv,
2883 3473 2922 3537 2
2976 3480 3041 3539 et
3092 3495 3284 3564 seq.:
3343 3477 3439 3542 Et
3469 3499 3689 3545 vocem
3720 3501 3932 3570 quam

730 3578 1072 3648 bonitatis.
1109 3578 1242 3670 lpsi
1274 3579 1461 3647 enim
1518 3579 1793 3648 fuerunt
1839 3579 1994 3649 fidei
2034 3581 2285 3651 funda·
2387 3573 2655 3658 andivi»
2694 3577 2873 3643 Sicu!
2926 3578 3452 3648 Citharaedorum
3507 3584 3931 3652 citharizan·

727 3697 903 3755 tores
937 3709 952 3756 ε
989 3686 1298 3755 Christus
1327 3687 1514 3754 enim
1567 3686 1651 3755 de
1708 3689 1806 3755 eis
1845 3711 2122 3757 carnem
2166 3712 2280 3758 as-

721 3795 1033 3883 sumpsit,
1075 3795 1172 3861 eis
1221 3793 1715 3883 promissiones
1781 3794 1962 3878 feeit,
2018 3797 2204 3886 ipsos
2239 3819 2279 3865 a

725 3899 936 3968 limbo
977 3899 1236 3979 eduxit,
1272 3908 1338 3967 et
1370 3901 1440 3968 in
1469 3899 1721 3968 coelum
1753 3901 2094 3991 perduxit.
2144 3902 2276 3973 Se-

718 4006 1018 4075 cundum
1049 4005 1223 4075 hauc
1253 4030 1420 4098 ergo
1452 4008 1948 4098 magnitudinis
1970 4010 2271 4077 multitu·

717 4114 944 4183 dinem
977 4113 1355 4182 laudandus
1385 4123 1511 4183 est.
1546 4115 1658 4182 Sic
1676 4113 1994 4185 laudabat
2022 4118 2267 4202 David,

716 4220 742 4286 1
777 4221 1001 4289 l‘ural.
1044 4243 1233 4299 xxix,
1272 4222 1351 4288 10
1382 4229 1450 4289 et
1487 4243 1632 4311 seq.
1672 4242 1690 4288 t
1723 4223 2090 4292 Benedizit
2131 4224 2272 4292 Da-

713 4327 828 4395 vid
891 4330 1189 4396 Domino
1255 4349 1487 4395 coram
1566 4329 1886 4398 universa
1950 4331 2270 4401 multitu·

710 4434 892 4513 dine,
951 4443 1015 4502 et
1078 4433 1179 4500 ait
1210 4456 1232 4500 .·
1314 4431 1726 4502 Benedictus
1805 4458 1897 4515 es,
1974 4439 2269 4508 Domine

710 4544 896 4611 Dens
958 4540 1202 4619 Israel,
1281 4541 1510 4632 patris
1560 4544 1806 4629 nostri,
1867 4543 1954 4612 ab
2014 4556 2264 4614 aeterno

709 4650 779 4714 in
833 4657 1184 4715 aeternum.
1233 4649 1378 4715 Tua
1405 4658 1525 4724 est,
1571 4650 1890 4730 Domine,
1931 4654 2266 4743 maqnifi-

708 4755 952 4835 centia,
983 4762 1049 4821 et
1078 4755 1414 4844 potentia,
1474 4765 1538 4822 et
1575 4755 1837 4847 ylaria,
1880 4767 2088 4850 atque
2154 4761 2263 4827 vi-

706 4861 961 4928 ctoria:
998 4860 1127 4928 tibi
1183 4860 1472 4933 laus...
1526 4864 1597 4930 in
1629 4886 1845 4933 manu
1887 4874 2009 4934 tua
2043 4867 2260 4936 virtus

707 4980 771 5037 et
790 4972 1123 5060 potentia.

795 5201 828 5241 «t
862 5178 1177 5248 Laudate
1221 5203 1377 5247 enm
1447 5183 1517 5249 in
1563 5205 1756 5250 sono.
1819 5209 1853 5250 n
1928 5184 2057 5253 llic
2128 5207 2251 5276 pro

702 5283 919 5374 gloria
956 5286 1199 5356 collata
1265 5288 1617 5380 Apostolis
1682 5291 1927 5361 invitat
1965 5293 2051 5362 ad
2098 5293 2253 5362 lau-

705 5391 1027 5462 dandum.

776 5621 796 5660 ¹
817 5622 902 5683 CI.
931 5625 1115 5703 meg.
1146 5641 1260 5700 ιη,
1292 5631 1383 5698 23,
1410 5630 1485 5690 de
1513 5632 1744 5693 cithara
1772 5634 1978 5697 David.

2385 3681 2562 3748 tium
2585 3683 2655 3749 in
2676 3682 2958 3751 citharis
2982 3686 3151 3753 suis.
3192 3688 3288 3755 Et
3324 3688 3697 3758 cantabant
3725 3693 3930 3783 quasi

2382 3789 2724 3857 canticum
2755 3813 3120 3872 novum‚...
3164 3805 3227 3861 et
3263 3818 3457 3864 nemo
3488 3808 3765 3888 poterat
3813 3799 3924 3867 di-

2380 3917 2524 3961 cere
2550 3897 2917 3981 canticnm,
2948 3899 3086 3965 nisi
3137 3899 3266 3966 illa
3322 3912 3588 3970 eentum
3626 3905 3930 3995 quadra·

2374 4003 2578 4091 qinta
2606 4013 2906 4094 quatuor
2952 4005 3184 4074 millia
3239 4010 3362 4099 qui
3396 4014 3610 4101 empti
3641 4023 3806 4081 sunt
3843 4014 3929 4082 de

2377 4120 2561 4178 terra
2744 4113 3038 4204 vir-qines
3056 4117 3234 4183 enim
3260 4126 3443 4186 sunt.
3478 4118 3586 4199 Et,
3629 4143 3745 4206 κν,
3789 4124 3831 4190 2
3859 4131 3928 4192 et

2376 4218 2416 4286 3
2453 4239 2468 4286 ε
2507 4218 2843 4288 Habentes
2904 4221 3204 4291 citharas
3249 4226 3403 4302 Dei,
3446 4236 3511 4294 et
3572 4238 3927 4298 cantantes

2374 4328 2721 4396 canticum
2750 4329 3000 4418 Moysi,
3038 4334 3217 4400 servi
3254 4335 3409 4420 Dei,
3450 4345 3515 4402 et
3577 4337 3924 4407 canticum

2370 4434 2583 4526 Aqni,
2626 4443 2755 4504 etc.

2462 4795 2496 4831 α
2537 4769 2854 4837 Laudate
2880 4793 3035 4839 eum
3083 4773 3151 4840 in
3193 4781 3549 4866 tympano,
3583 4803 3617 4839 n
3681 4776 3750 4846 id
3779 4785 3905 4859 est,

2364 4896 2488 4965 pro
2527 4883 2881 4969 tympano,
2923 4876 3056 4948 hoc
3093 4887 3217 4966 est,
3260 4903 3383 4972 pro
3414 4881 3705 4976 collegio
3736 4884 3913 4954 Mar-

2363 4989 2621 5073 tyrum,
2706 4985 2822 5076 qui
2879 4985 3053 5055 sicut
3118 4996 3521 5080 tympanum
3577 4994 3909 5086 martyrio

2361 5097 2520 5157 sunt
2561 5092 3120 5162 extensi.Jerem.
3164 5117 3354 5174 xxxi,
3390 5097 3430 5164 4
3476 5120 3493 5167 ε
3549 5099 3750 5189 Vir-qo
3797 5100 3910 5167 Is-

2359 5197 2532 5276 rael,
2565 5199 2795 5267 adhuc
2821 5200 3170 5270 ornaberis
3200 5208 3551 5296 tympanis
3579 5207 3744 5275 tuis.

2448 5434 2484 5472 α
2513 5409 2610 5478 E't
2637 5408 2863 5492 choro,
2918 5435 2951 5477 ι
2987 5410 3055 5480 id
3083 5420 3203 5491 est,
3247 5435 3372 5507 pro
3409 5413 3628 5506 gloria
3657 5416 3905 5488 collata
