5008 6329
1809 469 2517 544 COMMENTARIUS
2567 472 2659 537 IN
2710 467 3147 536 PSALMUM
3200 464 3503 534 CXLIII.

1048 640 1228 707 sitio.
1294 640 1633 726 Secunde,
1709 645 2186 714 determinatio
2262 640 2597 730 composi·

1045 750 1278 836 tioniS,
1340 761 1403 820 et
1453 763 1759 836 ornatus,
1831 755 1951 837 ibi,
2016 781 2050 818 «
2107 754 2595 821 Circnmorna-

1047 866 1154 924 tae.
1195 883 1227 923 a
2083 838 2098 845 ’

1138 966 1316 1035 Dicit
1365 991 1577 1059 ergo:
1627 969 1739 1036 Sic
1767 968 1887 1034 filii
1954 987 2219 1048 eorum,
2271 973 2393 1030 et«
2423 962 2592 1051 filiae

1045 1096 1280 1141 eorum
1313 1100 1346 1140 ι)
1381 1083 1538 1143 sunt
1571 1103 1602 1138 c<
1645 1073 2058 1164 compositae,
2098 1098 2129 1135 r>
2181 1071 2249 1138 id
2315 1079 2439 1154 est,
2475 1092 2594 1137 or-

1044 1188 1218 1249 natae
1249 1183 1423 1250 sicut
1465 1178 1759 1262 Jezabel‚
1802 1178 1898 1247 IV
1952 1179 2117 1270 Reg.
2153 1202 2250 1259 lx,
2285 1180 2367 1246 30
2414 1200 2429 1245 ε
2471 1179 2594 1245 Je-

1041 1288 1318 1360 zabel...
1385 1290 1698 1383 depinxit
1745 1288 1979 1356 oculos
2032 1311 2192 1356 suos
2241 1285 2470 1369 stibio,
2531 1294 2595 1352 et

1043 1400 1318 1465 ornavit
1354 1407 1560 1488 caput
1595 1420 1830 1465 suum.

1136 1532 1173 1570 α
1213 1507 1770 1588 Circumornatae,
1818 1530 1850 1571 ι
1883 1514 1949 1572 et
1988 1506 2058 1571 in
2099 1502 2383 1593 capilliS‚
2420 1510 2486 1569 et
2525 1502 2594 1566 in

1043 1613 1288 1701 capite,
1347 1637 1379 1677 e
1435 1623 1510 1679 ut
1552 1612 1942 1680 similitudo
2011 1609 2276 1701 templi,
2324 1634 2355 1673 »
2427 1629 2592 1674 auro

1043 1720 1298 1788 scilicet
1335 1729 1401 1787 et
1446 1722 1699 1804 sericiS,
1771 1720 2018 1812 quibus
2086 1726 2366 1786 ornatur
2420 1723 2593 1783 tem-

1042 1827 1258 1917 plum.
1295 1826 1322 1893 l
1365 1828 1447 1895 ad
1467 1827 1764 1896 Timoth.
1809 1851 1881 1906 11,
1909 1828 1949 1894 9
1985 1849 2002 1890 ι
2033 1826 2370 1894 Ornantes
2395 1832 2596 1902 se,.et

1041 1957 1178 2002 non
1208 1937 1279 2002 in
1309 1937 1507 2003 tortis
1526 1934 1853 2013 crinibuS,
1875 1943 1939 2001 et
1954 1956 2152 2016 auro,
2177 1943 2301 2001 aut
2321 1954 2566 2021 marqa
2581 1968 2598 1981 ·

1042 2042 1220 2121 ritis,
1247 2042 1357 2109 vel
1375 2051 1550 2110 veste
1571 2042 1897 2133 pretiosa.
1920 2040 2104 2108 Talis
2121 2040 2302 2109 enim
2326 2037 2593 2105 Christo

1040 2171 1222 2217 vana
1268 2157 1393 2219 est.
1443 2148 1694 2217 Jerem.
1749 2172 1841 2228 ιν,
1888 2148 1973 2216 30
2010 2170 2024 2215 :
2067 2149 2243 2217 Cum
2295 2146 2596 2212 vestieris

1039 2266 1104 2323 te
1139 2258 1427 2333 coccino,
1472 2280 1627 2326 cum
1657 2265 1903 2325 ornata
1931 2256 2155 2347 fueris
2185 2254 2433 2321 monili
2472 2276 2594 2320 au·

1037 2389 1175 2445 reo,
1209 2376 1272 2433 et
1310 2367 1656 2434 ornaveris
1681 2364 1885 2433 stibio
1923 2364 2155 2431 oculos
2185 2373 2360 2442 tuoS,
2428 2363 2593 2451 sru-

1032 2482 1178 2541 stra
1209 2473 1808 2566 componeristo
1826 2472 2157 2541 damnosa
2177 2470 2586 2561 frequenter,

4139 460 4278 528 49?

2708 661 2873 706 mos.
2930 637 3029 704 Ita
3083 634 3453 725 aliquando
3515 636 3853 704 malorum
3922 632 4273 701 abundant

2707 747 2952 815 horrea
3018 755 3085 814 et
3142 746 3440 824 cellaria,
3524 748 3698 814 sicut
3781 754 3847 814 et
3895 745 4264 833 justorum,

2708 856 2954 947 quibus
3002 854 3275 933 dicitur,
3341 854 3670 921 Proverb.
3727 877 3826 936 ιιι,
3898 854 3936 921 9
3988 861 4056 920 et
4124 851 4205 919 10
4251 872 4266 917 :

2705 965 2988 1031 Honora
3028 965 3415 1031 Dominum
3455 962 3539 1028 de
3568 971 3693 1028 tua
3745 959 4164 1037 substantia,
4207 968 4271 1024 et

2706 1072 2788 1138 de
2823 1072 3165 1162 primitiis
3229 1071 3528 1160 sruqum
3577 1078 3861 1135 tuarum
3919 1066 4011 1133 da
4057 1067 4145 1146 ei,
4200 1065 4269 1131 in

2704 1201 2998 1268 persona
3027 1198 3410 1267 pauperum
3448 1197 3463 1243 ε
3502 1184 3566 1242 et
3605 1174 4078 1266 implebuntur
4106 1172 4269 1238 lior·

2706 1309 2821 1353 rca
2852 1296 2973 1352 tua
3001 1285 3396 1360 saturitate,
3441 1294 3506 1351 et
3543 1285 3700 1350 vino
3733 1283 4115 1351 torcularia
4147 1290 4269 1348 tua

2703 1391 3215 1460 redundabunt.
3281 1391 3573 1481 Propter
3631 1389 3762 1459 hoc
3801 1389 4071 1472 dicitur,
4104 1388 4265 1466 Job‚

2703 1524 2823 1580 xu,
2881 1502 2977 1569 6:
3030 1500 3415 1569 Abundant
3481 1499 3931 1568 tabernacula
3988 1497 4272 1587 praedo-

2703 1632 2896 1689 num,
2932 1621 2994 1675 et
3070 1609 3406 1676 audacter
3446 1617 3826 1699 provocant
3869 1611 4120 1676 Deum.
4184 1604 4269 1673 Et

2704 1740 2962 1799 rursuS,
3006 1740 3147 1800 xxi,
3184 1720 3220 1783 Ἰ
3271 1740 3287 1784 :
3321 1717 3688 1787 Sublevali
3713 1728 3900 1798 sunt,
3924 1720 4270 1809 conforta-

2706 1825 2888 1915 tique
2918 1824 3208 1893 divitiis.

2797 1956 2830 1996 α
2865 1934 3309 2011 Eructantia,
3348 1959 3382 1997 »
3415 1956 3559 2025 prae
3581 1935 3795 2003 nimia
3815 1934 4262 2026 plenitudine,

2707 2062 2740 2103 α
2773 2060 2859 2106 ex
2899 2040 3025 2106 lcoc
3063 2041 3136 2107 in
3167 2040 3378 2108 illud.
3421 2067 3453 2108 ιι
3512 2041 3765 2112 Jerem.
3825 2066 3895 2124 v,
3945 2045 4027 2110 27
4065 2066 4080 2110 ε
4131 2045 4269 2112 Do-

2701 2170 2856 2216 mus
2883 2172 3114 2217 eorum
3138 2152 3368 2242 plenae
3396 2151 3585 2232 dolo,
3642 2152 3707 2221 id
3747 2162 3873 2231 est,
3909 2151 4111 2222 rebus
4143 2176 4265 2243 per

2702 2254 2936 2323 dolum
2967 2258 3343 2348 acquisitiS,
3376 2258 3487 2327 vel
3529 2258 3601 2326 in
3631 2258 3789 2329 dolo
3823 2260 4126 2329 retentiS.

2794 2492 2828 2532 α
2866 2467 3035 2536 Oves
3055 2490 3316 2537 eorum.
3349 2496 3384 2533 n
3410 2469 3539 2538 Hic
3580 2471 3883 2562 tangitur
3900 2470 4265 2540 abundan-

1036 2584 1198 2674 quia
1227 2606 1379 2651 raro
1413 2584 1484 2651 sit
1515 2586 1678 2674 quin
1713 2583 1829 2650 liat
1861 2591 1933 2650 ut
1966 2582 2253 2649 infirmis
2283 2581 2369 2647 sit
2390 2602 2592 2646 scan-
2698 2576 2789 2643 tia
2855 2574 3219 2644 mobilium
3296 2581 3739 2656 exteriorum,
3805 2580 4033 2670 qualia
4104 2590 4265 2649 sunt

1034 2690 1293 2768 dalum,
1328 2699 1394 2760 et
1443 2694 1660 2759 ruina.
1709 2690 1839 2758 lsa.
1893 2712 1992 2773 ιιι,
2036 2691 2111 2756 16
2166 2697 2232 2756 et
2271 2690 2342 2754 Π
2389 2709 2405 2754 z
2448 2689 2588 2754 Pro
2697 2704 2885 2761 ovea,
2956 2692 3022 2750 et
3089 2684 3327 2752 boves,
3391 2685 3588 2754 Unde
3649 2688 3900 2776 prime,
3963 2687 4262 2757 ostendit

1032 2818 1107 2863 eo
1148 2795 1341 2886 qnod
1373 2797 1651 2864 elevatae
1688 2804 1850 2863 sunt
1874 2794 2050 2883 filice
2088 2794 2283 2872 Sion,
2332 2802 2396 2860 et
2433 2813 2589 2858 am-
2694 2785 3081 2856 felicitatem
3123 2799 3463 2881 quantum
3494 2790 3580 2859 ad
3605 2814 3872 2883 greges.
3912 2791 4257 2875 Secundo,

1035 2899 1449 2971 bulaverunt
1485 2912 1752 2971 extento
1784 2902 1993 2985 collo,
2037 2909 2100 2968 et
2120 2898 2402 2968 nulibus
2432 2921 2586 2966 ocu·
2694 2906 3028 2985 quantum
3058 2898 3144 2965 ad
3198 2908 3538 2979 armenta,
3612 2898 3728 2979 ibi,
3763 2907 3828 2976 5!-
3887 2900 3968 2967 14
4003 2923 4018 2968 ι
4060 2927 4098 2968 α
4129 2903 4264 2969 Βο-

1034 3011 1260 3079 lorum
1294 3011 1599 3089 iban!‚...
1642 3020 1707 3079 et
1760 3011 2136 3102 composito
2191 3007 2422 3099 qradu
2485 3007 2586 3073 in-
2692 3025 2801 3072 ves
2828 3027 3064 3073 eorum
3094 3028 3365 3075 crassae.
3409 3032 3442 3073 ι

1030 3117 1357 3188 cedebant
1386 3143 1410 3189 .·
1458 3118 1849 3189 decalvabit
1904 3118 2243 3187 Dominus
2274 3115 2583 3183 verticem
2781 3111 2959 3182 Dicit
2988 3136 3151 3206 ergo
3191 3137 3206 3183 ε
3245 3140 3279 3182 ιι
3319 3115 3492 3185 Oves
3521 3138 3758 3185 eorum
3798 3120 4084 3210 foetosae,
4119 3145 4149 3184 ι
4196 3117 4261 3188 id

1026 3227 1348 3316 filiarum
1403 3229 1591 3298 Sion.
1659 3227 1914 3297 [petr.
1963 3249 2061 3306 ιιι,
2105 3227 2204 3294 3:
2271 3227 2582 3310 Quarum
2689 3228 2814 3303 est,
2885 3220 3241 3292 l'oecundae.
3315 3222 3432 3292 Sic
3502 3223 3771 3295 Glossa.
3845 3224 4179 3317 Sequitur
4240 3249 4257 3295 ε

1028 3338 1285 3407 nonsit
1321 3339 1736 3405 extrinsecus
1782 3333 2238 3427 capillatura,
2288 3342 2411 3400 atet
2454 3333 2583 3400 cir·

1028 3447 1380 3517 cumdatio
1428 3448 1611 3527 auri,
1646 3456 1770 3516 aut
1801 3444 2187 3514 indumenti
2233 3444 2583 3511 vestimen-

1030 3565 1256 3624 torum
1312 3556 1563 3624 cultus.

1126 3896 1159 3931 ιι
1194 3867 1693 3959 Promptum-ia
1765 3888 2024 3934 eorum.
2070 3892 2103 3928 υ
2164 3860 2290 3932 llic
2345 3885 2573 3933 secun·

1032 3974 1223 4055 dum,
1267 3976 1336 4043 in
1363 3997 1498 4066 quo
1538 3983 1812 4043 ostensa
1859 3972 2291 4042 l'oecunditate
2334 3971 2401 4039 in
2429 3993 2582 4063 pro·

1031 4083 1119 4167 le,
1162 4082 1345 4150 addit
1387 4082 1468 4150 de
1499 4081 1915 4151 abundantia
1945 4081 2012 4149 in
2040 4079 2393 4171 temporali
2425 4102 2578 4170 pos·

1028 4196 1355 4265 sessione.
1391 4193 1648 4271 Primo,
1694 4194 1761 4261 in
1794 4192 2187 4262 mobilibus,
2235 4190 2575 4273 Secundo,

1029 4304 1099 4375 in
1164 4303 1660 4389 immobilibuS,
1731 4301 1850 4385 ibi,
1899 4305 1969 4371 in
2029 4303 2255 4373 medio
2310 4310 2375 4380 5.
2435 4303 2572 4372 ¹4:

1028 4438 1062 4479 ιι
1106 4412 1258 4482 Non
1287 4422 1384 4481 est
1413 4413 1643 4480 ruina.
1689 4438 1721 4477 n

1114 4521 1193 4589 In
1257 4521 1477 4613 prima
1562 4519 1723 4589 duo.
1821 4517 2087 4604 Primo,
2164 4517 2578 4589 abundantia

1023 4626 1385 4698 mobilium
1425 4627 1852 4696 interiorum.
1902 4624 2246 4705 Secundo,
2290 4627 2579 4695 exterio·

1022 4757 1202 4816 rum,
1238 4733 1357 4816 ibi,
1403 4760 1438 4801 e
1485 4733 1655 4803 Oves
1686 4755 1947 4805 eorum.
1993 4760 2028 4799 n

1113 4843 1192 4911 ln
1246 4843 1471 4935 prima
1520 4841 1683 4911 duo.
1721 4842 1981 4924 Primo,
2015 4841 2318 4934 tangitur
2344 4841 2575 4911 mobi-

1023 4954 1194 5025 lium
1252 4955 1655 5025 interiorum
1714 4955 2153 5024 abundantia.
2227 4953 2570 5034 Secunde,

1025 5063 1463 5135 abundantiae
1502 5062 1962 5145 vehementia,
1996 5062 2117 5144 ibi,
2160 5091 2194 5127 α
2231 5062 2576 5132 Erue-ton-

1028 5175 1153 5243 tia.
1192 5198 1227 5240 ι

1116 5283 1296 5352 Dicit
1326 5303 1489 5373 ergo
1531 5300 1548 5349 ε
1595 5279 1709 5348 Sic
1746 5288 2236 5373 prosperantur
2280 5282 2347 5348 in
2388 5280 2570 5360 filiis,

1027 5400 1095 5462 et
1148 5390 1442 5472 filiabus,
1517 5397 1583 5458 et
1626 5392 1833 5458 etiam
1914 5416 1949 5457 e
1982 5390 2496 5484 promptuaria,
2536 5418 2569 5453 »

1024 5499 1177 5569 loca
1206 5498 1293 5569 ad
1349 5497 1817 5590 reponendum
1871 5498 2217 5580 victualia,
2271 5522 2305 5565 ι
2337 5519 2571 5566 eorum

1019 5605 1327 5701 plena,·»
1397 5607 1649 5692 tritico,
1695 5605 1884 5686 vinc,
1945 5612 2012 5674 et
2062 5604 2336 5687 talibus,
2403 5606 2577 5674 sicut

1026 5716 1237 5802 illius,
1264 5716 1382 5807 qui
1411 5715 1697 5798 dicebat,
1752 5714 1914 5784 Luc.
1969 5737 2090 5793 xii,
2119 5716 2200 5783 19
2234 5735 2251 5785 ε
2294 5715 2576 5798 Anima,

1023 5823 1231 5895 habes
1258 5821 1488 5892 multa
1528 5822 1702 5892 bona
1735 5825 1966 5916 posita
2005 5824 2075 5891 in
2107 5845 2322 5891 annos
2353 5823 2582 5915 pluri-

1293 5972 1412 6015 XVI!

2693 3357 2726 3392 «
2776 3327 3225 3399 Abundantes
3262 3332 3357 3407 ‚in
3413 3331 3793 3423 egressibus
3843 3334 4015 3418 suia,
4093 3359 4128 3401 ι
4190 3335 4262 3403 in

2686 3438 2959 3507 foetibus
3023 3441 3139 3531 qui
3191 3440 3276 3509 ab
3325 3441 3423 3509 eis
3482 3442 3949 3534 egrediuntur.
4006 3443 4256 3513 Genes.

2687 3569 2833 3629 xm,
2877 3549 2917 3615 5
2953 3569 2969 3614 ε
3012 3549 3226 3616 Lot...
3257 3550 3553 3640 suerunt
3601 3573 3841 3642 qreqes
3894 3552 4153 3638 ovium,
4197 3562 4264 3621 et

2688 3667 3026 3741 armenta,
3068 3666 3132 3725 et
3190 3657 3669 3729 tabernacula.
3713 3660 3875 3743 Joh,
3936 3684 4078 3745 xxx,
4118 3663 4199 3731 10
4240 3686 4256 3733 ε

2686 3768 2824 3834 Bos
2879 3789 3114 3835 eorum
3153 3770 3488 3860 concepit,
3529 3779 3595 3837 et
3640 3793 3777 3840 non
3807 3769 4161 3855 abortivit,
4195 3782 4261 3840 et

2687 3875 2884 3944 vinea
2911 3898 3147 3974 eoram
3177 3899 3316 3946 non
3355 3887 3457 3946 est
3485 3881 3773 3970 privata
3800 3880 3977 3970 soetu
4013 3903 4162 3949 suo.

2779 4229 2811 4264 «ι
2862 4201 3078 4269 Boves
3104 4223 3345 4270 eorum
3388 4224 3658 4271 crassae.
3693 4230 3725 4266 ι»
3766 4201 3937 4273 Ecce
3967 4202 4253 4274 felicitas

2687 4318 3017 4400 quantum
3051 4309 3137 4378 ad
3157 4317 3496 4380 armenta.
3524 4309 3627 4381 lta
3648 4334 3889 4381 crassae
3918 4313 4095 4383 sicut
4116 4311 4250 4381 illae

2687 4442 2855 4510 quas
2884 4418 3161 4488 videbat
3186 4418 3462 4490 Pharao
3492 4421 3864 4492 ascendere
3901 4421 3985 4492 de
4017 4422 4255 4494 ssumi-

2684 4551 2794 4596 ne.
2829 4527 3078 4598 Genes.
3126 4552 3263 4611 xm,
3333 4531 3426 4597 2:
3471 4529 3944 4600 Ascendebant
3996 4541 4252 4625 septem

2685 4631 2878 4701 boves
2897 4633 3238 4727 pulclirae‚
3282 4645 3346 4702 et
3381 4657 3627 4705 crassae
3654 4638 3889 4706 nimis,

2778 4872 2812 4913 «
2843 4845 2997 4916 Non
3027 4856 3126 4914 est
3185 4847 3396 4916 ruina
3442 4848 3780 4919 maceri-2.
3824 4847 3955 4920 llic
3992 4860 4095 4921 est
4123 4861 4254 4922 tet*

2684 4958 2882 5040 tium,
2915 4958 2987 5025 in
3027 4978 3164 5048 quo
3219 4956 3526 5050 tangitur
3580 4961 3995 5051 prosperitas
4032 4961 4104 5029 in
4133 4959 4255 5030 ha-

2684 5067 3037 5137 bitatione.
3101 5065 3187 5134 Et
3253 5065 3507 5158 primo,
3548 5070 3856 5159 tangitur
3900 5066 4255 5139 habitacu-

2686 5177 2911 5246 lorum
2978 5174 3292 5244 firmitas.
3373 5173 3723 5261 Secundo,
3796 5176 4253 5269 tranquillitas

2686 5308 2770 5353 ex
2801 5285 2934 5352 illis
2966 5282 3228 5364 habita,
3271 5291 3339 5352 et
3375 5306 3540 5376 pax,
3593 5283 3715 5363 ibi,
3770 5311 3807 5349 α
3837 5284 4076 5378 Neque
4101 5286 4256 5355 cla-

2682 5413 2864 5463 mor.
2907 5419 2942 5453 ι

2773 5502 2892 5570 Ait
2920 5500 3103 5570 enim
3138 5518 3157 5570 ς
3195 5497 3311 5571 Sic
3356 5498 3591 5569 felices
3654 5508 3815 5569 sunt
3867 5501 3941 5570 in
3971 5501 4154 5585 filiis,
4190 5512 4257 5574 et

2687 5606 2982 5685 filiabus,
3027 5614 3095 5677 et
3123 5608 3194 5675 in
3236 5606 3440 5676 rebus
3489 5606 3886 5691 mobilibus,
3923 5617 3992 5680 et
4030 5632 4259 5704 quan-

2688 5725 2836 5784 tum
2868 5714 2955 5783 ad
2985 5713 3406 5796 immobiles»,
3443 5743 3480 5782 α
3522 5739 3659 5786 non
3698 5729 3799 5788 est
3851 5721 4061 5788 ruina
4098 5742 4260 5789 ma-

2689 5824 2908 5908 cerioe,
2945 5848 2980 5890 ι
3023 5830 3097 5891 ut
3126 5823 3400 5914 penitus
3438 5833 3507 5895 et
3543 5824 3771 5897 subito
3797 5827 4252 5900 dissolvatur:

3927 5965 3999 6021 ³2

4381 4240 4497 4314 u
