5008 6329
2029 151 2738 221 COMMENTARIUS
2791 150 2884 217 ΙΝ
2934 151 3363 223 PSALMUM
3414 156 3586 224 CVI.

1208 328 1365 393 duo,
1414 325 1675 409 Prinm,
1717 324 2030 393 liberatio
2063 328 2147 394 ab
2189 349 2441 396 errore.
2501 324 2763 392 Secun-

1207 433 1313 510 do,
1385 455 1424 499 a
1466 432 1730 501 defectu
1808 435 2238 526 receptaculi,
2298 433 2406 501 vel
2476 432 2609 498 loci
2678 428 2764 496 ad

1207 540 1877 632 quiescendum,{ibi,
1917 569 1950 608 α
1992 546 2080 612 Ut
2111 546 2306 609 irent.
2349 569 2382 603 2>

1287 648 1472 715 Dicit
1510 671 1672 739 crgo
1705 671 1719 716 :
1778 649 1891 718 Sic
1925 651 2092 728 dixi,
2130 648 2308 740 quod
2363 649 2545 735 ipsos
2587 645 2762 713 libe-

1206 756 1400 833 ravit,
1445 756 1564 823 sed
1595 779 1632 823 a
1667 758 1940 847 quibua,
1976 768 2041 824 et
2072 753 2477 845 quomodo?
2510 752 2752 821 Addit:

1209 887 1239 927 a
1267 864 1362 929 Et
1392 862 1685 932 deduxit
1706 888 1842 943 eos,
1881 890 1914 929 a
1969 863 2050 928 de
2090 862 2200 926 via
2253 883 2544 928 erronea
2602 860 2759 927 diri-

1201 993 1366 1061 gens
1409 971 1587 1057 illos,
1662 997 1696 1037 «
1739 975 1811 1038 iu
1867 972 2051 1038 viam
2102 978 2377 1035 rectam.
2419 994 2450 1032 n
2523 968 2606 1035 Et
2672 968 2757 1035 ad

1201 1080 1362 1171 quid
1420 1080 1767 1148 ulterius?
1839 1111 1870 1141 α
1920 1080 2007 1146 Ut
2040 1080 2215 1145 irent
2283 1078 2352 1144 in
2408 1079 2755 1144 civitatem

1198 1189 1671 1266 habitationis,
1713 1215 1744 1253 ι)
1791 1187 1859 1254 id
1886 1195 2010 1264 est,
2057 1211 2177 1277 per
2206 1187 2513 1254 civitates
2546 1194 2611 1252 et
2646 1185 2755 1252 lo-

1198 1320 1298 1381 ca,
1332 1297 1449 1363 ubi
1481 1293 1874 1363 habitacula
1906 1294 2314 1362 invenirent.
2353 1293 2500 1360 Hoc
2523 1302 2752 1360 tamen

1198 1407 1318 1472 etsi
1346 1424 1691 1493 ‚nusquam
1732 1402 2002 1493 legatur
2060 1405 2127 1468 in
2169 1400 2478 1482 historia,
2521 1408 2750 1467 tamen

1197 1512 1417 1601 potuit
1447 1532 1594 1577 esse
1633 1508 1917 1577 factum.
1953 1509 2060 1576 Ad
2091 1508 2220 1575 hoc
2261 1517 2487 1575 tamen
2523 1515 2752 1596 posset

1196 1619 1436 1686 adduci
1492 1617 1660 1686 illud
1685 1618 1944 1686 Jcrem.
2017 1640 2204 1695 xxxi,
2248 1620 2333 1683 93
2384 1615 2750 1684 Adducam

1195 1749 1303 1792 eos
1315 1749 1443 1816 per
1465 1735 1794 1793 torrentes
1833 1745 2180 1816 aquarum
2229 1725 2301 1789 in
2357 1723 2471 1789 via
2540 1731 2745 1800 recta,

1194 1844 1258 1903 et
1284 1858 1422 1901 non
1461 1836 1849 1925 impirzqent
1892 1835 1960 1899 in
2001 1856 2104 1900 ea.

1285 1939 1421 2010 Sed
1469 1938 1916 2031 spiritualiter
1952 1939 2327 2007 clamantes
2391 1937 2476 2005 ad
2516 1937 2751 2004 Domi-

1192 2070 1359 2116 num
1402 2050 1471 2115 in
1502 2048 1796 2126 deserto,
1859 2069 1997 2137 prae
2063 2046 2265 2123 fame,
2311 2054 2371 2111 et
2422 2046 2745 2124 siccitate,

1189 2165 1257 2226 et
1331 2178 1584 2235 errore,
1649 2154 1990 2222 Dominus
2046 2152 2303 2243 dirigit,
2383 2151 2749 2221 ostendens

1189 2264 1666 2333 rectitudinem
1726 2263 2126 2331 semitarum
2186 2260 2452 2330 consilii
2503 2260 2742 2327 divini.

1188 2372 1319 2439 Isa.
1356 2394 1565 2452 xxxv,
1611 2373 1695 2438 8:
1776 2374 1870 2438 Et
1934 2371 2074 2436 ha’c
2130 2371 2258 2435 erit
2317 2367 2502 2434 vobis
2567 2379 2748 2435 recta

1187 2482 1324 2560 via,
1357 2482 1456 2549 ita
1489 2491 1567 2548 ut
1608 2477 1815 2546 stulti
1853 2504 1987 2546 non
2029 2488 2249 2545 errent
2293 2500 2416 2569 per
2444 2500 2617 2544 earn.
2664 2476 2747 2543 Et

1187 2591 1346 2670 hoc,
1389 2601 1464 2658 ut
1496 2600 1681 2673 eant,
1746 2612 1884 2657 non
1925 2588 2229 2665 sedeant,
2283 2590 2351 2655 in
2400 2586 2745 2653 civitatem

1189 2699 1658 2776 habitationiS,
1703 2699 1774 2765 in
1816 2697 2005 2794 illam·
2046 2718 2410 2787 supernam
2461 2694 2750 2761 Jerusa-

1187 2808 1350 2886 lem,
1404 2808 1706 2876 dicentes
1763 2804 1931 2873 illud
1981 2803 2319 2895 Apostoli,
2386 2802 2469 2870 ad
2534 2801 2741 2871 llebr.

1190 2938 1335 2993 xiii,
1387 2917 1465 2984 14
1501 2938 1516 2981 :
1561 2915 1717 2983 Non
1745 2912 2077 2981 habemus
2105 2912 2216 2978 liic
2244 2920 2627 2978 manentem
2657 2911 2749 2978 ci-

1187 3025 1491 3106 vitatem,
1548 3021 1671 3089 sed
1729 3022 2052 3111 suturam
2113 3020 2555 3110 inquirimus,
2590 3041 2744 3109 quoe

1187 3142 1286 3203 est
1316 3133 1557 3203 civitas
1590 3127 2060 3198 habitationis.
2113 3127 2319 3197 Eecli.
2357 3150 2549 3205 xxiv,
2602 3127 2678 3194 ¹4
2723 3147 2739 3193 :

1189 3242 1268 3309 In
1297 3239 1729 3308 habitatione
1763 3248 2005 3303 saneta
2071 3259 2300 3302 coram
2344 3237 2487 3326 ipsu
2530 3236 2746 3302 'nivei-

1185 3350 1543 3428 stravi.Et,
1571 3351 1641 3417 in
1670 3348 1849 3416 l‘sal.
1876 3349 2197 3424 Lxxxx·1,7
2226 3368 2242 3414 :
2280 3348 2476 3412 Sicut
2507 3346 2746 3413 Iaetan-

1192 3461 1368 3526 tium
1405 3458 1717 3525 omnium
1756 3454 2100 3523 habitatio
2129 3456 2326 3520 estin
2368 3464 2454 3522 te.

1285 3814 1316 3845 α
1351 3782 1834 3872 Confiteantur
1870 3780 2192 3847 Donaeino.
2222 3805 2258 3842 n
2302 3778 2427 3846 llic
2466 3778 2741 3847 tertium

1191 3895 1399 3963 totius
1432 3889 1638 3979 hujus
1676 3889 1915 3981 partis,
1950 3888 2203 3957 scilicet
2231 3887 2606 3976 gratiarum
2638 3909 2747 3955 ac·

1193 4001 1308 4081 tio,
1351 3999 1460 4069 vel
1491 3998 1879 4067 exhortatio
1901 3997 1984 4065 ad
2006 3999 2379 4085 gratiarum
2402 3997 2742 4065 actionem

1190 4130 1309 4200 pro
1378 4105 1497 4175 illa
1552 4104 1958 4173 liberatione
2009 4125 2026 4171 :
2088 4112 2150 4170 et
2220 4104 2540 4171 «licuntur
2576 4103 2739 4174 duo.

1188 4215 1448 4292 Primo,
1512 4212 1755 4281 invitat
1796 4211 1883 4280 ad
1941 4212 2316 4302 gratiarum
2373 4212 2737 4280 actionem.

1190 4321 1538 4400 Secundo,
1581 4318 1809 4388 subdit
1850 4318 2226 4410 gratiarum
2283 4317 2574 4387 actionis
2625 4341 2744 4386 ra·-

1186 4432 1446 4501 tionem
1475 4427 1834 4497 referendo
1864 4426 2301 4503 beneficium,
2335 4427 2516 4517 quod
2548 4428 2742 4518 quasi

1187 4539 1491 4616 siluerat,
1525 4536 1648 4617 ibi,
1686 4561 1719 4602 ι
1757 4537 1942 4619 Ouia
1966 4537 2274 4603 satiarit.
2302 4561 2337 4601 ι

1277 4647 1356 4717 ln
1408 4645 1631 4737 prima
1701 4640 1865 4712 duo.
1927 4640 2189 4721 Primo,
2261 4650 2332 4710 ut
2398 4643 2742 4712 laudando

1188 4756 1597 4828 confiteatur
1643 4750 2178 4820 misericordiam
2240 4775 2279 4818 a
2330 4750 2512 4820 malo
2569 4750 2746 4822 libe-

1189 4875 1478 4935 rantem.
1522 4859 1870 4935 Secundo,
1915 4868 1990 4928 ut
2027 4862 2433 4930 confiteatur
2468 4862 2745 4931 mirabi-

1189 4974 1277 5044 lia
1306 4975 1482 5063 ejus,
1527 4979 1594 5040 et
1632 4970 2011 5062 potentiam
2053 4969 2232 5037 bona
2278 4969 2739 5051 exhibentem,

1191 5081 1309 5161 ibi,
1356 5110 1387 5146 ι
1415 5082 1513 5150 Et
1542 5074 1904 5147 mirabilia
1943 5075 2124 5165 ejus.
2163 5103 2194 5138 a

1277 5188 1461 5259 Dicit
1519 5207 1729 5278 ergo:
1785 5183 1900 5252 Sic
1951 5181 2288 5263 liberavit,
2349 5193 2411 5252 ot
2468 5185 2557 5254 ob
2613 5184 2744 5255 hoc

1194 5316 1492 5369 moneo:
1562 5322 1597 5357 ι
1632 5291 2130 5362 Misericordia·
2174 5292 2356 5382 ejus,
2397 5320 2429 5354 ι
2494 5293 2744 5386 quibus

1194 5402 1439 5476 amalo
1466 5399 1738 5481 liberat,
1772 5423 1925 5493 quoe
1958 5399 2189 5469 multae
2242 5409 2399 5470 sunt
2465 5400 2536 5470 in
2576 5400 2746 5471 ess'e-

1203 5513 1449 5596 ctibus,
1482 5532 1619 5581 una
1646 5518 1880 5579 tamen
1930 5509 2000 5578 in
2030 5513 2322 5581 essentia
2360 5520 2429 5582 et
2472 5519 2741 5591 natura,

1462 5663 1580 5707 xvu

4292 170 4419 235 113

2875 349 2911 386 «
2943 334 3005 390 et
3044 326 3399 396 mirabilia
3438 329 3616 419 ejus,
3657 362 3688 394 »
3725 334 3970 423 quibus
4014 358 4262 425 magna
4313 341 4417 406 fa-

2869 433 2982 509 cit,
3018 441 3084 500 et
3111 433 3291 502 bona
3326 436 3462 514 dat,
3520 438 3843 520 exhibita,
3901 469 3936 505 ι(
3970 442 4147 529 filiis
4182 445 4415 511 leomi-

2868 563 3058 619 num‚
3094 570 3124 602 »
3160 544 3275 632 qui
3308 542 3435 610 hoc
3466 566 3603 610 non
3637 557 4007 626 merentur,
4045 551 4161 617 sed
4195 555 4412 643 magis

2867 649 3282 738 oppositum,
3344 677 3377 711 <c
3409 652 3864 737 confiteantur
3904 657 4227 736 Domine,
4267 685 4298 722 »
4343 657 4411 724 id

2865 763 2991 834 est,
3023 755 3157 821 sint
3198 757 3479 824 materia
3521 757 3735 825 laudis
3783 760 4069 829 Domini
4128 773 4193 831 et
4240 788 4411 832 con-

2861 860 3200 928 fessionis
3234 864 3412 930 Dicit
3452 864 3636 932 enim
3666 866 3913 936 Tobias
3963 871 4032 936 in
4076 893 4223 961 cap.
4281 896 4402 949 xn,

2864 967 2903 1032 6
2941 989 2954 1032 :
2991 968 3379 1036 Benedicite
3407 972 3630 1036 Deum
3660 973 3834 1052 coeli,
3889 987 3951 1042 et
3989 999 4216 1043 coram
4251 1000 4407 1045 onz-

2861 1074 3063 1142 nibus
3090 1077 3465 1145 viventibus
3485 1082 3907 1168 confitemini
3925 1086 4010 1162 ei,
4046 1087 4213 1174 quia
4241 1088 4408 1174 fecit

2860 1183 3202 1251 vobiscum
3259 1186 3801 1255 misericordiam
3837 1214 4065 1258 suam.
4126 1192 4211 1259 Et
4256 1217 4407 1260 rur-

2858 1314 3000 1370 suS,
3035 1292 3103 1357 in
3136 1292 3403 1371 eodem,
3432 1301 3492 1369 ς.
3523 1297 3605 1360 28
3653 1319 3667 1360 3
3712 1298 4102 1364 Benedicite
4151 1302 4400 1381 Deum,

2857 1407 2920 1463 et
2947 1408 3226 1466 narrate
3263 1403 3493 1468 omnia
3526 1402 3883 1471 mirabilia
3916 1405 4099 1495 ejus,
4150 1405 4399 1496 Supra,

2857 1508 2929 1571 in
2958 1504 3144 1574 Psal.
3185 1528 3277 1584 tx,
3323 1508 3406 1574 2:
3458 1508 3776 1576 Narrabo
3826 1515 4066 1581 omnia
4115 1515 4403 1583 mirabi-

2858 1613 2959 1682 lia
2997 1623 3141 1684 tua.

2949 1956 2983 1995 ι
3031 1932 3211 2015 Quia
3247 1933 3552 2001 satiavit.
3593 1961 3624 1999 n
3672 1936 3794 2003 llic
3835 1940 4240 2019 secundum,
4276 1943 4401 2009 sci·

2854 2036 3011 2108 licet
3040 2040 3211 2107 ratio
3242 2063 3450 2131 quare
3480 2045 3941 2114 confitendum
3974 2048 4098 2127 illi,
4143 2059 4208 2116 et
4240 2076 4405 2142 qua-

2858 2169 2926 2212 re
2993 2145 3398 2229 laudanduS,
3459 2150 3709 2219 scilicet
3772 2154 4050 2223 refectio
4091 2160 4403 2225 esurien-

2854 2255 3071 2321 tium:
3106 2264 3172 2322 et
3210 2265 3583 2348 tanguntur
3612 2258 3771 2327 duo.
3846 2261 4183 2346 Primum,
4222 2267 4404 2334 rese-

2853 2364 3012 2431 ctio.
3070 2362 3410 2441 Secundo,
3467 2391 3601 2458 quo
3619 2371 3751 2436 sint
3786 2371 4038 2452 refecti,
4074 2381 4149 2441 ut
4180 2377 4402 2465 major

2852 2476 3071 2563 gratia
3109 2485 3450 2567 appareat,
3523 2477 3640 2556 ibi,
3700 2506 3733 2542 α
3768 2482 3863 2547 Et
3901 2483 4215 2550 animam
4253 2510 4404 2551 esa·

2855 2584 3160 2652 rientem.
3201 2608 3234 2648 s

2945 2689 3120 2758 Dicit
3157 2713 3364 2780 ergo:
3423 2692 3535 2760 Sic
3592 2695 4044 2763 confiteantur
4105 2698 4400 2768 Domino

2853 2799 3359 2878 misericordiae,
3404 2810 3471 2867 et
3499 2801 3783 2892 dignum
3842 2814 3965 2882 est,
4014 2832 4048 2869 α
4083 2809 4252 2897 quia
4280 2835 4401 2876 sa-

2853 2910 3056 2977 tiavit
3117 2911 3429 2977 animam
3496 2912 3793 2993 inanem,
3849 2940 3882 2978 υ
3954 2916 4402 3005 proticiscen-

2854 3018 3022 3085 tium
3056 3017 3125 3084 in
3159 3016 3606 3108 Babylonem,
3651 3043 3802 3111 quae
3836 3022 4057 3089 inanis
4087 3034 4233 3092 erat
4262 3049 4398 3116 prae

2851 3124 3052 3193 fame.
3088 3122 3171 3191 Et
3191 3124 3539 3216 quomodo
3560 3128 3595 3194 2>
3626 3125 3832 3196 Addit
3860 3152 3875 3196 :
3913 3155 3947 3195 ι
3972 3131 4067 3198 Et
4087 3134 4397 3201 animam

2850 3238 3250 3303 esurientem
3288 3236 3595 3314 satiarit,
3630 3262 3666 3299 a
3710 3260 3847 3305 non
3901 3242 4133 3329 pravis
4198 3242 4396 3329 cibis,

2849 3341 2966 3409 sed
2997 3367 3030 3404 α
3063 3340 3277 3418 bonis,
3299 3367 3328 3402 n
3362 3342 3559 3429 juxta
3589 3341 3750 3410 illud
3786 3344 3948 3414 Luc.
3981 3370 4024 3424 ι,
4058 3350 4188 3416 533
4225 3352 4398 3418 Esu-

2849 3451 3094 3516 rientes
3132 3447 3441 3541 implevit
3471 3446 3682 3515 bonis.
3723 3449 3799 3516 Et
3834 3453 4019 3542 quod
4047 3453 4204 3522 dicit
4241 3462 4397 3524 ani·

2852 3578 3064 3635 mam,
3097 3563 3355 3647 partem
3386 3558 3594 3624 sumit
3624 3580 3747 3647 pro
3788 3566 3957 3644 toto,
3993 3584 4113 3652 per
4158 3588 4397 3655 synec-

2850 3660 3142 3742 dochen,
3183 3663 3358 3731 sicut
3411 3662 3579 3731 illud
3635 3662 3858 3734 Exotl.
3919 3689 3966 3748 ι,
4036 3670 4121 3736 53
4168 3672 4396 3740 Erant

2849 3790 3079 3836 omnes
3096 3768 3345 3835 animae
3371 3789 3601 3836 eorum
3650 3771 3776 3861 qui
3820 3774 4073 3861 eqressi
4113 3785 4278 3843 sunt
4314 3780 4399 3844 de

2846 3877 3109 3967 femore
3130 3872 3368 3952 Jacob,
3428 3878 3893 3965 septuaginta.
3959 3878 4243 3970 Proprie
4294 3891 4402 3949 ta·-

2853 4008 3009 4055 men
3045 3984 3130 4051 ad
3162 3984 3543 4074 redemptos
3594 3983 3918 4075 loquitur,
3970 3997 4035 4054 et
4075 3989 4280 4058 etiam
4313 3991 4396 4059 de

2850 4094 3260 4185 redemptis:
3293 4092 3558 4160 animas
3586 4092 3769 4161 enim
3800 4105 3994 4162 sanat
4028 4095 4234 4166 Deus.
4274 4100 4399 4166 Je-

2850 4225 3020 4272 rem.
3062 4222 3252 4278 xxxi,
3322 4202 3451 4269 23:
3523 4199 3869 4269 Inebriari
3897 4205 4209 4274 animam
4261 4208 4399 4276 las·

2846 4333 3029 4389 sam,
3055 4320 3118 4376 et
3146 4331 3411 4377 omnnem
3441 4309 3746 4377 animam
3780 4314 4185 4383 esurientem
4211 4327 4398 4385 satu·

2849 4421 3026 4487 ravi.
3068 4417 3285 4486 Aliter
3319 4415 3683 4486 deficerent
3719 4418 3790 4487 in
3830 4421 3967 4489 via.
4004 4420 4215 4492 Marc.
4247 4447 4392 4507 vm,

2852 4529 2934 4594 3:
2969 4526 3053 4595 Si
3110 4523 3431 4592 dimisero
3486 4545 3595 4591 eos
3646 4524 3943 4615 jejunos
4000 4529 4069 4595 in
4110 4529 4393 4600 domum

2846 4655 3074 4707 suam,
3110 4631 3421 4720 deficient
3494 4631 3563 4698 in
3621 4632 3757 4698 via.
3823 4631 3960 4700 Sed
4010 4656 4150 4725 quo
4189 4637 4400 4708 cibo?
4464 4651 4712 4706 Μυιιεμῑῑνί

2849 4852 2980 4919 563
3018 4850 3197 4920 Caro
3236 4871 3386 4916 mea
3418 4871 3569 4915 vere
3612 4858 3708 4915 est
3745 4848 3965 4930 cibus,
4010 4862 4075 4920 et
4108 4859 4400 4947 sanquis

2851 4983 3041 5031 meus
3069 4980 3219 5026 vere
3281 4965 3377 5025 est
3431 4965 3662 5048 potus.
3727 4955 3837 5034 Et,
3910 4957 4152 5030 Matth.
4208 4987 4398 5044 xxvi,

2853 5073 2939 5138 26
2967 5066 3308 5156 :Accipite
3334 5072 3397 5131 et
3425 5064 3756 5132 canu-dite
3776 5088 3797 5132 .·
3841 5068 3986 5135 Hoc
4014 5080 4112 5136 est
4157 5095 4405 5164 corpus

2852 5196 3103 5247 mecon.
3138 5172 3271 5240 Dat
3299 5192 3544 5263 panem
3585 5171 4096 5265 similagineum
4129 5179 4213 5246 de
4252 5180 4408 5249 iari-

2854 5309 2939 5355 na
2980 5280 3483 5352 delicatissima.
3540 5276 3721 5348 Psal.
3765 5304 4011 5362 cxcvii,
4054 5288 4135 5354 Η
4170 5310 4185 5355 3
4227 5290 4409 5358 Adi-

2846 5422 2935 5493 pe
2986 5392 3326 5488 frumenti
3386 5391 3601 5460 satiat
3641 5401 3724 5460 te.
3770 5394 3901 5463 Dat
3939 5419 4188 5486 panem
4248 5401 4411 5491 pin-

2852 5508 3258 5603 guissimum
3305 5526 3426 5597 per
3500 5502 3840 5573 effectum.
3904 5506 4152 5576 Genes.
4217 5532 4401 5598 xcix,

4102 5649 4137 5698 ⁸

4454 4710 4567 4752 cit-0
4606 4707 4715 4752 rofl-

2849 4742 3078 4832 seipso
3126 4740 3196 4807 in
3236 4738 3466 4807 altaris
3528 4751 3978 4810 sacramento.
4033 4746 4236 4814 Joan.
4298 4770 4393 4826 vi,
4441 4761 4733 4861 ‘usim-'¹⁰‘

4549 4834 4563 4859 Ι
4657 4846 4672 4861 ο
