5008 6329
652 347 778 416 456

650 518 885 584 zelum.
927 520 1018 584 De
1049 517 1174 585 hac
1203 518 1508 610 loquitur
1548 520 1682 589 hic.
1740 522 1931 591 Hanc
1957 523 2197 591 habuit

648 625 934 691 Phinees
967 627 1011 702 ¹,
1063 636 1128 694 et
1176 628 1444 720 Moyses
1485 648 1532 710 ²,
1606 634 1920 722 quamvis
1987 635 2194 699 etiam

649 742 888 799 natura
914 757 1052 801 non
1083 741 1375 807 evaserit
1407 742 1769 830 impunita.

738 864 771 901 α
807 840 1099 909 Inimici.
1140 874 1170 906 υ
1205 844 1333 912 Hic
1376 845 1782 933 secundum.
1827 843 2034 921 Quasi
2091 845 2192 911 di-

647 955 861 1013 ceret:
900 948 1081 1017 Bene
1111 952 1418 1040 quaesivi,
1455 952 1510 1016 si
1545 973 1683 1016 non
1732 948 2189 1029 tabescebam,

647 1056 803 1144 quia
831 1078 987 1124 vere
1017 1059 1152 1124 sic:
1199 1059 1361 1146 quia
1414 1058 1542 1145 ipsi
1573 1060 1691 1148 qui
1741 1065 1807 1125 te
1871 1057 2188 1138 oderunt,

649 1189 682 1224 «
711 1164 886 1251 sacti
930 1172 1090 1229 sunt
1136 1164 1311 1230 milti
1350 1164 1642 1243 inimici,
1688 1191 1721 1231 ι
1777 1189 1914 1233 non
1965 1165 2189 1233 solum

643 1270 787 1346 tibi,
824 1279 896 1336 ut
933 1293 1204 1360 possem
1246 1272 1468 1340 dicere
1501 1273 1670 1342 illud
1724 1274 1890 1343 Luc.
1957 1299 2023 1358 x,
2063 1278 2186 1344 16:

651 1377 784 1459 Qui
815 1399 929 1444 vos
955 1382 1239 1469 spernit,
1274 1403 1381 1448 me
1407 1384 1692 1473 spernit.

732 1588 1017 1658 Possunt
1059 1591 1188 1682 legi
1225 1591 1291 1657 hi
1326 1602 1622 1682 quatuor
1668 1615 1906 1659 versus
1954 1592 2036 1661 de
2082 1618 2189 1662 ca-

643 1700 776 1789 pite
805 1699 1071 1768 Christo
1102 1700 1388 1778 faciliuS,
1423 1709 1501 1768 ut
1537 1702 1852 1769 ostendat
1878 1699 2186 1772 Christus

641 1831 710 1875 se
743 1810 1047 1876 inimicos
1089 1808 1209 1875 Dei
1249 1809 1472 1876 Patris
1512 1818 1578 1877 et
1644 1809 1862 1878 malos
1928 1812 2186 1879 occisu-

643 1938 815 1990 rum,
878 1916 1049 1981 sicut
1122 1921 1187 1981 et
1244 1914 1450 1982 Pater
1508 1915 1660 1983 illos
1691 1916 1934 1984 occidit
1965 1926 2184 1985 morte

641 2031 909 2088 aeterna.
947 2017 1030 2087 Et
1066 2022 1313 2110 primo,
1350 2021 1506 2090 facit
1545 2024 2017 2113 quaestionem.
2052 2023 2184 2093 Se-

640 2128 884 2206 cundo,
928 2130 1368 2219 responsione
1408 2132 1764 2219 supposita
1805 2130 1989 2198 addit
2019 2155 2184 2222 pro-

642 2237 1004 2315 bationem,
1043 2236 1225 2326 quod
1265 2260 1422 2306 vere
1470 2262 1870 2329 responsum
1904 2241 2011 2317 sit,
2058 2241 2176 2328 ibi,

637 2372 668 2410 ι
715 2348 949 2413 Nonne
984 2347 1107 2436 qui
1135 2347 1426 2414 oderunt
1450 2345 1492 2414 P
1521 2375 1556 2412 ιο

724 2452 900 2519 Elin
940 2454 1158 2542 prima
1201 2457 1419 2545 tangit
1468 2455 1619 2523 tria.
1676 2454 1936 2534 Prim0‚
1991 2460 2180 2526 occi-

630 2564 914 2644 sionem,
949 2585 1067 2652 per
1103 2572 1427 2630 aeternarn
1472 2573 1794 2632 mortem.
1832 2562 2173 2647 Secundo,

632 2670 905 2737 modum
953 2673 1338 2750 occisionis·‚
1401 2672 1521 2749 ibi,
1598 2700 1627 2735 α
1691 2673 1831 2740 Viri
1882 2679 2176 2765 sanqui-

625 2799 858 2842 nmn.»
875 2775 1125 2859 Tertio,
1146 2801 1448 2854 causam,
1472 2778 1588 2856 ibi,
1611 2804 1644 2844 α
1665 2780 1847 2863 Quia
1873 2780 2169 2849 dicitis.»

716 2880 888 2948 Dicit
916 2905 1119 2973 ergo:
1162 2881 1275 2950 Sic
1312 2892 1539 2951 tecum
1588 2907 1742 2950 sum
1809 2894 2169 2976 postquam

626 2991 979 3067 resurrexi,
1051 3012 1188 3057 non
1256 2999 1524 3058 tantum
1600 2993 1981 3070 mansione,
2052 2995 2170 3062 sed

625 3097 925 3166 veritatis
963 3097 1354 3168 identitate:
1400 3099 1560 3190 quia
1590 3121 1632 3167 o
1668 3126 1703 3162 α
1737 3102 1921 3168 Deus
1952 3125 1985 3166 ι
2034 3100 2173 3171 Pa-

624 3216 745 3283 ter,
782 3232 813 3270 ι
855 3208 919 3273 si
955 3207 1277 3275 occideris
1298 3220 1711 3299 peccatoreS,
1757 3235 1792 3271 >a
1825 3231 1941 3276 eos
1979 3219 2168 3278 aeter-

624 3313 862 3381 naliter
912 3313 1325 3392 damnando,
1415 3316 1593 3384 sicut
1648 3323 1714 3382 et
1788 3314 2162 3396 diabolum,

622 3425 788 3487 sicut
812 3422 1136 3510 scriptum
1168 3430 1292 3502 est,
1339 3421 1465 3488 lsa.
1507 3445 1722 3500 xxvn,
1775 3424 1847 3488 1:
1897 3423 2167 3492 Occidet

619 3536 833 3594 cetum
862 3529 985 3618 qui
1030 3530 1101 3594 in
1175 3530 1358 3596 mari
1385 3540 1481 3595 cst
1509 3553 1536 3599 .·
1567 3529 1836 3620 supple,
1890 3529 2161 3600 dicens:

625 3660 656 3698 ι
683 3637 818 3702 l'iri
843 3637 1292 3726 sanquinum,
1327 3636 1670 3705 declinate
1698 3659 1741 3703 a
1769 3659 1899 3704 me.
1934 3665 1967 3698 ιο
1997 3637 2168 3709 Ecce

622 3742 861 3808 modus
881 3740 1260 3822 occidendi,
1293 3743 1550 3811 scilicet
1570 3744 1865 3833 prolatio
1887 3753 2171 3812 senten-

621 3850 729 3915 tiae
768 3853 1164 3938 separantis.
1192 3848 1437 3917 Matth.
1472 3872 1638 3932 xxv,
1662 3850 1742 3918 41
1775 3872 1790 3917 :
1825 3851 2170 3921 Discedite

623 3979 666 4023 a
732 3978 858 4035 me,
925 3957 1305 4035 maledicti,
1375 3958 1444 4024 in
1506 3957 1735 4047 iqnem
1808 3966 2162 4027 aeternum.

624 4063 704 4132 Et
734 4064 1157 4155 appellantur
1190 4066 1326 4132 viri
1376 4067 1802 4156 sanguinum
1859 4067 2164 4137 carnales

623 4169 956 4250 lnotnincS,
990 4181 1055 4240 et
1101 4172 1462 4240 carnaliter
1516 4173 1735 4241 all’ecti
1787 4172 1870 4240 ad
1918 4196 2166 4263 parcn-

623 4285 722 4344 tes
769 4278 1121 4347 affectione
1168 4278 1568 4361 damnabili,
1624 4264 1816 4347 sicut'
1866 4279 2163 4367 l’roelati,

622 4388 778 4474 quia
814 4387 1087 4477 sanguis
1116 4387 1385 4454 all’ectio
1425 4396 1527 4455 est
1556 4386 1870 4467 carnalis,
1907 4386 2160 4457 llabac.

621 4515 690 4568 ιι,
732 4495 846 4560 ¹2:
897 4495 996 4562 Va·
1022 4497 1145 4586 qui
1179 4493 1484 4584 aedificat
1521 4495 1865 4563 civitatem
1901 4496 1971 4562 in
1997 4519 2167 4564 san-

616 4601 989 4689 quinibus!
1018 4602 1098 4670 Et
1144 4625 1386 4671 omnes
1432 4612 1820 4693 peccatores
1872 4624 2164 4695 genera-

618 4706 792 4788 liter,
841 4709 999 4799 quia
1040 4710 1318 4801 sanguis
1383 4717 1736 4800 peccatum
1790 4719 1917 4788 est,
1961 4709 2157 4793 Osee,

619 4836 710 4889 iv,
777 4816 815 4881 2
869 4838 884 4883 ε
959 4816 1264 4906 Sanquis
1315 4819 1727 4908 sanquinem
1776 4819 2022 4908 tetiqit.
2075 4819 2161 4888 Et

616 4920 966 4990 lnomicidae
1048 4922 1453 5012 specialiter,
1513 4922 1572 4991 ll
1634 4923 1804 5014 lteg.
1872 4946 1991 5003 vn,
2053 4929 2092 4995 5
2137 4949 2152 4995 ε

615 5031 972 5120 Numquid
1004 5040 1081 5098 tu
1108 5031 1488 5121 edificabis
1538 5033 1714 5100 milii
1756 5033 2036 5102 domum
2067 5036 2166 5105 ad

614 5136 1067 5205 habitandum
1101 5136 1143 5206 ?
1169 5136 1378 5219 Quasi
1410 5139 1706 5209 diceret:
1776 5138 1958 5219 Non,
2000 5144 2161 5234 quia

617 5243 722 5309 vir
757 5246 1166 5335 sanguinum
1206 5266 1299 5314 es.
1337 5244 1538 5314 Mich.
1577 5267 1698 5325 vn,
1749 5247 1832 5314 2:
1914 5248 2160 5317 Omnes

617 5349 687 5416 in
715 5350 1052 5439 sanquine
1089 5350 1537 5418 insidiantur.

685 5598 705 5636 ¹
728 5595 814 5656 Cf.
838 5596 1077 5655 Numer.
1107 5612 1237 5668 xxv,
1269 5600 1303 5653 '1
1335 5601 1393 5654 et
1432 5612 1559 5671 seq.

686 5683 811 5742 ⁸01.
841 5683 1024 5745 Exod.
1054 5701 1248 5759 xxxin,
1280 5687 1367 5743 ¹0.

1655 352 1745 422 D.
1796 352 1997 424 ALB.
2049 352 2267 421 MAG.
2319 351 2529 420 om).
2578 349 2876 418 PRAED.

2403 552 2432 583 «
2503 522 2684 604 Quia
2760 520 3008 587 dicitis.
3057 544 3089 584 ιι
3152 516 3319 584 Ecce
3371 538 3594 583 causa.
3633 515 3839 593 Quasi

2303 629 2590 695 diceret:
2649 627 2721 693 Si
2753 628 3105 705 occideris,
3144 655 3176 689 α
3220 627 3384 716 quia
3425 653 3453 685 υ
3502 646 3625 689 vos
3662 652 3693 685 «
3730 623 3844 688 di-

2301 738 2474 810 citis,
2521 764 2551 794 υ
2600 758 2639 800 o
2708 732 2964 815 miseri,
3010 763 3043 798 α
3096 737 3167 801 in
3240 736 3675 825 coqitatione,
3714 740 3843 798 »et

2300 864 2661 919 consensu,
2712 843 2896 931 quod
2939 851 3039 909 est
3094 865 3330 909 verum
3399 842 3612 931 loqui,
3672 842 3844 907 sicut

2298 947 2541 1038 probat
2580 948 3006 1039 Augustinus
3037 951 3105 1015 in
3138 947 3306 1014 libro
3339 948 3419 1014 «le
3469 947 3839 1014 Trinitate:

2301 1082 2334 1122 α
2366 1058 2738 1147 Accipient,
2784 1057 2889 1124 isti
2920 1079 3289 1146 praeconeS,
3342 1065 3405 1122 et
3447 1055 3841 1144 praedicato-

2301 1193 2333 1226 «
2377 1187 2482 1231 res
2513 1164 2841 1244 veritatiS,
2870 1165 2943 1230 in
2973 1165 3274 1231 vanitate
3310 1165 3614 1230 civitates
3648 1184 3841 1241 suaS,

2305 1299 2337 1332 α
2381 1281 2628 1338 aeterna
2685 1292 2838 1359 quae
2878 1270 3007 1336 sibi
3046 1274 3451 1360 promittunt
3490 1269 3670 1336 bona
3710 1282 3755 1334 ³.
3801 1297 3833 1328 υ

2294 1373 2372 1441 In
2440 1374 2622 1441 Psal.
2685 1397 2957 1454 mxxvi,
3038 1375 3104 1452 3,
3174 1396 3377 1463 supra
3421 1397 3434 1439 :
3521 1373 3840 1442 Gloriosa

2294 1481 2478 1548 dicta
2514 1491 2679 1547 sunt
2705 1481 2789 1548 de
2825 1490 2910 1557 te,
2972 1482 3212 1548 civitas
3261 1482 3410 1548 Dei.
3466 1478 3616 1556 Vel,
3669 1479 3839 1546 civi-

2292 1597 2462 1656 tates
2543 1589 2707 1657 dicit
2762 1590 3172 1680 populorum
3247 1592 3832 1680 congregationes.

2290 1699 2440 1765 Act.
2496 1721 2736 1776 xxvlu,
2781 1699 2892 1780 22,
2944 1698 3257 1766 dicebant
3299 1698 3380 1765 de
3425 1708 3604 1765 secta
3673 1696 3832 1764 liae:

2289 1807 2546 1873 Notum
2578 1816 2674 1873 est
2702 1805 2898 1874 nobis
2934 1808 3101 1897 quia
3153 1806 3401 1897 ubique
3429 1808 3491 1872 ei
3564 1817 3839 1872 contra-

2290 1914 2569 1980 dicitur.
2635 1913 2870 1981 Sancti
2927 1915 3109 1981 enim
3167 1923 3325 1981 sunt
3391 1916 3459 1980 in
3525 1922 3840 1980 contem-

2288 2030 2509 2111 ptum,
2579 2031 2647 2090 et
2712 2021 3044 2112 quidquid
3100 2021 3495 2111 praedicant,
3570 2024 3837 2088 vanitas

2287 2135 2659 2216 reputatur.
2723 2125 3026 2217 Sapient.
3062 2105 3131 2207 ὖ,
3192 2127 3231 2194 3
3268 2136 3334 2194 et
3391 2127 3431 2192 4
3477 2149 3491 2193 ε
3530 2127 3621 2193 1Ιὶ
3644 2134 3832 2203 sunt,

2288 2256 2458 2324 quos
2483 2234 2860 2302 habuimus
2899 2233 3280 2324 aliquando
3313 2236 3380 2300 in
3413 2234 3830 2302 Acrisium...

2287 2343 2428 2409 Nos
2457 2342 2810 2425 insensati,
2852 2344 3065 2409 vitam
3112 2342 3396 2409 illorum
3439 2341 3834 2410 estimaba-

2284 2472 2438 2518 mus
2495 2453 2868 2529 insaniam,
2929 2461 2991 2519 et
3060 2450 3271 2539 finem
3347 2451 3634 2518 illorum
3689 2452 3836 2518 sine

2279 2559 2556 2628 honore.
2604 2557 2674 2626 Si
2709 2557 2861 2636 hos,
2896 2560 3201 2649 inquam.
3244 2557 3593 2637 occideris,
3627 2580 3836 2624 num-

2282 2668 2444 2759 quid
2511 2676 2579 2736 et
2639 2690 2767 2758 ego
2846 2667 3000 2735 illos
3040 2691 3178 2735 non
3211 2668 3574 2735 occidam?
3619 2666 3829 2745 Quasi

2281 2777 2575 2845 diceret:
2621 2774 2776 2844 Sic:
2826 2778 2986 2867 quia
3029 2802 3062 2842 α
3103 2799 3323 2844 nonne
3376 2778 3500 2866 qui
3575 2786 3639 2842 tc
3679 2774 3832 2841 ode-

2279 2894 2440 2952 runt
2471 2893 2536 2950 te
2558 2882 2601 2949 f)
2639 2909 2674 2946 ιο
2700 2882 2785 2951 Et
2813 2882 3060 2974 legitur
3088 2884 3370 2951 omnino
3394 2885 3562 2949 sicut
3596 2904 3825 2972 supra.

2369 2992 2708 3059 Dominus
2746 3014 2910 3082 ergo
2938 2990 3139 3059 Jesus
3198 2993 3337 3082 ipse
3379 2990 3638 3058 occidet
3678 3013 3831 3057 ma-

2275 3098 2404 3184 los,
2448 3109 2513 3168 et
2566 3100 2815 3191 impios
2852 3099 3079 3192 gladio
3147 3101 3285 3167 oris
3330 3100 3459 3168 sui.
3546 3098 3671 3167 lsa.
3733 3121 3827 3178 xi,

2281 3207 2363 3274 4:
2399 3207 2672 3297 Spiritu
2723 3205 3069 3275 labiorum
3123 3230 3405 3275 suorum
3476 3207 3831 3292 interficiet

2277 3315 2597 3404 impium.
2637 3313 2922 3404 Apocal.
2970 3337 3015 3391 ι,
3056 3316 3176 3382 16:
3213 3316 3315 3382 Dc
3342 3337 3456 3381 ore
3491 3313 3649 3403 ejus
3670 3337 3832 3405 pro-

2273 3420 2551 3488 cedebat
2575 3420 2866 3510 qladius
2894 3445 2981 3489 εει
3007 3432 3300 3514 utraque
3320 3433 3524 3513 parte
3560 3431 3825 3499 acutus,

2272 3527 2588 3596 scindens
2617 3529 2920 3596 animam
2963 3538 3028 3596 et
3060 3551 3328 3619 corpus.
3367 3528 3654 3619 Propter
3700 3526 3829 3596 hoc

2272 3634 2542 3712 dicitur,
2611 3634 2775 3715 Job,
2834 3658 2978 3714 xix,
3047 3638 3194 3704 29:
3256 3638 3583 3726 Fuqitea
3645 3634 3830 3724 jacie

2268 3742 2523 3832 qladii,
2559 3743 2892 3833 quoniam
2942 3742 3130 3810 ultor
3178 3743 3623 3834 iniquitatum
3662 3741 3827 3832 qta-

2275 3849 2434 3917 dius
2452 3858 2573 3917 est.

2365 4197 2398 4236 ι
2442 4170 2673 4239 Proba
2703 4194 2833 4249 me,
2854 4174 3058 4241 Deus.
3094 4197 3127 4237 ι
3161 4170 3285 4239 llic
3314 4180 3463 4239 orat
3501 4179 3655 4262 post
3698 4170 3821 4238 de·

2271 4288 2721 4347 monstratam
2764 4278 2888 4347 Dei
2920 4280 3283 4370 justitiam,
3334 4287 3409 4345 ut
3467 4280 3644 4347 inter
3685 4278 3823 4345 im-

2271 4386 2420 4476 pios
2451 4408 2763 4464 manens,
2815 4409 2899 4454 ex
2965 4388 3264 4477 ipsorum
3313 4386 3658 4453 consortio
3689 4384 3820 4452 iru-

2267 4502 2452 4560 ctum
2502 4500 2930 4583 assequatur.
2979 4500 3046 4559 et
3098 4492 3424 4584 proficiat.
3477 4490 3820 4559 Dividitur

2267 4607 2495 4668 autem
2527 4621 2682 4689 pars
2711 4602 2839 4668 ista
2875 4600 2946 4667 in
2990 4621 3111 4668 sex
3143 4610 3391 4692 partes,
3442 4597 3817 4667 secundum

2266 4731 2385 4777 sex
2415 4706 2596 4775 bona
2625 4729 2778 4798 quae
2806 4707 3029 4776 solent
3058 4709 3413 4799 provenire
3461 4729 3547 4775 ex
3596 4705 3818 4774 tribu-

2267 4814 2520 4883 latione
2548 4838 2588 4884 a
2627 4814 2828 4884 malis
2872 4816 3201 4883 immissa.
3263 4814 3597 4894 Primum,
3646 4836 3816 4904 pur-

2266 4923 2478 5015 gatio,
2541 4932 2608 4991 et
2662 4920 2843 4992 hanc
2886 4925 3109 5015 primo
3158 4923 3346 5014 petit.
3392 4921 3810 4999 Secundum,

2266 5029 2671 5120 approbatio
2702 5052 2741 5098 a
2771 5029 2916 5098 Deo
2943 5051 2959 5096 ε
2993 5038 3317 5121 purgatos
3346 5031 3528 5098 enirn
3560 5051 3815 5118 appro-

2267 5133 2380 5203 bat
2413 5134 2623 5215 Deus,
2683 5134 2803 5213 ibi,
2840 5163 2873 5199 ιι
2915 5136 3012 5202 Et
3071 5135 3238 5202 seito
3301 5158 3499 5202 eor.»
3556 5132 3811 5219 Tertio,

2263 5243 2620 5311 conversio
2683 5242 2789 5309 sui
2847 5239 2934 5309 ad
2986 5263 3059 5308 se
3117 5263 3239 5332 per
3295 5240 3813 5332 inquisitionem

2261 5357 2503 5432 status,
2563 5357 2632 5418 et
2686 5346 3200 5435 conscientiam,
3259 5358 3327 5417 et
3391 5348 3524 5417 hoc
3583 5349 3807 5429 tertie,

2333 5600 2359 5641 ⁸
2377 5601 2435 5662 S.
2468 5604 2851 5675 Aucus-rmus,
2881 5602 3008 5664 Lib.
3048 5603 3144 5663 XV
3172 5602 3247 5662 de
3274 5600 3582 5663 Trinitate.
