5008 6329
2001 380 2706 455 COMMENTARIUS
2758 387 2851 455 ΙΝ
2899 388 3338 461 PSALMUM
3388 393 3497 463 Cl.

1154 549 1371 620 Deum
1402 580 1558 622 cum
1592 558 1671 622 iis
1711 557 2083 645 corrumpi,
2128 556 2360 627 obviat
2398 560 2701 649 opinioni

1152 658 1363 739 falsae,
1407 661 1527 739 ibi,
1553 688 1586 726 α
1626 664 1724 729 Τιι
1754 670 1988 730 autem
2011 688 2372 755 permanes
2415 664 2456 733 P

816 779 1105 880 efflagita·
1236 768 1353 835 Ait
1384 791 1589 857 ergo:
1631 767 1743 836 Sic
1797 773 2041 840 creasti
2099 772 2329 850 coeIOS,
2372 781 2437 840 et
2475 781 2703 839 tamen

864 889 1069 935 suumn
1153 899 1187 938 ι
1228 875 1366 964 ipsi
1388 875 1738 964 peribunt,
1778 902 1810 943 ι)
1879 879 2255 947 secundum
2310 880 2602 946 formam
2632 880 2703 945 in

1151 1002 1284 1070 qua
1313 1003 1494 1048 nunc
1531 992 1715 1062 sunt,
1762 1008 1901 1053 non
1958 986 2334 1053 secundum
2380 985 2704 1053 substan-

1149 1087 1316 1155 tiam
1355 1090 1614 1158 suam.1
1656 1092 1742 1160 ad
1773 1091 2299 1169 Corinth.vn,31
2340 1115 2356 1161 ι
2389 1096 2705 1162 Praeterit

1146 1192 1381 1283 fiqura
1445 1195 1665 1286 liujus
1738 1198 2011 1266 mundi.
2119 1196 2326 1277 Quasi
2411 1198 2700 1267 diceret:

1146 1297 1305 1367 Non
1360 1301 1766 1372 substantia.
1839 1302 2063 1371 Eccle.
2109 1326 2154 1383 1,
2206 1307 2289 1374 4:
2346 1307 2704 1375 Generatio

1141 1413 1474 1499 praeterit,
1505 1412 1859 1500 qenes-atio
1891 1413 2193 1497 advenit,
2255 1424 2437 1481 terra
2476 1424 2705 1482 autem

1146 1518 1219 1584 in
1281 1530 1611 1586 aeternum
1666 1529 1807 1586 stat
1867 1542 1890 1587 .·
1959 1521 2180 1590 multo
2239 1545 2402 1612 ergo
2467 1523 2706 1590 fortius

1143 1626 1415 1694 coelum.

1238 1762 1271 1794 α
1306 1736 1404 1800 Tu
1441 1746 1674 1803 autem
1697 1760 2104 1828 permanes:
2141 1766 2176 1803 ιο
2208 1761 2362 1807 cum
2403 1737 2508 1806 his
2564 1760 2702 1805 non

1142 1841 1421 1931 peribis,
1456 1844 1576 1911 sed
1599 1846 1745 1934 ipsa
1777 1846 2132 1914 tenebisin
2163 1868 2243 1914 eo
2274 1846 2456 1938 quod
2475 1855 2695 1924 erunt.

1144 1947 1341 2019 aliter
1371 1954 1639 2042 penitus
1669 1953 2046 2024 defluerent
2081 1957 2153 2023 in
2180 1955 2495 2026 nihilum.
2542 1955 2702 2024 Gre-

1145 2058 1424 2148 gorius:
1464 2087 1498 2121 «
1578 2059 1895 2129 Essentia
1961 2084 2201 2131 eorum
2268 2061 2353 2131 ad
2407 2061 2698 2130 nihilum

1148 2194 1180 2228 «
1222 2168 1506 2235 omnino
1573 2169 1905 2253 tenderet,
1968 2171 2097 2238 nisi
2162 2179 2352 2239 actor
2387 2173 2697 2239 omnium

1143 2297 1423 2343 «manu
1487 2277 1843 2366 regiminis
1908 2301 2059 2347 eam
2126 2286 2407 2348 teneret.
2455 2305 2489 2346 s
2547 2279 2699 2348 Ma-

1139 2379 1315 2449 lach.
1353 2405 1450 2462 ιιι,
1485 2390 1570 2451 ti:
1605 2387 1761 2474 qu
1783 2388 2150 2466 Dominus,
2182 2398 2247 2454 et
2273 2410 2410 2455 non
2437 2397 2691 2455 mutor.

1136 2488 1342 2559 Eccli.
1408 2513 1571 2567 χιιι,
1644 2494 1767 2562 17:
1848 2495 2092 2563 Nonne
2138 2497 2304 2577 fecit
2358 2497 2695 2564 Dominus

1130 2608 1400 2664 sanctos
1463 2622 1790 2668 enarrare
1860 2603 2098 2669 omnia
2142 2601 2500 2670 mirabilia
2535 2625 2690 2680 sua,

1132 2726 1287 2793 quae
1339 2706 1775 2792 confirmavit
1841 2710 2185 2776 Dominus
2271 2711 2693 2802 omnipotens

1132 2808 1448 2879 stabiliri
1484 2813 1554 2878 in
1580 2811 1818 2903 qloria
1842 2836 1975 2881 sua
2012 2814 2054 2881 ἰ)

1234 3057 1267 3095 ι
1297 3032 1393 3099 Et
1420 3052 1675 3099 omnes.
1701 3058 1735 3094 ι
1776 3030 1951 3100 Ecce
1977 3029 2382 3111 secundum,
2441 3034 2514 3101 in
2550 3053 2687 3123 quo

1130 3135 1489 3227 subjungit
1524 3135 1921 3205 transeundi
1948 3136 2258 3208 modum.

1220 3243 1335 3310 Ait
1365 3243 1550 3310 enim
1579 3263 1595 3310 :
1635 3241 1753 3312 Sic
1782 3241 1934 3312 coeli
1989 3242 2331 3335 peribunt,
2376 3274 2409 3308 «ι
2441 3256 2508 3312 et
2534 3266 2687 3311 om-

1126 3373 1241 3417 nes
1281 3358 1713 3429 veterascent,
1750 3375 1783 3415 s
1819 3351 2117 3441 priorem
2159 3351 2448 3420 formam
2479 3352 2686 3421 amit-

1130 3464 1298 3537 tent,
1333 3483 1366 3523 ι
1398 3460 1578 3525 sicut
1635 3459 2138 3534 vestimentum.
2185 3484 2219 3525 s
2277 3459 2486 3550 longo
2553 3482 2681 3527 usu

1126 3567 1419 3656 primam
1460 3566 1716 3634 amittit
1749 3565 2069 3635 formam.
2133 3565 2269 3636 Sed
2331 3567 2679 3660 quomodo

1122 3670 1310 3755 dicit,
1393 3673 1579 3741 sicut
1662 3675 2141 3743 vestimentum
2178 3673 2220 3740 Ρ
2317 3677 2681 3743 vestimen·

1121 3787 1270 3849 tum
1299 3780 1630 3872 paulatim
1660 3788 1729 3851 et
1754 3782 2134 3853 successive
2163 3782 2452 3852 formam
2482 3788 2679 3856 amit·

1121 3891 1227 3969 tit,
1260 3889 1378 3957 sed
1430 3890 1550 3958 illa
1585 3890 1816 3961 subito
1853 3893 2195 3962 amittent.
2264 3892 2394 3964 lsa.
2449 3918 2536 3974 ιι,
2579 3899 2619 3963 6
2653 3918 2671 3966 :

1122 3997 1301 4068 Coeli
1366 3998 1547 4066 sicut
1613 3998 1859 4089 sumus
1913 3999 2305 4091 liquescent.
2368 4001 2427 4068 ll
2491 4001 2671 4072 Petr.

1117 4127 1216 4186 ιιι,
1275 4107 1396 4173 ¹⁰:
1441 4106 1620 4177 Coeli
1681 4130 1937 4199 maqno
1983 4109 2244 4201 impetu
2317 4112 2669 4180 transient.

1120 4211 1501 4305 Responsio
1533 4224 1761 4303 posset
1790 4237 1964 4294 esse,
1995 4216 2181 4306 quod
2212 4239 2351 4286 non
2379 4217 2677 4289 attendi-

1119 4327 1230 4386 tur
1282 4318 1662 4387 similitudo
1728 4329 2063 4412 quantum
2122 4321 2205 4390 ad
2265 4323 2548 4393 modum
2600 4328 2670 4394 in

1120 4424 1494 4515 pereundo,
1526 4424 1646 4493 sed
1669 4434 2000 4515 quantum
2019 4426 2105 4495 ad
2143 4427 2209 4496 id
2237 4429 2419 4519 quod
2452 4432 2670 4521 perire

1118 4533 1341 4601 debet.
1403 4534 1620 4614 Quasi
1685 4535 1938 4603 diceret
1970 4558 1987 4603 :
2051 4535 2242 4607 Sicut
2277 4537 2369 4606 ibi
2422 4538 2664 4617 forma.

1117 4642 1213 4708 sic
1243 4639 1375 4709 hic.
1400 4639 1528 4707 Vel
1559 4640 1706 4710 haec
1733 4640 2112 4710 similitudo
2139 4647 2431 4715 sumitur
2455 4670 2670 4737 quan·

1116 4755 1262 4817 tum
1297 4746 1380 4815 ad
1440 4747 1505 4815 id
1538 4757 1818 4839 propter
1861 4749 2046 4841 quod
2110 4759 2331 4820 totum
2397 4753 2664 4839 dicitur,

1115 4865 1446 4945 quantum
1513 4855 1769 4925 scilicet
1833 4857 1919 4925 ad
1967 4856 2345 4939 hominem.
2406 4863 2475 4929 in
2529 4885 2667 4955 quo

1113 4964 1344 5030 omnia
1412 4960 1865 5031 mutabuntur
1935 4966 2107 5033 sicut
2154 4969 2660 5038 vestimentum.

1112 5071 1583 5160 compositum
1626 5071 1809 5138 enim
1848 5080 1952 5139 est
1991 5071 2367 5145 humanum
2420 5098 2670 5169 corpus

1110 5200 1194 5247 ex
1233 5176 1581 5250 omnibus.
1651 5186 1720 5245 et
1759 5177 1981 5262 ipsum
2022 5180 2270 5249 animae
2297 5185 2671 5252 vestimen-

1111 5296 1283 5355 tum.
1313 5284 1474 5361 tob.
1527 5307 1597 5364 x,
1646 5287 1717 5353 Η
1781 5285 2037 5354 :Pelle
2099 5296 2164 5354 et
2197 5289 2523 5360 carnibus
2567 5315 2672 5359 ve-

1106 5391 1292 5458 stisti
1325 5410 1458 5469 me,
1499 5387 1796 5466 ossibus,
1829 5398 1960 5458 etc.
1996 5388 2143 5459 lloc
2184 5402 2411 5462 autem
2443 5404 2672 5463 muta-

1108 5495 1317 5575 bitur,
1350 5503 1415 5563 et
1444 5494 1683 5563 omnia
1741 5495 2084 5564 elementa
2139 5500 2487 5589 superiora
2516 5522 2669 5592 quae

1036 5597 1043 5604 ’
1106 5624 1231 5695 per
1256 5600 1494 5679 coelos.
1530 5599 1858 5669 inferiora
1917 5626 2069 5693 quae
2124 5628 2248 5697 per
2279 5614 2530 5676 ten-mm
2560 5609 2674 5676 iu..

1106 5708 1533 5802 telliguntur.

1366 5860 1481 5904 ml

4281 397 4358 464 17

2902 588 2936 627 ι
2986 567 3080 630 Et
3116 566 3295 631 sicut
3359 567 3800 657 opertorium.
3849 594 3878 630 «
3942 566 4071 634 Hic
4127 587 4366 634 secun-

2808 667 2996 745 dum,
3028 671 3097 736 in
3130 694 3265 760 quo
3298 673 3593 741 ostendit
3647 683 4123 762 corruptorum
4160 695 4366 763 repa-

2808 781 3143 848 rationem
3200 784 3272 849 in
3332 783 3686 852 meliorem
3741 785 4059 861 formam.
4112 793 4178 851 et
4231 783 4365 851 hoo

2807 909 2928 976 per
3025 887 3548 979 duplicationem
3660 892 4184 975 immutationis,
4298 897 4365 957 et

2810 994 3225 1085 exemplum.

2897 1101 3013 1168 Ait
3044 1102 3227 1169 enim
3254 1125 3270 1169 :
3309 1102 3424 1171 Sic
3452 1104 3631 1185 dico,
3666 1104 3849 1194 quod
3878 1102 4365 1194 peribunt,sio-

2810 1216 2886 1275 ut
2949 1210 3442 1278 vestimentum
3498 1208 4007 1290 veterascendo,
4059 1208 4191 1277 hoc
4230 1217 4356 1288 est,

2810 1319 3103 1406 primam
3134 1317 3426 1386 formam
3466 1319 3863 1387 amittendo.
3911 1347 3944 1381 «
3978 1320 4074 1385 Et
4128 1327 4367 1386 muta-

2813 1424 2914 1492 bis
2942 1449 3051 1494 eos
3112 1429 3291 1495 sicut
3326 1430 3769 1518 opertorium,
3816 1453 3849 1493 s
3921 1434 4223 1494 mutatur
4277 1425 4365 1494 ab

2810 1532 3090 1602 homine
3139 1537 3210 1604 in
3265 1536 3536 1614 melius,
3611 1562 3644 1602 ι
3698 1546 3760 1604 et
3797 1536 4280 1613 mutabuntur,
4325 1561 4360 1598 ιι

2807 1642 2878 1707 in
2909 1644 3192 1710 veritate
3221 1666 3363 1711 non
3386 1644 3839 1711 destruentur.
3867 1642 4044 1711 Hinc
4071 1642 4364 1731 sumpsit

2812 1749 3064 1817 Paulus
3094 1749 3279 1841 quod
3318 1751 3490 1819 dixit
3519 1750 3604 1819 ad
3643 1749 3851 1818 Hebr.
3898 1773 3944 1827 1,
3991 1752 4115 1817 12:
4171 1748 4368 1817 Velut

2805 1859 3132 1924 amictum
3188 1857 3493 1925 mutabis
3561 1881 3694 1935 eos,
3762 1867 3825 1922 et
3880 1855 4358 1924 mutabuntur.

2806 1963 2865 2030 ll
2924 1963 3103 2033 I‘etr.
3141 1988 3236 2042 ιιι,
3285 1967 3412 2034 13:
3459 1968 3685 2035 Nouos
3721 1964 3943 2035 coelos.
3995 1975 4059 2031 et
4111 1986 4363 2031 novam

2804 2082 3057 2140 terram
3101 2074 3475 2142 secundum
3508 2074 3850 2165 promissa
3881 2073 4098 2165 ipsius
4163 2095 4362 2165 expe-

2800 2189 3087 2247 ctamus.
3123 2178 3532 2270 ApocalypS.
3606 2201 3750 2258 xxx,
3789 2180 3818 2245 1
3862 2201 3876 2246 :
3928 2177 4083 2246 Vidi
4109 2178 4358 2247 coelum

2798 2307 3075 2362 novum,
3118 2294 3184 2352 et
3213 2294 3467 2354 terram
3487 2305 3760 2353 novam.

2891 2634 2923 2669 «ι
2961 2608 3055 2674 Tu
3084 2615 3316 2674 autem
3348 2604 3528 2672 idem
3585 2606 3728 2697 ipse
3771 2627 3862 2672 es.
3901 2630 3934 2670 ι
3996 2603 4194 2673 Dicta
4240 2627 4353 2676 re·-
4485 2620 4611 2684 28

2797 2739 2947 2783 rum
3018 2713 3493 2791 mutabilitate.
3555 2712 3664 2781 hic
3736 2711 4172 2802 subjungitur
4266 2713 4350 2783 de
4380 2722 4681 2825 fflffijffinu

2796 2822 2918 2890 Dei
2948 2818 3524 2895 immutabilitate.
3557 2842 3598 2887 a
3637 2841 3773 2911 qua
3808 2828 3911 2887 est
3957 2818 4073 2887 illa
4118 2828 4354 2888 muta-

2791 2926 3060 2997 bilitas:
3094 2936 3161 2997 et
3189 2925 3572 2996 ostenditur
3598 2947 3738 2993 non
3780 2947 3926 2994 esse
3982 2947 4064 2993 ex
4113 2935 4351 2995 muta-

2791 3035 2974 3102 tione
3049 3032 3279 3125 aliqua
3344 3033 3593 3124 primo.
3640 3032 3723 3100 Et
3776 3054 3917 3100 non
3946 3030 4225 3101 tendere
4277 3032 4351 3102 in

2791 3140 3312 3212 mutabilitatem
3418 3138 3719 3233 aliquam
3808 3138 4134 3221 secund0,
4220 3138 4345 3223 ibi,

2790 3274 2825 3315 ι
2865 3252 2963 3317 Et
2989 3249 3180 3318 anni.
3219 3274 3255 3312 s

2875 3358 2995 3424 Ait
3029 3355 3213 3424 enim
3249 3376 3265 3421 :
3312 3354 3429 3423 Sic
3483 3352 4024 3422 meliorabuntur
4069 3354 4226 3432 alia,
4273 3357 4343 3424 in

2784 3483 2921 3550 quo
2962 3461 3454 3529 mutabuntur:
3501 3487 3536 3524 er
3570 3470 3646 3527 tu
3683 3470 3942 3541 autem,
3996 3487 4032 3522 ιι
4064 3459 4342 3529 illorum

2785 3569 3183 3636 immutator
3236 3575 3304 3635 et
3369 3564 3788 3640 meliorator.
3854 3591 3887 3631 ι
3951 3565 4132 3634 idem
4198 3569 4344 3659 ipse

2779 3698 2872 3756 es,
2908 3703 2941 3738 ι»
3014 3696 3156 3743 ιιοιι
3213 3680 3516 3742 mutatus
3573 3695 3658 3741 ex
3696 3675 3931 3765 priori.
3969 3672 4190 3744 Exod.
4234 3695 4336 3753 ιιι,

2786 3785 2909 3852 14:
2949 3786 3105 3874 qu
3132 3805 3288 3851 sum
3308 3783 3436 3875 qui
3469 3804 3625 3851 sum
3649 3805 3673 3849 .·
3713 3804 3852 3851 non
3905 3784 4022 3875 qui
4062 3782 4186 3867 rui,
4227 3781 4338 3853 vel

2780 3914 2922 3960 ero.

2869 4025 2904 4066 ι
2936 4001 3032 4068 Et
3067 3999 3239 4066 anni
3288 3998 3420 4077 tui,
3475 4027 3509 4059 υ
3552 3996 3820 4066 duratio
3885 3997 4140 4066 scilicet
4186 4007 4332 4079 tua,

2779 4131 2812 4171 s
2845 4130 2981 4173 non
3037 4106 3379 4195 deficient,
3426 4128 3460 4169 s
3517 4113 3597 4173 ut
3659 4105 3943 4173 muteris
3981 4106 4052 4172 in
4118 4103 4330 4183 aliud,

2774 4212 2882 4281 vel
2923 4211 3161 4281 tendas
3189 4211 3262 4279 in
3300 4231 3443 4279 non
3472 4231 3643 4280 esse.
3679 4209 4089 4302 Gregorius:
4125 4237 4160 4278 ι
4192 4211 4337 4281 An·

2777 4346 2811 4384 ι
2846 4321 2913 4389 ni
2945 4320 3092 4408 rjus
3120 4340 3260 4387 non
3317 4316 3669 4401 deliciunt,
3736 4318 3897 4410 quia
3950 4319 4129 4387 sicut
4182 4319 4333 4409 ejus

2775 4452 2808 4492 ι
2840 4426 3182 4495 aeternitas
3210 4421 3401 4492 nullo
3432 4422 3628 4493 initio
3676 4424 3934 4516 incipit,
3985 4424 4080 4495 ita
4137 4424 4330 4495 nullo

2774 4559 2809 4600 ι
2842 4535 2976 4603 line
3013 4534 3441 4602 terminatur.
3482 4556 3517 4598 s

2860 4642 2944 4710 Et
2981 4651 3144 4711 nota
3181 4638 3316 4717 hic,
3349 4639 3534 4730 quod
3565 4648 3666 4709 est
3711 4641 4127 4731 opertorium
4193 4641 4328 4710 bo·
4352 4646 4663 4748 ‘’mai-⁰?

2770 4773 2963 4831 num,
2996 4747 3318 4819 charitas.
3355 4746 3681 4816 l‘roverb.
3719 4769 3789 4823 x,
3827 4748 3952 4816 ¹2:
3991 4749 4325 4819 Universa
4380 4755 4636 4859 ⁵⁴35:

2771 4857 3026 4925 delicta
3064 4855 3288 4948 operit
3325 4855 3655 4923 charitas.
3702 4851 3858 4932 Em
3897 4852 4079 4923 l‘etr.
4112 4877 4208 4933 ιν,
4241 4858 4321 4925 8:

2774 4967 3097 5037 Charitas
3167 4964 3390 5056 operit
3442 4961 3961 5031 multitudinem
4013 4974 4333 5056 peccato-

2772 5095 2953 5141 rum.
3011 5070 3451 5140 l‘oenitentia.
3507 5067 3746 5151 Josue,
3788 5091 3862 5148 ιι,
3894 5071 3978 5138 6:
4044 5072 4336 5164 Operuit

2771 5201 2881 5246 eos
2907 5175 3175 5270 stipula
3211 5175 3368 5255 lini,
3439 5173 3506 5242 id
3570 5183 3701 5251 est.
3759 5174 4004 5244 humili
4070 5175 4336 5245 confes-

2771 5285 2994 5362 sione.
3028 5293 3096 5353 et
3124 5284 3525 5377 poenitentia
3555 5285 3838 5374 peccati.
3875 5282 3989 5354 Sic
4031 5284 4338 5376 loquitur

2772 5395 3133 5486 poenitens‚
3165 5390 3284 5459 ubi
3324 5391 3485 5459 dicit
3513 5391 3582 5458 in
3615 5390 3794 5460 Psal.
3819 5394 4052 5469 xxxid
4091 5394 4339 5463 :Beati

2770 5522 3066 5593 quorum
3097 5498 3397 5566 remissa:
3438 5504 3603 5565 sunt
3642 5497 4067 5588 iniquitates.
4115 5497 4338 5569 Vere-

2773 5607 3045 5679 cundia.
3079 5604 3278 5676 Unde
3306 5603 3392 5674 de
3429 5602 3738 5675 Rebecca
3765 5603 4038 5691 dicitur,
4079 5605 4332 5678 Genes.

2774 5736 2962 5794 xxiv,
3004 5715 3091 5784 65
3120 5736 3136 5782 :
3169 5713 3262 5780 At
3290 5712 3425 5781 illa
3453 5709 3704 5780 tollens
3724 5711 4034 5802 pallium
4094 5737 4331 5795 suum,

4036 5851 4073 5905 2
