5008 6329
376 488 491 557 17

614 289 698 352 ‹3ss
1616 286 1699 352 D.
1756 284 1949 351 ALB.
2005 283 2217 350 MAG.
2272 281 2474 348 Ono.
2533 285 2820 355 PRAED.

709 485 741 520 «
775 460 971 527 Misit
1000 468 1157 528 ante
1190 461 1335 538 ζεοε.
1373 485 1406 520 »
1451 457 1577 523 llic
1625 455 1924 546 tangitur
1972 454 2159 546 ipso-

617 592 767 637 rum
807 573 1166 661 protectio,
1198 565 1667 648 describend0‚
1711 573 1775 632 et
1807 565 2163 634 ostenden-

2285 452 2736 521 Vcndidcrunt
2851 476 3030 532 cum,
3157 454 3414 523 scilic-et
3528 448 3813 540 Joseph‚

2274 563 2665 631 Ismaelilis.
2735 563 2818 629 Et
2879 562 3031 644 hoc,
3105 564 3245 629 «in
3272 583 3571 638 servum,
3609 584 3641 623 n
3697 557 3816 626 sed

617 680 703 749 do
734 689 986 750 statum
1024 679 1317 748 ministri
1374 677 1812 768 protectionis
1846 698 1860 743 :
1915 678 1986 744 iu
2025 699 2159 767 quo
2271 674 2576 762 pervenit
2616 673 2698 741 ad
2754 671 3083 740 honorem
3115 672 3520 738 maximum.
3559 667 3818 758 Grego-

618 788 933 857 dicuntur
978 788 1139 856 du0.
1200 785 1464 868 Primo,
1531 783 1760 851 divina
1826 783 2159 852 ordinatio

618 897 894 964 mittens
933 894 1325 962 ministrum
1374 893 1817 982 protectionis
1858 899 2162 981 tempore

619 1007 870 1075 debito.
921 1003 1262 1082 Secund0,
1305 1003 1497 1071 missi
1519 1004 1905 1092 descripti0‚
1940 1023 2163 1092 quan-

619 1122 766 1181 tum
813 1110 901 1179 ad
946 1117 1196 1178 statum
1255 1109 1594 1201 duplicem
1652 1108 2052 1177 humilitatis
2100 1114 2167 1174 et

622 1218 996 1310 dignitatis,
1029 1216 1150 1296 ibi,
1186 1244 1220 1279 «
1262 1218 1347 1286 In
1373 1240 1666 1286 servum.
1714 1241 1748 1281 s

712 1329 890 1397 Dicit
928 1348 1144 1419 ergo:
1210 1326 1325 1397 Sic
1371 1328 1621 1410 famem
1696 1327 1990 1404 vocavit,
2046 1325 2164 1393 sed

621 1439 861 1509 volens
900 1461 1062 1507 suos
1091 1430 1522 1518 conservare,
1585 1466 1616 1498 «
1648 1438 1835 1504 misit
1874 1447 2030 1504 ante
2058 1460 2166 1505 eos

623 1552 875 1630 virum,
920 1577 952 1611 υ
1016 1548 1274 1640 Joseph
1323 1548 1604 1631 scilicet,
1671 1549 1786 1637 qui
1826 1549 1930 1615 vir
1993 1546 2165 1615 bene

626 1658 893 1737 dicitur,
934 1664 1212 1748 propter
1239 1664 1533 1734 aetatem‚
1595 1665 1871 1746 propter
1898 1678 2163 1734 sexum,

624 1775 690 1836 et
717 1773 994 1856 propter
1030 1763 1439 1854 probitatem
1474 1785 1490 1829 :
1526 1762 1705 1831 unde
1742 1784 1979 1831 versus
2014 1785 2030 1830 :

655 1980 756 2038 Vir
780 1984 954 2039 notat
979 1983 1238 2047 uitatem,
1259 1979 1350 2037 vir
1377 1996 1605 2044 sexum,
1636 1979 1726 2036 vir
1754 1978 2130 2052 probitatem.

715 2182 1005 2274 Propter
1033 2180 1218 2276 quod
1247 2178 1511 2250 dicebat
1545 2178 1884 2256 iratribus,
1920 2179 2164 2248 (lenes,

625 2314 782 2372 ΜΝ,
815 2292 856 2360 5
897 2297 961 2357 et
999 2311 1144 2381 seq.
1203 2311 1219 2357 ε
1268 2291 1407 2357 Pro
1446 2288 1676 2356 salute
1713 2296 1932 2355 vestra
1982 2287 2170 2354 misit

628 2423 733 2468 me
789 2400 979 2469 Deus
1024 2406 1186 2466 ante
1229 2419 1346 2464 vos
1380 2396 1451 2464 in
1481 2397 1903 2486 AEqyptum.
1973 2396 2173 2464 Bien-

624 2510 820 2578 nium
840 2515 938 2576 est
952 2506 1133 2575 mim
1152 2503 1342 2597 quod
1356 2505 1555 2596 coepit
1566 2504 1784 2592 sames
1797 2527 1936 2572 esse
1955 2504 2023 2572 in
2046 2514 2174 2572 ter-

627 2643 707 2689 ra
726 2627 824 2686 :et
843 2617 1073 2685 adbuc
1098 2614 1403 2707 quinque
1426 2614 1597 2681 anni
1616 2621 1898 2693 restant,
1923 2611 2172 2704 quibus

628 2750 745 2796 nec
772 2726 971 2794 arari
990 2723 1245 2816 poterit
1280 2744 1401 2790 nec
1445 2721 1632 2791 meti.
1693 2720 2172 2811 Praemisitque

626 2859 733 2904 me
776 2836 965 2905 Deus
1016 2840 1094 2900 ut
1141 2829 1574 2900 reservemini
1637 2850 1844 2919 super
1886 2838 2164 2895 terram.

624 2946 915 3029 Quando
954 2942 1124 3014 tales
1152 2965 1193 3012 a
1222 2942 1369 3012 Deo
1407 2941 1914 3035 praeiiiittuntur
1939 2963 2167 3032 popu-

622 3055 716 3133 lo,
759 3054 877 3146 qui
905 3051 1035 3123 viri
1077 3059 1263 3132 sunt,
1313 3046 1792 3119 benevolentia
1839 3047 1964 3116 Dei
2008 3056 2107 3117 est
2146 3071 2162 3115 ε

620 3160 894 3255 quando
923 3160 1217 3251 juvenes
1280 3163 1349 3226 ει
1387 3153 1656 3243 molles,
1696 3163 1858 3224 tunc
1904 3154 2002 3223 ira
2040 3153 2167 3224 Dci

620 3278 745 3340 est.
806 3268 939 3337 Isa.
989 3290 1087 3347 m,
1140 3266 1235 3336 4:
1297 3263 1499 3336 Dabo
1540 3286 1790 3357 pueros
1818 3264 2170 3356 principes

617 3397 879 3461 eorum,
919 3383 987 3443 et
1034 3373 1441 3465 effoeminati
1470 3368 2016 3439 dominabuntur
2043 3371 2160 3438 eis.

615 3481 702 3551 Et
772 3481 976 3550 bene.
1030 3477 1218 3560 dicit,
1286 3487 1446 3546 ante
1492 3499 1605 3545 eos
1664 3498 1680 3545 :
1742 3474 1901 3543 boni
1983 3475 2166 3544 enim

616 3591 936 3685 pastoris,
969 3589 1086 3682 qui
1133 3597 1237 3658 est
1272 3588 1382 3656 vir
1443 3609 1484 3656 a
1530 3585 1677 3655 Deo
1726 3586 1999 3665 missus,
2066 3592 2167 3654 est

618 3701 883 3796 praeire,
917 3697 1293 3770 secundum
1325 3695 1494 3766 illud
1538 3696 1741 3765 Joan.
1776 3720 1845 3775 x,
1890 3696 1930 3763 4
1975 3717 1992 3764 ε
2026 3694 2170 3763 Bo·

618 3833 750 3880 nus
775 3815 1091 3901 pastor...
1134 3827 1291 3876 cum
1308 3805 1640 3899 proprias
1665 3827 1817 3873 oves
1843 3804 2164 3882 emiserit,

621 3926 780 3987 ante
813 3939 929 3986 eas
965 3912 1162 3983 vadit
1201 3933 1218 3981 ε
1251 3921 1318 3981 et
1342 3934 1498 3982 oves
1528 3910 1739 3980 illum
1757 3920 2161 4004 sequuntur.

624 4022 838 4095 Stella
874 4018 1317 4094 antecedebat
1345 4018 1588 4113 Magos
1622 4020 1668 4087 ⁸.

713 4257 748 4299 ι
788 4232 874 4303 In
921 4251 1194 4300 servum
1253 4227 1712 4298 venumdatus
1775 4238 1895 4298 est.
1942 4254 1977 4290 n
2045 4224 2172 4296 llic

620 4338 1024 4412 describitur
1076 4336 1389 4408 minister
1426 4334 1894 4429 protectionis.
1935 4333 2173 4402 Primo

624 4472 788 4543 crgo
834 4446 1141 4542 tangitur
1194 4444 1344 4538 ejus
1387 4440 1860 4514 humilitiatio.
1908 4440 2176 4511 Secun-

627 4557 744 4639 do,
809 4553 1156 4627 humiliati
1197 4550 1549 4633 exaltatio,
1616 4549 1736 4631 ibi,
1814 4549 1884 4617 iu
1948 4548 2175 4618 medio

626 4674 693 4745 y.
729 4667 809 4736 19
853 4687 872 4736 :
907 4688 944 4733 s
996 4660 1380 4758 Eloquium
1408 4659 1719 4731 Domini.
1767 4682 1801 4724 ι

720 4773 802 4843 ln
828 4773 1053 4866 prima
1080 4770 1245 4842 duo.
1286 4769 1552 4853 Primo,
1575 4764 1965 4838 humiliatio
1996 4764 2178 4835 illius

633 4904 674 4951 a
708 4879 1030 4951 iratribus
1063 4877 1385 4973 propriis.
1411 4875 1756 4955 Secundo,
1797 4873 1882 4942 ab
1919 4873 2181 4968 AEgyp-

632 4988 769 5073 tiis,
802 4986 923 5073 ibi,
962 4994 1028 5065 y.
1069 4987 1150 5055 18
1184 5008 1202 5056 :
1238 5009 1273 5051 ι
1314 4982 1880 5056 IIumiliaverunt
1912 5005 2095 5051 eum.
2140 5010 2175 5047 »ι

717 5091 901 5181 Dicit
968 5113 1135 5184 crgo
1179 5087 1347 5160 :Sic
1409 5090 1663 5159 missus
1721 5095 1823 5158 est
1888 5086 2053 5158 vir:
2113 5095 2179 5156 et

636 5228 671 5265 α
707 5198 987 5292 Ioseph,
1040 5223 1074 5265 n
1107 5197 1221 5270 ille
1257 5197 1368 5268 vir
1419 5196 1701 5280 scilicet,
1754 5194 1877 5290 'qui
1934 5195 2182 5264 missus

635 5313 738 5374 est
757 5312 916 5374 antc
930 5326 1078 5387 eos,
1096 5328 1133 5373 e
1155 5303 1615 5375 venumdatus
1629 5312 1729 5372 est
1748 5303 1817 5370 in
1837 5323 2177 5383 servum,-

637 5439 678 5486 a
712 5413 1032 5483 fratribus
1081 5414 1402 5506 propriis.
1453 5411 1698 5483 Gencs.
1744 5434 2006 5491 xxxx-u,
2040 5412 2176 5478 28:

703 5651 721 5688 ¹
754 5645 839 5706 Cf.
873 5643 1083 5703 Matth.
1116 5657 1179 5712 ιι,
1210 5644 1266 5699 9.

2275 780 2413 845 rins
2447 802 2462 845 ε
2501 806 2531 843 α
2564 780 2816 871 Joseph
2861 777 3176 847 venditus
3230 786 3330 844 est
3386 801 3428 845 a
3464 776 3812 857 fratribus,

2276 915 2306 947 «
2346 909 2429 952 ne
2459 888 2849 956 adoraretur
2891 911 2905 955 :
2979 886 3096 955 sed
3127 885 3280 954 ideo
3321 893 3423 953 est
3460 884 3811 968 adoratus,

2287 1022 2316 1057 α
2356 994 2516 1084 quia
2569 997 2903 1065 venditus,
2946 1027 2978 1059 »
3040 994 3485 1064 Cassiodorus
3520 1013 3536 1062 ε
3599 1017 3633 1059 a
3674 992 3819 1060 Ve-

2283 1131 2314 1164 α
2344 1102 2707 1171 numdatus
2735 1103 2988 1193 Joseph
3019 1103 3106 1171 ad
3152 1102 3535 1180 servitium,
3579 1121 3817 1193 perve-

2279 1237 2311 1272 «
2353 1209 2454 1277 nit
2484 1210 2567 1277 ad
2596 1212 2908 1303 gloriam.
2946 1210 3008 1276 ν’

2369 1567 2403 1609 ι
2467 1545 3048 1613 [lumiliaverunt.
3099 1571 3130 1607 n
3210 1543 3340 1611 Hic
3414 1540 3815 1618 secundum,
3951 1544 4076 1610 18

2277 1647 2658 1719 humiliatio
2697 1651 2949 1719 scilicet
2978 1650 3063 1718 ab
3099 1648 3476 1742 AEgyptiis‚
3511 1668 3663 1738 quae
3694 1645 3823 1713 tuit

2277 1758 2346 1826 in
2405 1759 2924 1830 incarceratione
2983 1760 3234 1849 injusta
3306 1781 3323 1827 :
3378 1766 3448 1826 et
3502 1757 3823 1825 dicuntur

2278 1865 2437 1932 duo.
2474 1865 2729 1948 l’rimo,
2763 1870 2907 1958 ojus
2962 1865 3375 1957 compeditio
3422 1864 3495 1931 in
3525 1885 3816 1932 carcere.

2280 1973 2617 2059 Secundo,
2660 1976 2949 2045 moratio
2997 1982 3063 2043 et
3103 1973 3375 2042 duratio
3417 1972 3488 2041 in
3516 1971 3636 2040 illo
3669 1993 3823 2040 car-

2278 2103 2453 2165 cere,
2494 2081 2612 2168 ihi,
2656 2110 2690 2149 a
2724 2085 3008 2152 Ferrum
3035 2080 3466 2173 pertransiit.
3505 2103 3539 2145 n

2364 2190 2542 2259 Dicit
2589 2213 2801 2286 ergo:
2847 2192 2957 2261 Sic
3027 2192 3267 2260 iratres
3331 2188 3816 2271 vendiderunt,

2278 2309 2345 2369 et
2386 2299 2693 2393 AEgyptii
2742 2302 2985 2394 quibus
3038 2299 3355 2368 venditus
3402 2298 3529 2368 fuit
3575 2298 3661 2365 ab
3724 2296 3819 2365 Is-

2278 2405 2592 2488 maclitis,
2631 2409 3235 2477 «humiliaverunt
3276 2405 3484 2498 pedes
3529 2403 3711 2495 ejus,
3748 2404 3819 2470 in

2276 2516 2708 2606 compedibus
2742 2542 2774 2581 s
2809 2516 2959 2584 illos
2988 2513 3334 2607 ponend0.
3365 2513 3613 2604 Tangit
3652 2534 3822 2604 quo-

2277 2623 2482 2692 modo
2523 2629 2777 2716 positus
2813 2626 2938 2694 init
2977 2628 3047 2693 in
3075 2646 3365 2702 carcerc,
3398 2623 3560 2715 quia
3598 2620 3820 2689 noluit

2277 2735 2655 2802 consentire
2733 2734 2929 2802 uxori
3007 2731 3271 2801 domini
3353 2731 3485 2798 sui.
3563 2727 3812 2797 Genes.

2274 2860 2510 2918 xxxix,
2548 2843 2624 2909 19
2655 2850 2722 2911 ει
2749 2844 2833 2909 20
2868 2864 2883 2908 :
2919 2842 3047 2911 llis
3084 2839 3346 2908 auditis
3383 2837 3731 2914 dominus,
3757 2845 3820 2904 et

2273 2943 2567 3013 nimium
2596 2946 2914 3016 credulus
2951 2943 3168 3013 verbis
3204 2941 3554 3036 conjuyis,
3598 2942 3821 3010 iratus

2274 3060 2372 3118 est
2419 3053 2618 3122 valde
2654 3078 2676 3122 .·
2716 3053 3142 3145 tradiditque
3175 3050 3427 3144 Josepli
3474 3050 3544 3117 in
3599 3071 3820 3118 carce·

2273 3184 2440 3242 rem,
2483 3160 2603 3231 ubi
2629 3163 2835 3232 vincti
2869 3162 3050 3255 reyis
3084 3157 3669 3229 custodiebantur.
3703 3155 3815 3236 Et,

2274 3291 2385 3348 xi..
2433 3270 2510 3337 11
2566 3280 2632 3341 et
2675 3273 2780 3354 ¹5,
2821 3270 2989 3339 dixit
3028 3269 3371 3361 pincernae
3406 3290 3423 3337 ε
3477 3267 3819 3337 Memento

2275 3377 2432 3460 mei,
2463 3401 2615 3447 cum
2654 3380 2816 3449 bene
2853 3378 2981 3447 tibi
3023 3379 3266 3469 luerit,
3300 3386 3366 3445 et
3408 3376 3638 3467 socias
3675 3397 3822 3443 me-

2272 3507 2423 3553 cum
2492 3486 3052 3565 misericordiam,
3124 3495 3199 3553 ut
3250 3506 3588 3577 suyyeras
3635 3481 3822 3553 Plia-

2273 3595 2471 3663 raoni
2498 3605 2575 3662 ut
2601 3595 2844 3665 educat
2893 3617 3000 3663 me
3035 3592 3120 3662 de
3157 3594 3286 3661 isto
3313 3613 3606 3674 carcere,
3648 3589 3818 3681 quia

2269 3703 2463 3793 furto
2489 3703 2803 3773 subtatus
2821 3726 2973 3773 sum
3012 3702 3099 3770 de
3124 3710 3310 3770 terra
3336 3697 3814 3778 Hebraeorum,

2272 3814 2337 3871 et
2362 3804 2474 3873 bic
2511 3805 2822 3876 innocens
2843 3806 2913 3875 in
2946 3806 3175 3874 lacum
3213 3803 3466 3872 missus
3491 3822 3674 3869 sum.

2364 4038 2398 4080 a
2456 4017 2742 4086 Ferrum
2786 4014 3211 4109 pertransiit.
3291 4041 3329 4077 n
3386 4011 3517 4083 Hic
3577 4033 3818 4082 secun-
3841 4007 4168 4111 ,2¹33ss

2274 4123 2460 4193 dum.
2504 4126 2711 4207 Quasi
2746 4125 2996 4196 diceret
3037 4148 3054 4194 ε
3090 4123 3169 4194 ln
3206 4120 3336 4195 hac
3373 4120 3815 4193 tribulatione
3870 4117 4132 4218 *dm*

2273 4231 2423 4314 tuit,
2462 4234 2580 4302 sed
2618 4232 2942 4329 quamdiu
2971 4235 3008 4302 ?
3063 4230 3456 4324 Respondet
3496 4254 3514 4302 ε
3567 4254 3602 4296 ι
3644 4230 3819 4300 Fer·

2275 4363 2456 4424 rum,
2493 4368 2526 4407 ι
2568 4343 2635 4412 id
2663 4352 2789 4420 est.
2820 4342 2988 4412 dura
3006 4340 3358 4411 tribulatio
3389 4347 3457 4409 et
3491 4336 3819 4410 domitrix

2277 4447 2610 4528 omnium,
2672 4477 2704 4514 ι
2749 4446 3154 4541 pertransiit
3206 4445 3523 4515 animam
3550 4443 3733 4537 ejus.
3774 4470 3805 4507 ι

2278 4553 2393 4624 Sic
2422 4553 2685 4627 locutus
2713 4565 2814 4626 est
2853 4554 3135 4625 Simeon
3172 4552 3259 4624 ad
3288 4552 3608 4634 Mariam,
3648 4550 3818 4622 Luc.

2277 4687 2349 4742 n,
2387 4664 2849 4737 35:15’ttuam
2889 4666 3104 4759 ipsius
3133 4664 3447 4735 animam
3467 4673 3823 4759 pertrans-

2280 4773 2405 4844 ibit
2492 4777 2798 4867 qladius.
2847 4774 3003 4857 vel,
3069 4783 3146 4845 ut
3213 4777 3306 4846 sit
3368 4773 3737 4868 hypallage
3801 4794 3819 4841 τ

2284 4906 2318 4948 ι
2359 4883 2643 4953 Ferrum
2691 4883 3094 4979 pertransiit
3113 4883 3426 4953 animam
3454 4880 3640 4973 ejus,
3685 4906 3720 4942 n
3755 4876 3823 4947 id

2281 4997 2405 5067 cst,
2438 4992 2665 5062 anima
2700 4992 2847 5084 ejus
2868 4991 3258 5084 pertransiit
3302 4988 3585 5060 ferrum.
3630 4984 3821 5056 Idem

2281 5120 2543 5170 sensus.

2375 5413 2457 5483 Et
2484 5411 2635 5496 hoc,
2671 5440 2705 5482 ι
2747 5416 2955 5484 donec
2991 5414 3268 5495 veniret,
3305 5438 3340 5479 s
3382 5413 3452 5483 id
3487 5421 3619 5497 est,
3659 5434 3827 5482 eve·
3957 5416 4090 5484 10
