5008 6329
1841 335 2548 407 COMMENTARIUS
2598 340 2693 407 IN
2741 310 3179 419 PSALMUM
3227 354 3489 427 chn.

4165 370 4285 436 481

1074 538 1107 578 α
1151 510 1432 603 quando
1482 507 2022 600 persequebatur
2068 528 2247 585 eum,
2301 515 2424 572 etc.
2468 531 2499 568 »
2537 506 2621 572 Et
2726 533 2921 581 suam
2961 519 3205 589 audiri.
3256 523 3594 608 Secundo,
3633 532 3936 599 auditam
3980 531 4287 602 clemen*

1065 623 1282 712 tangit
1341 620 1720 694 historiam,
1802 639 1950 707 quae
2003 615 2291 683 habetur
2329 613 2388 679 11
2444 613 2610 702 Reg.

2722 629 2826 688 ter
2864 627 3141 715 suscipi.
3197 630 3313 709 ibi,
3352 658 3382 694 «
3419 636 3716 704 Auribus
3739 643 4034 732 percipe.
4067 667 4101 708 n

1060 754 1175 807 κν,
1214 753 1353 814 xvi,
1407 751 1555 798 xvn
1596 737 1663 796 et
1702 750 1865 794 xvm
1905 749 1920 793 ε
1968 726 2088 791 etsi
2131 723 2338 789 etiam
2392 722 2618 809 potuit
2713 805 2719 812 ο

1058 861 1233 920 esse,
1270 839 1457 930 quod
1488 846 1653 904 tunc
1699 832 2085 923 composuit
2132 829 2482 895 Psalmum
2521 831 2613 895 is-

1056 955 1205 1013 tum
1237 948 1506 1039 positus
1538 946 1608 1011 in
1661 939 2000 1031 angustia,
2035 945 2099 1005 et
2142 939 2611 1025 persecutione

1057 1059 1284 1146 gravi:
1321 1065 1554 1122 tamen
1596 1049 1814 1139 magis
1857 1046 2126 1136 respicit
2163 1045 2478 1113 Psalmus
2526 1046 2612 1114 ad

1058 1164 1558 1254 significatum:
1612 1157 1828 1248 magis
1888 1156 2069 1222 enim
2124 1156 2263 1244 agit
2330 1153 2411 1221 de
2480 1152 2611 1221 hoc

1061 1271 1244 1361 quod
1277 1273 1346 1338 in
1386 1267 1503 1336 illa
1538 1264 2004 1356 persecutione
2039 1264 2402 1354 figuratum
2454 1262 2604 1340 fuit,

1059 1403 1265 1470 quam
1296 1379 1378 1446 de
1409 1399 1491 1444 eo
1533 1374 1718 1465 quod
1749 1371 2123 1442 litteraliter
2161 1373 2410 1439 factum
2452 1370 2601 1436 fuit.

1057 1487 1452 1555 Notandum
1495 1483 1707 1561 enim,
1752 1481 1937 1573 quod
1967 1479 2185 1549 David
2216 1489 2349 1554 tres
2371 1478 2606 1544 inimi-

1054 1619 1171 1664 cos
1236 1592 1558 1660 habuisse
1617 1591 1892 1682 legitur,
1935 1590 2076 1655 sive
2116 1589 2244 1653 tria
2286 1586 2605 1653 inimico-

1052 1725 1204 1769 rum
1236 1723 1485 1792 genera
1515 1723 1531 1768 :
1572 1699 2033 1787 AlienigenaS‚
2069 1693 2400 1760 Moabitas
2430 1693 2607 1761 scili-

1049 1819 1199 1876 cet:
1237 1817 1303 1875 et
1362 1828 1490 1873 nos
1557 1803 1873 1872 similiter
1927 1801 2294 1877 daemoncS,
2368 1808 2604 1867 contra

1051 1937 1222 2005 quos
1298 1914 1423 1980 fuit
1480 1911 1863 2002 specialiter
1915 1908 2131 1976 oratio
2190 1908 2259 1974 in
2316 1905 2602 1973 Psalmo

1050 2021 1193 2100 illo,
1235 2021 1556 2102 Domine,
1597 2017 1961 2087 clamavi¹.
2009 2015 2091 2082 Et
2130 2012 2431 2089 Saulem,
2486 2014 2602 2103 qui

1047 2130 1529 2218 interpretatur
1560 2126 1829 2217 petitio,
1855 2133 1920 2192 et
1948 2124 2172 2213 signat
2222 2121 2550 2188 mundum
2582 2141 2596 2182 :

1045 2247 1111 2306 et
1166 2244 1404 2304 contra
1454 2234 1637 2303 liunc
1693 2232 2075 2324 specialiter
2115 2233 2181 2298 in
2241 2232 2382 2313 illo,
2437 2232 2600 2298 Voce

1042 2366 1194 2410 mea
1223 2342 1322 2409 ad
1346 2343 1725 2410 Dominum
1756 2338 2056 2407 clamavi
2083 2337 2130 2404 ².
2180 2338 2404 2404 Tertio
2448 2336 2598 2403 Ab·

1043 2452 1380 2528 saionem,
1407 2452 1796 2542 proximum
1827 2471 2052 2525 suum,
2098 2456 2163 2515 et
2183 2448 2407 2537 signat
2444 2469 2594 2515 car-

1043 2584 1245 2630 nem:
1289 2557 1496 2628 ethic
1540 2559 1810 2650 proprie
1849 2567 2019 2631 orat.
2064 2564 2130 2623 et
2188 2556 2597 2623 lamentatur

1050 2672 1388 2760 poenitens
1446 2689 1813 2760 oppressus
1887 2667 2041 2733 isto.
2123 2663 2599 2732 Communiter

1042 2779 1264 2846 oravit
1308 2784 1546 2843 contra
1612 2796 1852 2842 omnes
1897 2773 1964 2839 in
2030 2771 2172 2851 illo,
2220 2772 2434 2862 Eripe
2461 2794 2592 2852 me,

1042 2882 1394 2955 Domine⁸.

1130 3104 1473 3174 Dividitur
1517 3113 1747 3174 autem
1790 3103 2101 3173 Psalmus
2130 3104 2199 3172 in
2238 3102 2405 3171 duas
2434 3124 2595 3193 par-

1040 3224 1143 3285 tes
1199 3214 1687 3307 principaliter,
1750 3215 1924 3282 sicut
1983 3222 2236 3282 tactum
2277 3220 2401 3280 est.
2439 3210 2594 3277 Pri-

1044 3348 1186 3409 mo,
1238 3325 1697 3395 lamentabilis
1743 3326 1977 3417 petitio
2030 3324 2115 3393 ad
2170 3323 2418 3392 Deum.
2474 3320 2595 3390 Se-

1044 3436 1294 3514 cundo,
1326 3435 1482 3504 laeta
1519 3434 1865 3504 conclusio
1905 3435 1986 3502 de
2019 3432 2419 3502 certitudine
2465 3431 2592 3498 im-

1045 3543 1355 3637 petrandi
1411 3546 1725 3635 petitum,
1795 3542 1916 3622 ibi,
1984 3542 2053 3609 in
2130 3541 2263 3608 line
2314 3547 2379 3617 ᾗ.
2460 3540 2585 3608 10:

1058 3682 1092 3719 α
1125 3654 1435 3744 Spiritus
1465 3662 1629 3720 tuus
1655 3650 1893 3719 bonus.
1931 3676 1963 3715 n

1126 3756 1203 3825 In
1253 3757 1476 3847 prima
1527 3755 1690 3825 duo.
1743 3754 2001 3834 Primo,
2078 3754 2245 3844 petit
2301 3775 2442 3821 non
2493 3753 2593 3821 di-

1039 3863 1267 3932 stricte
1308 3862 1601 3953 judicari
1633 3864 1703 3930 in
1765 3862 2014 3931 futuro,
2051 3858 2393 3940 Secundo,
2458 3859 2587 3929 sibi

1037 3973 1327 4042 conferri
1389 3973 1595 4050 bona,
1631 3981 1698 4040 et
1728 3994 1867 4039 non
1917 3970 2099 4038 mala
2140 3970 2208 4037 in
2245 3970 2583 4060 praesenti,

1042 4081 1160 4159 ibi,
1201 4088 1266 4158 ὴ.
1303 4082 1378 4149 6:
1418 4107 1452 4146 ι
1488 4079 1827 4170 Expandi
1855 4101 2121 4146 manus.
2162 4104 2194 4143 n

1129 4188 1206 4257 ln
1258 4190 1481 4280 prima
1520 4188 1680 4256 duo.
1720 4186 1977 4263 Primo,
2015 4187 2201 4276 petit.
2238 4183 2583 4269 Secundo,

1037 4297 1508 4366 necessitatem
1551 4317 1685 4387 qua
1715 4294 1907 4386 petit,
1937 4292 2263 4372 ostendit,
2294 4293 2590 4383 subjun-

1035 4427 1205 4497 gens
1272 4403 1814 4495 persuasionem,
1876 4400 1994 4484 ibi,
2052 4408 2116 4477 ὴ.
2178 4402 2262 4469 3:
2312 4425 2348 4466 ι
2400 4401 2584 4487 Quia

1025 4519 1423 4602 persecutus
1451 4515 1574 4577 est.
1630 4531 1665 4575 ι

1125 4617 1203 4685 ln
1250 4617 1473 4708 prima
1515 4614 1739 4684 adhuc
1767 4615 1928 4685 duo.
1983 4614 2241 4694 Primo,
2281 4613 2584 4705 postulat

1033 4733 1111 4793 ut
1152 4724 1578 4794 exaudiatur.
1639 4722 1981 4803 Secundo,
2039 4722 2445 4792 determinat
2507 4722 2579 4792 in

1032 4856 1170 4925 quo
1210 4831 1455 4901 debeat
1489 4830 1825 4910 exaudiri,
1871 4830 1990 4914 ibi,
2030 4837 2094 4908 5.
2130 4833 2214 4899 2:
2251 4856 2284 4897 ι
2308 4832 2406 4899 Et
2441 4853 2577 4898 non

1030 4947 1265 5017 intres.
1314 4971 1348 5012 n

1119 5054 1199 5125 In
1241 5055 1461 5147 prima
1507 5053 1668 5123 duo.
1704 5051 1965 5131 Primo,
2004 5052 2174 5144 petit
2217 5051 2579 5122 efficaciter

1028 5164 1274 5236 audiri.
1311 5161 1655 5241 Secundo,
1680 5160 1868 5230 addit
1896 5161 2216 5240 rationes,
2248 5182 2458 5251 quare
2477 5164 2576 5231 sic

1028 5273 1248 5343 audiri
1277 5271 1545 5351 debeat,
1588 5270 1706 5350 ibi,
1744 5298 1779 5335 et
1809 5272 1895 5340 In
1921 5258 2223 5340 veritate.
2270 5293 2303 5334 ι

1118 5382 1197 5451 In
1226 5383 1449 5474 prima
1487 5379 1649 5450 duo.
1692 5378 1955 5460 Primo,
1994 5381 2166 5473 petit
2193 5377 2574 5450 orationem

1096 5626 1115 5665 ¹
1147 5622 1308 5683 Psal.
1340 5640 1467 5682 ext..

1091 5715 1119 5753 ⁸
1141 5712 1301 5773 Psal.
1330 5728 1522 5771 um.

1309 5846 1425 5887 xvu

2808 945 2989 1014 Dicit
3039 972 3242 1040 ergo:
3300 951 3355 1018 Ο
3400 981 3432 1015 «
3474 957 3794 1039 Domine,
3832 983 3865 1023 ι)
3919 962 4116 1049 cujus
4176 975 4278 1033 est

2718 1057 3050 1140 potentia,
3108 1081 3141 1121 α
3174 1062 3429 1127 exandi
3492 1066 3875 1134 orationem
3938 1091 4189 1140 meam.
4238 1101 4270 1135 »
4305 1098 4622 1199 Ρι-ῑρηαιρρη

4406 1165 4567 1201 null.

2718 1158 2813 1225 111
2857 1162 3026 1253 Reg.
3061 1188 3207 1244 vm,
3253 1170 3376 1236 28:
3422 1173 3700 1263 Respice
3745 1175 3843 1240 ad
3888 1179 4271 1248 orationem

2713 1264 2892 1327 servi
2929 1267 3059 1341 tui,
3092 1277 3155 1332 et
3184 1270 3281 1334 ad
3306 1294 3533 1360 preces
3562 1273 3739 1361 ejus,
3765 1278 4063 1345 Domine
4090 1284 4273 1350 Deus

2719 1390 2927 1436 meus.
2964 1370 3229 1441 Daniel.
3265 1399 3356 1453 lx,
3406 1380 3528 1445 17:
3571 1383 3885 1464 Exaudi,
3921 1389 4106 1453 Deus
4155 1412 4275 1455 no-

2716 1488 2876 1555 ster,
2957 1483 3334 1551 orationem
3381 1490 3557 1555 servi
3632 1493 3759 1560 tui.
3808 1492 3950 1563 Nec
4002 1504 4270 1566 tantum

2716 1586 2987 1669 exaudi,
3025 1588 3161 1656 imo

2805 1718 2838 1758 α
2871 1696 3197 1779 Auribus,
3233 1724 3266 1764 ι)
3301 1700 3675 1773 clementia}
3715 1716 3876 1785 tuae,
3926 1734 3959 1775 α
3995 1716 4273 1804 percipe

2712 1798 3240 1872 obsecrationem
3294 1830 3539 1888 meam,
3587 1839 3618 1873 »
3673 1816 4058 1885 orationem
4107 1842 4265 1888 cum

2712 1910 3143 1978 attestatione
3197 1936 3545 1983 sacrorum
3611 1920 3734 1987 tibi
3802 1922 4078 1993 factam.
4154 1925 4269 1996 Sic

2712 2015 3000 2083 orabant
3055 2022 3297 2100 sancti,
3356 2022 3617 2094 Daniel.
3663 2051 3756 2105 v1,
3826 2031 3958 2100 13:
4025 2033 4267 2103 Tribus

2711 2125 3128 2213 temporibus
3174 2152 3303 2218 per
3374 2131 3552 2199 diem
3593 2148 3752 2201 orat
3804 2136 4267 2211 obsecratione

2702 2251 2862 2301 sua.
2907 2234 3012 2301 Ad
3047 2233 3294 2326 Philip.
3331 2261 3420 2316 iv,
3465 2245 3546 2307 6:
3583 2243 3663 2308 ln
3695 2247 3887 2312 omni
3923 2250 4260 2328 oratione,

2705 2350 2769 2406 et
2815 2341 3297 2414 obsecratione.
3339 2372 3489 2414 cum
3526 2354 3925 2438 qratiarztm
3973 2359 4264 2438 actione,

2699 2452 3063 2539 petitiones
3094 2466 3324 2522 vestrae
3355 2459 3773 2527 innotescant
3792 2464 3992 2554 apud
4017 2466 4262 2537 Deum.

2799 2689 2831 2723 «c
2876 2663 2956 2730 ln
2988 2665 3272 2734 veritate
3299 2679 3439 2737 tua.
3491 2697 3524 2732 n
3574 2671 3740 2740 Ecce
3772 2694 3983 2762 quare
4023 2673 4268 2743 debeat

2705 2769 3041 2852 exaudiri,
3077 2782 3142 2840 et
3189 2776 3436 2866 allegat
3475 2778 3652 2848 duo:
3704 2779 3825 2846 Dei
3871 2784 4262 2875 veritatem,

2706 2898 2840 2966 qua
2907 2881 3221 2968 promisit
3287 2883 3490 2961 istud,
3535 2898 3601 2956 ct
3646 2891 4017 2979 justitiam,
4053 2913 4262 2982 quam

2706 2983 2954 3054 infudit
3010 2995 3077 3054 et
3141 2988 3324 3059 dedit
3373 2994 3644 3079 frustra,
3685 2999 3745 3065 si
3811 2996 4148 3068 humilem
4196 3011 4265 3071 et

2694 3093 2960 3184 justum
2992 3094 3314 3168 damnare
3347 3106 3717 3192 praesumit.

2794 3203 2912 3271 Ait
2947 3207 3173 3274 enim:
3222 3208 3335 3278 Sic
3364 3213 3633 3290 exaudi,
3669 3224 3735 3282 et
3765 3214 4064 3309 benigne
4096 3242 4260 3289 ora-

2704 3312 2962 3380 tionem
3001 3315 3260 3405 recipe:
3295 3327 3360 3385 et
3395 3348 3427 3379 «
3462 3322 3719 3390 eraudi
3737 3347 3844 3392 me
3871 3326 3943 3393 in
3974 3328 4262 3396 veritate

2704 3427 2850 3496 tua.
2889 3445 2922 3486 ι
2958 3420 3024 3488 id
3060 3433 3184 3498 est.
3220 3436 3494 3517 propter
3531 3431 3888 3499 veritatem
3929 3441 4122 3501 tuam
4157 3443 4260 3504 te-

2704 3526 3026 3606 nendam,
3065 3538 3136 3597 ut
3168 3555 3436 3623 semper
3467 3536 3834 3607 inveniaris
3853 3564 4089 3609 verax.
4126 3541 4263 3611 Ve-

2702 3635 2864 3703 ritas
2914 3645 3144 3706 autem
3186 3639 3322 3707 falli
3379 3666 3513 3711 non
3561 3655 3807 3736 potest,
3851 3648 4085 3718 fallere
4116 3672 4258 3719 non

2701 3744 2919 3811 novit.
2948 3743 3008 3811 ll
3041 3745 3127 3814 ad
3167 3747 3461 3818 Timoth.
3500 3775 3570 3828 ιι,
3621 3755 3742 3822 13:
3795 3757 4064 3827 Fidelis
4105 3782 4265 3828 ver-

2703 3861 2934 3920 manet
2954 3876 2978 3920 .·
3007 3877 3258 3945 neqare
3280 3860 3577 3950 seipsum
3604 3886 3741 3930 non
3775 3874 4024 3955 potest.

2796 3983 2831 4023 ι
2869 3960 2948 4026 ln
2980 3971 3104 4029 tua
3120 3962 3411 4051 justitia
3457 3968 3718 4037 exaudi
3771 3994 3904 4053 me,
3950 4000 3983 4034 »
4027 3973 4099 4042 id
4128 3983 4257 4055 est,

2698 4086 2821 4152 per
2858 4073 3045 4134 tuam
3103 4069 3440 4156 justitiam
3481 4096 3686 4165 quam
3719 4075 3888 4145 mihi
3923 4079 4256 4160 infudisti,

2699 4195 2852 4264 quae
2900 4182 3002 4243 est
3045 4178 3311 4265 justitia
3364 4181 3545 4260 tidei,
3602 4207 3812 4275 quam
3861 4209 3988 4277 pro
4035 4188 4255 4261 nihilo

2697 4280 2947 4367 habeo,
2979 4284 3037 4352 si
3095 4308 3233 4354 non
3290 4291 3641 4361 exaudior.
3705 4293 3838 4364 lsa.
3890 4319 4050 4377 xcv,
4111 4301 4252 4371 25:

2694 4390 2867 4459 Meae
2909 4402 3075 4459 sunt
3088 4393 3393 4483 justitiae
3429 4408 3496 4467 et
3532 4401 3927 4493 imperium.

2783 4757 2818 4797 ι
2861 4736 2960 4803 Et
2995 4757 3130 4804 non
3171 4737 3399 4808 intres.
3433 4767 3464 4805 ι
3515 4741 3687 4813 Ecce
3738 4748 4147 4828 secundum,
4179 4752 4251 4819 in

2690 4865 2829 4933 quo
2858 4842 3267 4916 determinat
3318 4852 3481 4943 quid
3511 4861 3718 4945 petat,
3770 4879 3911 4941 non
3949 4858 4255 4930 districte

2682 4948 3001 5038 judicari,
3057 4949 3190 5024 hoc
3234 4965 3361 5038 est,
3402 4959 3692 5048 judicari
3740 4966 4258 5055 comparatione

2695 5054 2779 5124 ad
2811 5056 3112 5127 divinam
3163 5066 3552 5153 puritatem.
3605 5068 3688 5137 Et
3720 5072 3975 5162 primo,
4017 5074 4257 5164 petitio

2695 5162 3100 5235 declaratur.
3146 5167 3487 5257 Secundo,
3521 5177 3834 5267 petitioni
3875 5180 4052 5249 ratio
4083 5183 4262 5251 assi-

2692 5285 2968 5366 gnatur,
3001 5278 3123 5361 ibi,
3169 5306 3204 5346 ι
3242 5285 3425 5369 Quia
3470 5307 3608 5354 non
3627 5287 4173 5379 justificabitur.
4223 5323 4259 5359 »ι

2782 5383 2964 5453 Dicit
2992 5408 3156 5478 ergo
3189 5410 3207 5456 τ
3262 5388 3377 5459 Sic
3431 5401 3591 5483 peto
3631 5402 3709 5463 ut
3754 5396 4021 5483 audias,
4055 5409 4124 5469 et
4151 5407 4264 5471 at-

2762 5630 2788 5670 ⁸
2814 5634 2975 5692 Psal.
3007 5652 3238 5696 cxxxix.

3937 5849 4002 5903 31
