5008 6329
800 4960 924 5027 o?

1885 361 2595 438 COMMENTARIUS
2643 370 2735 437 IN
2781 371 3218 441 PSALMUM
3268 373 3577 442 CXVlll.
4253 375 4334 439 ΤΙ

1118 546 1269 594 eam
1329 525 1583 606 doceri,
1666 532 1828 621 quia
1874 535 2094 605 multa
2158 539 2355 608 nobis
2425 564 2464 607 a
2529 542 2671 608 Deo

2776 565 2930 607 eum
2960 543 3135 626 dico,
3174 568 3207 608 α
3240 546 3701 614 Humiliarer.
3733 570 3762 609 n
3806 544 3962 611 Non
3990 543 4173 610 enim
4204 563 4329 631 po-

1115 630 1387 713 dantur,
1424 657 1577 724 quae
1611 640 1876 709 anobis
1918 646 2202 712 minime
2260 654 2335 713 ut
2404 646 2672 735 expedit
2774 654 2871 718 tui
2935 655 3119 742 prius
3193 654 3569 735 humiliari,
3633 680 3838 747 quam
3895 655 4322 745 delinquere,

1115 753 1647 832 cognoscuntur.
1685 747 1840 827 Vel,
1881 753 2081 839 petit·
2111 749 2293 841 quod
2333 752 2560 835 habet,
2599 763 2665 821 ut

1113 852 1359 920 melius
1388 852 1745 923 habeatur.

1202 991 1234 1024 «
1265 966 1363 1032 Et
1386 964 1859 1055 disciplinam,
1909 990 1942 1030 n
1980 989 2116 1057 qua
2144 971 2402 1060 possim
2444 994 2666 1064 aequa-

1107 1071 1385 1139 nimiter
1421 1072 1756 1140 sustinere
1805 1075 2126 1164 poenalia,
2189 1088 2440 1169 repete,
2500 1082 2663 1150 doce.

1107 1201 1242 1257 me,
1279 1200 1611 1270 magnum
1643 1182 1830 1249 enim
1861 1183 2125 1253 bonum
2158 1196 2281 1255 est.
2325 1188 2656 1258 Proverb.

1103 1309 1220 1366 xv,
1265 1287 1383 1354 32:
1425 1288 1564 1372 Qui
1589 1289 1840 1379 abjicit
1867 1292 2338 1384 disciplinam,
2381 1298 2663 1388 despicit

1102 1394 1413 1463 animam
1467 1418 1698 1477 suam,
1760 1405 1828 1465 et
1894 1401 2180 1490 proinde
2219 1402 2457 1470 infelix
2496 1412 2594 1472 est
2638 1429 2652 1472 :

1103 1505 1419 1594 quamvis
1476 1505 1981 1596 aliquantulum
2035 1509 2148 1579 hic
2203 1512 2517 1581 videatur
2545 1537 2657 1581 as-

1098 1633 1287 1700 pera.
1325 1611 1434 1679 Ad
1469 1613 1682 1687 Hebr.
1739 1639 1861 1694 xu,
1911 1618 2034 1683 11:
2084 1618 2324 1687 Omnis
2379 1622 2652 1711 quidem

1098 1716 1476 1808 disciplina
1506 1722 1577 1788 in
1633 1727 1960 1814 praesenti
1982 1724 2260 1815 quidem
2298 1748 2432 1793 non
2465 1728 2656 1795 vide-

1098 1832 1216 1891 tur
1251 1849 1390 1894 esse
1412 1830 1690 1919 yaudii,
1731 1833 1856 1900 secl
1880 1835 2215 1917 moeroris,
2260 1845 2501 1925 postea
2534 1861 2654 1904 au·

1097 1940 1229 1998 tem
1271 1935 1584 2024 fructum
1627 1940 2167 2031 pacatissimum
2223 1943 2427 2033 affert
2471 1966 2653 2011 eser-

1094 2039 1325 2107 citatis
1354 2065 1484 2132 per
1519 2043 1749 2115 illam.

1187 2171 1221 2212 ι
1272 2151 1368 2217 Et
1419 2152 1803 2234 scientiam,
1870 2182 1905 2219 »
1969 2157 2057 2225 ad
2124 2157 2645 2228 discernendum

1093 2249 1271 2319 clare
1293 2254 1480 2344 quod
1509 2255 1771 2326 bonum
1812 2261 2154 2350 expediat,
2187 2264 2346 2354 quia
2385 2286 2523 2332 non
2548 2273 2644 2332 est

1092 2358 1274 2427 salus
1304 2363 1450 2431 sine
1480 2363 1633 2433 hac.
1673 2365 1979 2459 Sapient.
2023 2393 2163 2451 xix,
2197 2373 2280 2438 2:
2339 2371 2472 2440 Ubi
2510 2397 2641 2439 mm

1090 2476 1188 2533 est
1213 2469 1498 2538 scientia
1528 2474 1803 2553 anim-ee,
1847 2499 1987 2543 non
2026 2487 2124 2544 est
2174 2477 2454 2548 bonum.
2515 2480 2644 2547 Sa-

1088 2573 1300 2664 pient.
1335 2600 1477 2656 xm,
1529 2581 1609 2648 1:
1681 2583 1856 2650 Vani
1906 2595 2070 2652 sunt
2117 2610 2346 2657 omnes
2417 2594 2643 2662 leomi-

1086 2706 1226 2766 nes,
1273 2685 1346 2753 in
1374 2687 1627 2778 quibus
1662 2713 1798 2758 non
1832 2691 2064 2761 subest
2090 2696 2372 2766 scientia
2397 2703 2546 2769 Dei.

1182 2926 1218 2961 α
1251 2901 1436 2986 Quia
1466 2904 1540 2971 in
1569 2905 1956 2976 mandatis,
1988 2935 2021 2975 n
2077 2911 2203 2980 llic
2258 2918 2634 3005 persuasiO,

1084 3005 1270 3095 quod
1353 3008 1417 3077 ei
1473 3013 1764 3101 petitum
1836 3018 2274 3088 concedatur.
2370 3023 2639 3116 Alit-gat

1082 3122 1312 3184 autem
1342 3117 1588 3209 triplex
1618 3123 1967 3192 meritum.
2022 3124 2282 3210 Primo,
2317 3134 2636 3202 meritum

1080 3217 1264 3299 fidei,
1299 3232 1636 3311 quantum
1666 3226 1754 3294 nd
1793 3228 2239 3302 intellectum.
2287 3233 2629 3315 Secundo,

1073 3332 1404 3404 meritum
1471 3332 1902 3419 humilitatis,
1954 3352 2286 3433 quantum
2353 3347 2437 3414 ad
2472 3350 2637 3416 inte-

1080 3437 1330 3507 riorem
1370 3439 1718 3523 affectum,
1754 3444 1874 3527 ibi,
1907 3455 1971 3525 ὴ.
1996 3452 2082 3519 67
2109 3473 2125 3518 :
2156 3455 2635 3547 «Priusquam

1076 3544 1516 3618 humiliarer.
1538 3551 1842 3638 »Tei-tio,
1859 3560 2182 3629 meritum
2205 3561 2629 3639 obedienti-*1⁸⁹

1076 3663 1413 3746 quantum
1468 3659 1555 3728 ad
1630 3665 2041 3737 exteriorem
2108 3670 2453 3754 effectum,
2510 3676 2627 3760 ibi,

1074 3765 1451 3857 Propterea
1475 3769 1856 3862 eloquium.
1905 3803 1941 3840 n

1160 3871 1346 3943 Dicit
1372 3896 1582 3969 ergo:
1620 3877 1735 3948 Sic
1766 3904 1876 3952 me
1907 3883 2252 3966 doceas,et
2280 3889 2494 3959 debeo
2517 3916 2629 3959 ex-

1071 3979 1335 4050 audiri:
1373 4012 1407 4047 α
1433 3986 1602 4076 quia
1629 3989 1891 4058 credidi
1925 3993 1996 4060 in
2026 3996 2377 4065 mandatis
2414 4002 2622 4085 Μὰρ

1073 4087 1258 4180 quod
1287 4089 1438 4182 ipsa
1465 4101 1694 4163 essent
1720 4103 1865 4176 tua,
1898 4106 1967 4167 et
2016 4098 2145 4191 ipsi
2191 4106 2625 4197 acquiescens

1068 4219 1211 4264 non
1241 4196 1641 4292 disceptavi.
1699 4203 1909 4275 Eccli.
1954 4229 2195 4290 xxxm,
2266 4214 2350 4281 3:
2403 4217 2622 4284 Homo

1063 4315 1376 4377 sensatus
1435 4310 1651 4378 credit
1717 4312 1860 4405 leqi
1893 4318 2051 4397 Dei,
2093 4321 2279 4410 quin,
2325 4321 2453 4391 lsa.
2497 4349 2615 4402 vn,

1062 4413 1381 4493 9,dicitur
1408 4417 1691 4486 :Sinon
1709 4421 2160 4504 credideritis,
2193 4451 2327 4496 non
2345 4453 2622 4522 perma-

1059 4521 1328 4591 nebitis.
1358 4522 1421 4591 11
1452 4523 1536 4592 nd
1572 4525 1877 4598 Timoth.
1912 4553 1961 4616 1,
2009 4534 2115 4618 ¹2,
2149 4534 2414 4606 dicebat
2446 4538 2618 4607 Pau-

1059 4626 1165 4696 lus
1203 4652 1220 4697 ε
1254 4631 1415 4700 Scio
1449 4633 1567 4700 cui
1601 4633 1891 4724 credidi,
1923 4648 1988 4706 et
2013 4652 2237 4711 certus
2260 4667 2440 4727 sum,
2481 4655 2608 4716 etc.

1153 4986 1189 5021 α
1227 4957 1651 5051 Priusquam
1675 4962 2113 5034 humiliarer.
2141 4991 2176 5033 ι
2212 4967 2338 5037 llic
2359 4993 2608 5039 secun-

1057 5064 1246 5134 dum.
1293 5065 1506 5147 Quasi
1544 5067 1842 5140 diceret:
1898 5071 2015 5142 Sic
2068 5074 2348 5156 credidi,
2381 5079 2475 5147 sic
2514 5079 2608 5147 sn-

1052 5172 1192 5241 cias
1211 5171 1409 5257 mihi,
1442 5181 1509 5243 et
1539 5177 1747 5245 etiam
1777 5178 1940 5269 quia
1968 5179 2119 5250 dico
2154 5205 2172 5251 ε
2207 5185 2405 5275 ‹1qu
2426 5185 2606 5254 deli-

1051 5281 1177 5369 qui
1240 5283 1667 5374 priusquam
1748 5283 2186 5357 humiliarer.
2250 5317 2285 5358 ι
2393 5291 2601 5373 Quasi

1048 5385 1342 5458 diceret:
1376 5389 1465 5459 Et
1519 5390 1815 5463 humilio
1861 5417 1974 5464 me
2004 5398 2391 5469 confitendo
2430 5400 2603 5469 deli-

1046 5493 1302 5584 quisse,
1351 5503 1420 5565 et
1462 5499 1672 5568 etiam
1711 5524 1823 5570 me
1860 5500 2194 5573 humilem
2241 5507 2592 5588 confiteor,

1117 5727 1137 5765 ¹
1157 5725 1245 5786 cr.
1276 5727 1452 5788 uam.
1485 5747 1543 5804 x,
1576 5688 1666 5788 iv.

2777 761 2934 849 quia
2990 761 3057 826 in
3127 763 3274 852 ipso
3319 762 3537 829 Adam
3595 761 3847 853 deliqui
3889 762 4154 829 saltem.
4216 759 4323 825 Ad

2774 870 3063 937 Roman.
3107 894 3176 956 v,
3216 873 3338 939 12:
3371 872 3454 940 In
3494 895 3653 964 quo,
3680 870 3934 941 scilicet
3963 871 4032 937 in
4074 869 4318 945 Adam,

2770 1001 2997 1044 omnes
3068 990 3543 1068 peccaverunt.
3652 978 3983 1058 Quamvis
4058 986 4126 1046 et
4191 976 4323 1044 hoc

2768 1108 3007 1152 verum
3037 1089 3125 1153 sit
3180 1086 3263 1154 de
3302 1085 3574 1163 actuali,
3622 1087 3679 1154 si
3735 1087 4061 1176 loquatur
4097 1086 4320 1154 David

2766 1193 2932 1282 ipse,
2967 1192 3075 1260 vel
3107 1194 3175 1261 in
3214 1216 3509 1284 persona
3549 1193 3865 1279 adulteri,
3918 1193 4029 1261 vel
4060 1193 4321 1282 justifi-

2765 1306 2918 1371 cati.
2956 1304 3284 1374 Proverb.
3321 1328 3514 1385 xvm,
3563 1308 3687 1373 12:
3728 1307 4120 1396 Antequam
4150 1327 4317 1371 con-

2763 1422 3047 1494 teratur,
3083 1415 3443 1483 exaltatur
3471 1438 3584 1484 cor
3623 1416 3943 1483 hominis.
3980 1414 4086 1500 Et,
4121 1436 4309 1499 xx1x,

2762 1525 2885 1591 23:
2927 1526 3320 1616 Superbum
3356 1527 3669 1619 sequitur
3695 1525 4083 1594 humilitas

2848 1770 2879 1808 α
2916 1748 3289 1837 Propterea
3320 1748 3701 1839 eloquium.
3745 1780 3777 1814 »
3835 1749 3962 1818 Hic
4003 1751 4313 1841 tangitur

2757 1852 3029 1919 tertium
3067 1855 3416 1944 pertinens
3456 1856 3541 1924 ad
3577 1858 3936 1925 meritum:
3988 1864 4055 1925 et
4092 1858 4310 1925 conti-

2757 1982 2892 2026 nua
2921 1961 3017 2028 sic
3044 1985 3059 2029 :

2844 2068 3250 2159 Priusquam
3273 2069 3698 2155 humiliarer,
3723 2074 3974 2165 deliqui
3999 2094 4015 2143 ε
4036 2099 4070 2140 α
4087 2076 4306 2166 Prop-

2754 2187 2958 2260 terea,
3005 2204 3038 2244 ι)
3081 2187 3145 2246 et
3176 2203 3262 2248 ne
3293 2182 3544 2250 iterum
3574 2206 3685 2252 me
3724 2182 4073 2251 humiliari
4104 2206 4304 2274 opor-

2752 2295 2944 2368 teret,
2990 2314 3023 2354 «
3056 2311 3178 2379 eqo
3233 2291 3574 2360 custodivi
3609 2292 3959 2384 eloquium
4000 2304 4223 2371 tuum,
4262 2318 4294 2354 »

2751 2397 2981 2464 omnia
3026 2407 3304 2489 propter
3367 2406 3434 2468 te
3467 2400 3936 2492 relinquendo.
4017 2401 4292 2471 Deuter.

2748 2527 2983 2585 xxxin,
3024 2509 3108 2573 9:
3147 2508 3287 2592 Qui
3323 2507 3505 2577 dia-it
3545 2510 3749 2601 patri
3790 2531 3942 2586 suo,
3986 2518 4050 2574 et
4087 2509 4299 2576 matri

2743 2635 2885 2677 sua»
2907 2636 2929 2679 :
2952 2614 3189 2680 Nescio
3221 2637 3337 2682 vos
3358 2639 3382 2683 .·
3412 2625 3477 2684 et
3501 2615 3846 2705 fratribus
3872 2617 4018 2685 suis
4039 2638 4062 2683 .·
4096 2616 4299 2706 lquo-

2747 2743 2820 2784 ro
2852 2739 3004 2789 vos:
3039 2732 3103 2788 el
3139 2724 3522 2791 nescierunt
3555 2724 3746 2813 filios
3786 2748 3970 2792 suos.
4022 2726 4117 2791 Hi
4171 2747 4297 2791 cu-

2742 2829 3124 2897 stodierunt
3179 2831 3535 2922 eloquium
3578 2842 3802 2917 tuum,
3848 2832 4170 2912 Domine,
4231 2844 4297 2900 et

2733 2946 3017 3026 pactum
3048 2950 3249 3007 tuum
3275 2950 3739 3008 servaverunt.

2831 3268 2862 3297 «ι
2912 3241 3143 3307 Bonus
3180 3264 3248 3309 es
3306 3250 3411 3309 tu.
3449 3267 3483 3304 n
3572 3239 3698 3309 llic
3770 3242 4070 3311 secunda
4134 3266 4290 3334 pars

2740 3345 2942 3437 hujus
3015 3349 3249 3439 partis,
3307 3350 3376 3417 in
3430 3372 3565 3441 qua
3625 3349 3791 3440 petit
3845 3350 3928 3419 de
3984 3349 4287 3420 bonitate

2737 3453 3025 3523 edoceri.
3101 3456 3323 3524 Petito
3364 3458 3548 3525 enim
3607 3457 3793 3548 quod
3853 3460 3922 3525 in
3979 3458 4287 3529 bonitate

2736 3561 3082 3643 doceatur,
3116 3564 3285 3655 petit
3321 3563 3434 3633 hic
3493 3567 3563 3634 in
3611 3564 3819 3635 modo
3857 3565 4125 3636 edoceri
4163 3590 4179 3636 ε
4224 3576 4290 3637 et

2736 3669 3053 3739 dicuntur
3080 3672 3232 3740 tria.
3277 3670 3542 3759 Primo,
3581 3672 3795 3741 allicit
3813 3672 4145 3763 judicem,
4182 3676 4292 3767 ip-

2735 3801 2884 3846 sum
2917 3777 3495 3849 commendando.
3547 3780 3893 3861 Secundo,
3928 3785 4119 3874 petit,
4161 3782 4283 3865 ibi,

2738 3912 2769 3949 ι
2806 3888 2900 3953 Et
2927 3887 2995 3952 in
3028 3884 3355 3955 bonitate.
3397 3914 3430 3949 ιι
3492 3887 3743 3965 Tertio,
3810 3892 4281 3959 necessitatem

2733 3994 3001 4084 petendi
3030 3995 3354 4076 ostendit,
3395 3995 3515 4075 ibi,
3545 4003 3608 4072 ῒ.
3665 3999 3792 4067 69:
3852 4025 3890 4062 α
3920 3997 4284 4089 Multipli-

2730 4112 2886 4170 cata
2915 4113 3034 4171 est.
3076 4129 3111 4170 ι

2820 4210 2994 4279 Dicit
3024 4234 3234 4302 ergo:
3271 4210 3387 4281 Sic
3438 4213 3602 4304 petii
3652 4214 3720 4281 in
3759 4211 4062 4283 bonitate
4104 4214 4281 4284 edo-

2728 4321 2889 4403 ceri,
2935 4320 3052 4387 sed
3107 4319 3331 4389 adhuc
3388 4321 3608 4391 addo:
3643 4320 3701 4389 Ο
3737 4323 4060 4402 Domine,
4100 4348 4134 4389 ι
4170 4322 4281 4392 bo·

2726 4449 2854 4495 uus
2879 4451 2947 4493 es
2976 4438 3077 4508 tu,
3113 4455 3149 4494 n
3190 4430 3262 4498 in
3307 4441 3383 4500 te
3419 4439 3480 4499 et
3515 4430 3985 4501 essentialiter.
4023 4432 4274 4524 Supra,

2726 4535 2793 4601 in
2826 4534 3007 4605 l’sal.
3032 4559 3139 4617 ον,
3174 4539 3201 4606 1
3250 4559 3266 4606 ε
3295 4539 3741 4628 Confitemini
3757 4540 4275 4631 Domino,quo·

2720 4644 2909 4711 niam
2942 4643 3181 4714 bonus.
3233 4646 3446 4728 Marc,
3487 4669 3559 4727 x,
3603 4649 3708 4732 18,
3759 4654 3825 4716 et
3856 4645 4018 4718 Luc.
4072 4669 4269 4734 xvm,

2729 4752 2805 4819 19
2839 4775 2854 4819 ;
2882 4754 3095 4821 Nemo
3136 4753 3374 4836 bonus,
3404 4756 3545 4823 uisi
3566 4754 3761 4824 solus
3788 4757 3999 4824 Deus.
4026 4754 4265 4825 Bonus

2717 4857 2920 4925 etiam
2960 4861 3096 4927 tuis
3143 4860 3212 4926 in
3242 4866 3307 4927 te
3336 4858 3792 4951 sperantibus,
3851 4859 4104 4928 Thi-eu.
4165 4883 4265 4944 m,

2717 4966 2842 5031 223:
2877 4967 3113 5032 Bonus
3139 4976 3237 5033 est
3277 4969 3462 5035 Deus
3504 4965 3942 5060 sperantibus
3971 4968 4042 5034 iu
4073 4990 4257 5051 eum,

2717 5075 2964 5141 animer
2992 5077 3326 5166 qua-renti
3388 5075 3598 5144 illum
3621 5099 3644 5144 .·
3685 5076 3908 5166 ipsum
3948 5075 4133 5144 enim
4165 5098 4264 5145 re-

2715 5181 2850 5250 ficit
2880 5189 2945 5250 et
2973 5182 3212 5273 pascit.
3253 5182 3455 5251 Joan.
3477 5206 3548 5270 x,
3588 5186 3660 5251 11
3702 5205 3718 5249 ε
3751 5184 3907 5275 qu
3933 5206 4091 5251 sum
4121 5207 4265 5275 pa-

2708 5300 2852 5359 stor
2886 5290 3123 5361 bonus.
3177 5291 3411 5384 Ipsum
3457 5291 3802 5361 illuminat
3867 5299 3934 5362 et
3987 5292 4262 5362 instruit

2707 5420 2893 5468 vere.
2970 5399 3135 5470 Luc.
3185 5424 3381 5487 xvm,
3446 5402 3527 5470 18
3590 5422 3607 5468 ε
3664 5402 4007 5491 Maqister
4063 5400 4257 5484 bone,

2705 5507 2881 5596 quid
2911 5508 3178 5599 faciens
3205 5509 3418 5577 vitam
3436 5517 3763 5577 aeternam
3792 5508 4153 5601 possidebo
4179 5522 4199 5559 ¹
4222 5508 4264 5577 ?
