5008 6329
324 3362 516 3432 124

615 382 742 449 338

614 553 899 619 Domini
926 562 1001 618 ut
1026 554 1299 620 salvare
1327 565 1638 645 nequeat.
1675 555 1826 634 Vel,
1861 556 2158 623 salutare

617 679 725 724 me
762 657 1178 748 protegendo
1227 668 1302 726 ut
1341 661 1510 728 nihil
1545 663 1852 742 timeam,
1895 661 2015 728 sed
2045 682 2158 727 se-

615 767 771 832 cure
827 769 1266 854 pronuntiare
1362 770 1648 836 audeam
1708 777 1782 834 ut
1836 767 2148 857 promisi.

616 870 744 938 Isa.
778 894 955 958 xmx,
1000 875 1037 939 2
1069 897 1084 941 3
1146 877 1228 943 In
1270 876 1514 943 umbra
1544 897 1793 941 manus
1820 897 1962 940 sua.²
1985 896 2156 963 pro-

614 980 782 1046 tescit
845 1004 972 1049 me.
1034 980 1184 1060 Vel,
1222 1005 1501 1049 manum
1542 980 1836 1070 appellat
1876 979 2147 1048 Filium.

613 1086 821 1167 Quasi
851 1089 1138 1156 diceret:
1212 1087 1422 1155 Filius
1488 1095 1672 1172 tuuS,
1734 1087 1848 1178 qui
1908 1111 2152 1155 manus

610 1203 726 1263 tua
774 1195 1039 1274 dicitur,
1102 1194 1308 1262 Eccli.
1379 1218 1611 1274 xxxvl,
1657 1196 1739 1263 7:
1815 1197 2152 1284 Glorifica

609 1325 914 1380 manum,
950 1312 1011 1368 ct
1034 1300 1386 1370 brachium
1416 1304 1735 1372 dextrum
1763 1328 1784 1371 .-
1819 1329 1855 1369 e
1887 1306 2077 1389 Fiat,
2111 1328 2146 1364 >³

609 1411 1017 1477 incarnetur.
1077 1410 1279 1479 Joan.
1337 1436 1385 1493 1,
1461 1413 1586 1479 14:
1644 1411 1931 1479 Verbum
1990 1432 2147 1476 caro

604 1521 870 1609 sactum
936 1531 1051 1587 est.
1107 1520 1191 1587 Et
1257 1520 1410 1600 hoc,
1470 1546 1503 1586 α
1538 1529 1614 1587 ut
1648 1519 1867 1587 salvet
1933 1542 2063 1598 me,
2113 1545 2143 1579 ι)

607 1632 672 1693 et
701 1625 897 1700 debet
962 1627 1056 1693 sic
1115 1627 1257 1693 fleri
1295 1653 1309 1693 :
1380 1654 1409 1689 α
1437 1628 1768 1715 (sitoniam
1807 1625 2147 1693 mandata

607 1738 751 1811 tua,
787 1729 817 1791 »i
876 1729 1197 1820 quidquid
1259 1730 1375 1797 alii
1447 1730 1722 1810 faciant,
1767 1759 1798 1791 ιι
1836 1731 2015 1820 eleqi
2054 1753 2076 1796 .·
2103 1756 2131 1791 u>

606 1838 852 1927 quippe
885 1835 1025 1927 ipsa
1057 1843 1215 1904 sunt
1241 1837 1378 1904 vita
1421 1838 1488 1903 in
1554 1837 1894 1928 praesenti.
1957 1836 2148 1906 Deu-

605 1951 731 2011 ter.
772 1965 934 2020 xxx,
965 1945 1042 2011 19
1078 1952 1144 2011 et
1181 1946 1264 2011 20
1301 1966 1316 2010 3
1352 1945 1561 2035 Eliqe
1603 1967 1764 2036 erqo
1793 1946 2033 2021 vitam,
2072 1954 2148 2011 nt

607 2062 670 2121 et
699 2061 773 2121 tu
802 2054 1118 2122 vivas
1146 2064 1210 2122 et
1230 2055 1493 2145 diliqas
1514 2057 1892 2123 Dominum
1923 2058 2147 2124 Deum

608 2170 829 2245 tuum,
881 2170 1085 2254 atque
1148 2161 1425 2229 obedias
1482 2164 1630 2230 voci
1665 2163 1844 2252 ejus.
1907 2162 2141 2244 Josuc,

610 2291 797 2348 xxiv,
840 2269 966 2336 223
1016 2271 1230 2337 Testes
1269 2292 1382 2337 cos
1425 2272 1606 2351 estis,
1661 2271 1829 2361 quia
1862 2270 1998 2362 ipsi
2021 2269 2154 2336 elc-

610 2382 850 2470 yeritis
882 2381 1068 2449 vobis
1124 2383 1527 2461 Dominum,
1587 2392 1664 2449 ut
1699 2382 2015 2450 serviatis
2062 2382 2145 2448 ei.

615 2486 827 2578 Elegi,
868 2490 1169 2580 inquam,
1215 2489 1532 2557 mandata
1569 2498 1685 2557 tua
1737 2488 1821 2558 de
1870 2487 2157 2556 humili-

616 2603 772 2663 tate.
814 2594 989 2662 Psal.
1061 2618 1336 2672 Lxxxm,
1386 2597 1508 2664 113
1570 2595 1781 2687 Eleqi
1844 2596 2155 2686 abjectus

612 2726 749 2770 esse
779 2704 846 2770 in
879 2701 1078 2770 darno
1110 2705 1243 2770 Dei
1277 2706 1434 2783 mei,
1487 2706 1710 2794 maqis
1755 2727 1967 2795 quam
2021 2705 2155 2772 ba-

612 2808 853 2892 bitare,
896 2816 1019 2876 etc.
1056 2809 1161 2876 Ad
1193 2808 1399 2876 Hebr.
1434 2833 1528 2893 xi,
1561 2812 1689 2877 25:
1748 2812 1981 2900 Maqis
2030 2810 2155 2878 eli·

606 2939 770 3008 qens
805 2917 1048 3006 asfliqi
1072 2939 1227 2983 cum
1260 2916 1524 3009 populo
1553 2919 1707 2996 Dei,
1742 2941 1955 3009 quam
1985 2929 2151 2987 tem-

600 3020 872 3113 poralis
892 3022 1154 3111 peccati
1189 3020 1437 3088 babere
1450 3021 1996 3111 jucunditatem.

695 3389 730 3426 α
767 3362 1136 3453 Concupivi
1159 3361 1471 3431 salutare
1511 3373 1734 3431 tuum.
1772 3389 1805 3430 ι
1858 3364 1986 3434 llic
2042 3389 2149 3434 os-

604 3468 817 3539 tendit
845 3468 1159 3537 ass'ectum
1200 3493 1401 3537 suum
1449 3469 1534 3538 ad
1588 3470 2004 3561 adjutorium
2034 3497 2141 3565 pe·

601 3578 828 3657 titum,
869 3576 1241 3645 secundum
1311 3602 1517 3647 unam
1572 3579 1926 3649 lecturam.
1984 3582 2140 3667 vel,

601 3688 817 3778 magis
830 3688 1017 3779 ponit
1040 3690 1372 3758 rationem
1394 3690 1791 3772 secundam,
1812 3714 2021 3784 quare
2034 3693 2143 3763 de·

599 3793 750 3862 beat
778 3793 1051 3876 salvari,
1083 3794 1336 3862 scilicet
1359 3794 1767 3865 desiderium
1796 3797 2136 3868 salutaris.

683 3901 801 3969 Ait
829 3903 1010 3969 enim
1046 3923 1061 3968 3
1109 3900 1221 3970 Sic
1252 3902 1428 3993 clegi
1459 3903 1803 3982 mandata,
1838 3913 1904 3973 ct
1932 3908 2140 3975 ctiam

486 4022 495 4029 ·
601 4033 634 4074 e
667 4010 1023 4102 concupivi
1082 4011 1395 4079 salutare
1449 4022 1673 4090 tumn,
1746 4015 2065 4095 Domine,
2098 4042 2131 4075 ιο

597 4116 927 4209 quidquid
963 4117 1074 4186 alii
1117 4121 1622 4212 concupiscant.
1656 4123 1989 4192 salutare
2024 4147 2143 4216 ap-

597 4223 801 4316 pellat
829 4222 939 4295 hic
967 4224 1277 4293 divinum
1307 4227 1688 4320 cloquium,
1722 4231 1917 4319 cujus
1954 4231 2135 4300 desi-

594 4331 782 4401 derat
810 4333 979 4401 sciro
1000 4334 1379 4414 veritatem,
1404 4345 1472 4405 ct
1492 4358 1904 4428 cognoscere
1926 4362 2134 4430 quam

592 4441 678 4508 sit
732 4438 1024 4508 salubre.
1096 4439 1305 4510 Eccli.
1365 4465 1462 4522 vt,
1541 4446 1669 4513 37:
1735 4445 2133 4536 Coqitatum

593 4559 785 4617 tuum
831 4549 1004 4617 habe
1042 4551 1110 4617 in
1136 4554 1498 4644 pra-ceptis
1563 4554 1805 4638 Dei,...
1847 4565 1911 4623 et
1965 4567 2134 4624 con-

590 4657 999 4748 cupiscentia
1051 4660 1405 4750 sapientise
1455 4660 1741 4730 dabitur
1805 4662 1955 4731 tibi.
2017 4663 2126 4742 Et,

594 4761 898 4855 Sapient.
924 4788 1017 4841 vt.
1039 4768 1115 4834 21
1146 4788 1162 4833 3
1194 4767 1755 4859 Concupiscentia
1771 4770 2130 4862 sapimtiae

588 4869 860 4940 deducit
894 4872 992 4939 ad
1023 4896 1308 4964 reqnum
1350 4885 1784 4967 perpetuum.
1816 4876 1971 4957 Vel,
2014 4901 2130 4947 sa-

587 4976 802 5047 lutare
829 4977 986 5047 dicit
1008 4977 1381 5061 Christum,
1414 4981 1530 5073 qui
1564 5004 1702 5050 non
1724 4992 1827 5052 cst
1857 4992 2123 5052 tantum

586 5085 994 5176 adjutorium
1060 5086 1323 5168 salutis,
1383 5088 1502 5157 scd
1558 5090 1762 5157 ctiam
1811 5101 2022 5169 actor,
2058 5100 2125 5161 et

584 5214 820 5261 verum
851 5192 1168 5264 salutare.
1202 5193 1333 5262 lsa.
1370 5217 1531 5275 xxv,
1573 5198 1614 5263 9
1652 5217 1668 5264 3
1714 5198 2124 5267 Exi-saltabi-

584 5321 760 5379 mus,
818 5309 882 5367 ct
949 5298 1342 5370 laetabimur
1406 5302 1477 5370 in
1548 5301 1857 5372 salutari
1936 5304 2116 5395 ejus.

1607 382 1688 449 D.
1741 383 1940 451 ALB.
1994 385 2212 454 MAG.
2266 384 2473 454 ORD.
2529 383 2830 450 PRAED.

2269 553 2518 622 scilicet
2553 553 2907 621 meditatio
2940 563 3096 645 post
3150 553 3630 622 mandatorum
3690 550 3820 617 ele·

2265 662 2591 742 ctionem,
2634 670 2702 729 et
2731 661 3047 729 salutaris
3078 661 3723 752 concupiscentiam.

2352 769 2469 836 Ait
2497 772 2725 838 enim:
2766 769 2881 838 Sic
2912 770 3236 837 mandata
3284 769 3484 858 elegi,
3528 777 3594 834 et
3630 764 3816 832 salu-

2261 882 2405 944 tare
2428 879 2819 969 concupivi,
2877 885 3161 968 propter
3199 875 3377 966 quod
3413 873 3624 940 debeo
3678 872 3815 938 sal-

2259 986 2448 1051 vari:
2489 1009 2523 1049 a
2556 986 2655 1051 Et
2687 1009 2719 1049 ι)
2765 986 2970 1052 etiam
3017 1012 3049 1046 «
3096 984 3208 1051 lex
3231 992 3353 1050 tua
3387 992 3482 1048 est
3521 979 3815 1045 medila-

2259 1093 2353 1159 tio
2386 1115 2560 1160 mea.
2602 1116 2636 1155 ι
2678 1092 2958 1159 Deuter.
2993 1116 3089 1173 vt,
3134 1094 3172 1160 7
3220 1115 3234 1158 :
3270 1089 3716 1159 Meditaberis
3742 1089 3810 1154 in

2256 1201 2351 1266 eis
2391 1200 2462 1264 in
2492 1199 2696 1265 domo
2743 1207 2869 1265 tua
2912 1199 3174 1280 sedens,
3210 1209 3273 1265 et
3316 1200 3386 1264 in
3425 1200 3536 1264 via
3567 1196 3814 1263 ambu-

2259 1307 2435 1373 lans.
2482 1305 2629 1373 lad
2665 1305 2965 1374 Timoth.
3020 1329 3114 1387 ιν,
3171 1309 3278 1387 15,
3341 1306 3504 1373 dicit
3557 1303 3810 1370 Paulus

2252 1409 2658 1480 Timotheo:
2730 1414 2894 1480 Haec
2930 1413 3265 1480 meditare
3301 1436 3323 1478 .·
3392 1413 3464 1478 in
3513 1409 3618 1476 bis
3646 1419 3806 1476 esta.

2252 1519 2459 1587 Eccli.
2495 1543 2639 1599 xtv,
2675 1522 2760 1587 22
2791 1544 2805 1588 3
2840 1522 3100 1588 Beatus
3137 1522 3245 1586 vir
3272 1520 3396 1611 qui
3432 1520 3501 1586 in
3530 1519 3809 1609 sapien-

2254 1629 2354 1695 tia
2419 1627 2987 1707 commorabitur,
3058 1637 3122 1694 ct
3177 1629 3250 1693 in
3313 1626 3604 1715 justitia
3685 1647 3813 1691 sua

2252 1734 2725 1803 meditabitur.

2347 2077 2381 2113 α
2433 2052 2620 2118 Vivet
2659 2051 2899 2118 anima
2928 2072 3104 2118 mea.
3153 2075 3186 2116 ι
3219 2049 3349 2117 Hic
3406 2048 3803 2128 secundum,

2257 2160 2325 2225 in
2429 2180 2565 2249 quo
2626 2156 2982 2248 subjungit
3072 2155 3386 2225 salutaris
3486 2157 3804 2236 fructum,

2258 2286 2458 2355 quem
2491 2265 2714 2355 tangit
2743 2263 3110 2355 duplicem,
3143 2265 3382 2344 vitam,
3418 2272 3484 2333 et
3509 2263 3804 2342 laudem,

2260 2371 2376 2451 ibi,
2424 2398 2457 2438 a
2500 2375 2597 2440 Et
2641 2372 2965 2441 laudabit
2992 2384 3077 2441 te.
3134 2399 3168 2438 ι

2343 2479 2460 2547 Λίῑ
2481 2481 2666 2547 enim
2713 2503 2729 2547 3
2777 2480 2891 2549 Sic
2919 2482 3111 2572 petii,
3145 2489 3219 2549 ut
3251 2504 3498 2549 manus
3542 2489 3660 2549 tua
3693 2482 3810 2549 fiat

2260 2586 2344 2653 ad
2383 2585 2792 2655 salvandum
2833 2610 2986 2656 me:
3029 2587 3216 2679 quod
3256 2591 3313 2656 si
3370 2589 3600 2658 feccrit
3653 2612 3807 2657 ma·
3843 2633 3852 2642 -

2258 2715 2386 2760 nus
2412 2700 2554 2772 tua,
2603 2717 2636 2758 e
2672 2695 2911 2761 anima
2949 2716 3101 2761 mea
3132 2695 3330 2771 vivet,
3354 2721 3384 2757 n
3446 2697 3807 2784 conjuncta

2256 2805 2412 2873 vitoe
2445 2828 2586 2873 suae
2613 2828 2764 2897 quae
2794 2806 2981 2874 Deus
3010 2815 3137 2874 est.
3174 2806 3450 2876 Denter.
3485 2830 3647 2886 xxx,
3681 2809 3799 2875 203

2254 2912 2409 3003 Ipse
2436 2922 2533 2980 est
2565 2914 2711 2982 vita
2766 2922 2915 2983 tua.
2969 2912 3169 3000 Osee,
3218 2937 3313 3001 vt,
3347 2916 3431 2984 3:
3502 2916 3808 2983 Vivcmus

2256 3020 2328 3085 in
2393 3029 2754 3112 conspectu
2810 3020 2990 3110 ejus.
3049 3020 3253 3090 Joan.
3319 3042 3463 3104 xiv,
3533 3023 3614 3090 6:
3647 3024 3803 3113 qu

2251 3148 2406 3194 sum
2463 3127 2604 3206 via,
2647 3136 2713 3195 et
2749 3128 3028 3214 veritas,
3096 3138 3163 3196 et
3202 3128 3367 3196 vita.
3435 3128 3544 3197 Ad
3572 3128 3797 3197 Colos.

2251 3255 2351 3312 ιιι,
2377 3235 2461 3303 33
2537 3236 2692 3302 Vita
2748 3246 2972 3304 vestra
3037 3245 3135 3305 est
3187 3236 3589 3307 abscondita
3646 3259 3801 3305 cum

2255 3341 2525 3410 Christo
2550 3343 2622 3409 in
2641 3344 2812 3412 Deo.

2342 3584 2375 3625 e
2410 3563 2507 3628 Et
2541 3558 2864 3629 laudabit
2897 3572 2979 3630 tc.
3022 3590 3056 3624 a
3116 3560 3241 3630 nic
3296 3562 3511 3653 tangit
3551 3583 3800 3629 sccun-

2249 3665 2438 3745 dum,
2483 3667 2740 3736 scilicet
2796 3666 3096 3736 laudem.
3158 3666 3242 3735 Et
3295 3668 3546 3759 primo,
3582 3669 3799 3759 tangit

2247 3772 2544 3843 laudem.
2583 3773 2929 3854 Secundo,
2973 3774 3318 3865 quoddam
3364 3777 3797 3843 excitativum

2245 3880 2330 3949 ad
2360 3879 2662 3959 laudem,
2707 3881 2830 3966 ibi,
2878 3906 2914 3946 α
2955 3884 3052 3950 Et
3072 3882 3358 3973 judicia
3397 3896 3543 3953 tua.
3584 3913 3618 3946 η

2334 3987 2515 4057 Dicit
2553 4010 2718 4080 ergo
2751 4011 2769 4058 3
2805 3987 2920 4058 Sic
2947 3990 3134 4059 vivet
3163 3991 3418 4070 anima,
3460 4000 3527 4060 et
3556 3990 3798 4060 lauda-

2247 4096 2342 4165 bit
2368 4105 2459 4181 te,
2492 4096 2691 4166 aliter
2729 4119 2870 4166 non
2908 4106 3164 4190 posset,
3215 4100 3347 4169 nisi
3403 4100 3586 4168 viva.
3658 4099 3788 4167 158.

2239 4225 2528 4284 xxxvur,
2568 4204 2692 4271 183
2773 4205 2931 4273 Non
2989 4206 3306 4295 infernus
3358 4206 3794 4296 confitebitur

2239 4311 2390 4393 tibi,
2423 4336 2643 4406 neque
2681 4335 2867 4383 mors
2935 4314 3259 4411 laudabit
3314 4327 3401 4384 te.
3435 4315 3543 4395 Et.
3586 4317 3790 4410 paulo

2241 4430 2417 4512 post,
2457 4428 2526 4498 ὴ.
2567 4424 2692 4490 193
2738 4423 2975 4490 Vivens
3002 4424 3232 4493 vivens
3261 4425 3406 4516 ipsc
3439 4426 3793 4516 confitebi-

2236 4537 2354 4596 tur
2391 4527 2541 4597 tibi.
2584 4527 2795 4598 Eccli.
2829 4551 2997 4610 xvii,
3039 4530 3163 4599 26:
3195 4534 3252 4600 A
3296 4542 3591 4613 mortuo,
3623 4555 3793 4624 qna-

2232 4639 2295 4703 si
2331 4635 2539 4715 nibil,
2565 4637 2752 4728 perit
2796 4638 3157 4727 consessio.
3196 4636 3333 4708 Sed
3383 4640 3620 4710 vivens
3647 4643 3785 4710 vita

2233 4743 2495 4833 gloriae,
2530 4743 2645 4812 ille
2684 4742 3017 4814 laudabit.
3050 4743 3185 4813 158.
3236 4768 3391 4826 axv,
3449 4750 3526 4817 14
3562 4772 3578 4817 3
3612 4753 3784 4819 Ecce

2230 4851 2409 4917 seri-i
2461 4852 2600 4918 mei
2656 4850 3051 4919 laudabunt
3107 4875 3262 4944 prae
3324 4856 3783 4926 exsultatione

2230 4958 2477 5037 cordis,
2523 4967 2588 5025 et
2645 4981 2761 5025 vos
2826 4980 2977 5049 pra·
3029 4962 3435 5031 contritione
3497 4966 3782 5056 spiritns

2231 5062 2631 5133 ululabitis.
2678 5063 2840 5142 Job,
2884 5086 3126 5149 xxxin,
3177 5070 3314 5135 263
3384 5069 3642 5138 Videbit
3666 5070 3782 5160 sa·

2225 5172 2395 5239 ciem
2425 5172 2584 5263 ejus
2614 5172 2686 5240 in
2715 5170 2986 5262 jubilo,
3040 5172 3172 5243 158.
3223 5198 3387 5258 xxx,
3421 5180 3548 5245 29:
3597 5179 3781 5249 Can-

2227 5282 2440 5350 ticum
2484 5282 2617 5350 erit
2670 5281 2864 5350 vobis
2907 5284 3088 5353 sicut
3150 5308 3292 5353 noa:
3333 5289 3778 5378 sanctificalae

584 5405 826 5475 Genes.
876 5427 1060 5491 xux,
1096 5410 1177 5477 18
1212 5430 1229 5477 3
1262 5409 1595 5480 Salutate
1639 5419 1838 5479 tuum
1892 5434 2121 5505 exspe-
2221 5390 2715 5458 δθῖθηῑηῑῖαῖῑδ·

581 5510 798 5594 ctabo,
831 5514 1144 5586 Domine.

2314 5626 2347 5667 ι
2380 5605 2477 5671 Et
2527 5601 2814 5693 judicia
2853 5611 3002 5671 tua.
3055 5630 3090 5668 ιο
3161 5606 3331 5677 Ecce
3369 5613 3769 5699 secundum,

670 5735 702 5770 α
740 5708 830 5775 Et
869 5707 979 5775 les
1007 5717 1152 5776 tua.
1201 5733 1233 5770 n
1287 5708 1414 5777 llic
1455 5712 1625 5777 ratio
1682 5711 1901 5791 tertia,
1945 5709 2115 5803 legis
2219 5708 2474 5780 scilicet
2501 5710 2947 5780 excitativum
2987 5709 3074 5780 ad
3103 5710 3401 5789 laudem.

3909 2082 4088 2151 nn
