5008 6329
1899 349 2616 421 COMMENTARIUS
2665 348 2758 418 IN
2811 343 3249 414 PSALMUM
3300 338 3673 410 CXXXIV.

1180 533 1551 612 narratam,
1585 529 1809 595 creavi
1872 550 2057 608 eum,
2115 527 2426 617 formavi
2461 546 2642 602 eum,
2675 532 2739 589 et

1181 633 1318 721 leci
1338 655 1517 699 eum.

1280 987 1311 1020 «
1353 958 1489 1043 Qui
1523 957 1724 1024 statis
1754 956 1827 1023 in
1850 956 2080 1022 domo.
2130 979 2163 1020 ιι
2201 954 2330 1023 Hic
2369 954 2734 1046 specificat,

1185 1067 1390 1135 simul
1429 1067 1721 1134 innuens
1762 1064 1969 1131 etiam
2000 1086 2211 1154 quare
2269 1064 2561 1133 debeant
2589 1064 2744 1132 lau-

1189 1171 1371 1241 dare.
1416 1171 1499 1237 Et
1555 1169 1803 1260 primo,
1838 1169 2063 1260 tangit
2121 1171 2441 1260 majorca.
2489 1169 2745 1238 Secun-

1185 1278 1300 1359 do,
1346 1280 1671 1355 minores„
1709 1275 1828 1355 ibi,
1869 1304 1903 1338 «
1940 1281 2023 1346 In
2053 1278 2279 1345 atriis.
2317 1306 2348 1339 n

1278 1386 1455 1454 Dicit
1486 1407 1648 1474 ergo
1682 1408 1697 1452 ε
1738 1382 1853 1452 Sic
1881 1407 2134 1453 moneo
2157 1393 2233 1453 ut
2260 1384 2551 1452 laudetis
2588 1406 2737 1462 voa,

1190 1493 1307 1584 qui
1347 1492 1508 1559 estis
1548 1491 1754 1572 servi,
1802 1516 1835 1557 α
1869 1493 1994 1583 qui
2018 1493 2243 1570 statis,
2292 1515 2325 1556 ιι
2388 1499 2741 1581 tamquam

1192 1600 1487 1689 majores
1511 1606 1578 1665 et
1595 1598 2058 1688 perfectioreS,
2093 1606 2160 1665 et
2207 1596 2294 1665 ob
2355 1596 2487 1665 hoc
2526 1598 2745 1686 magis

1192 1707 1525 1774 incumbit
1563 1706 1761 1774 vobis
1792 1706 2096 1786 laudare,
2157 1733 2189 1769 α
2242 1708 2315 1772 in
2354 1705 2556 1773 domo
2595 1708 2747 1773 Do-

1194 1815 1391 1893 mini,
1450 1842 1482 1877 n
1547 1814 2015 1894 meditatione,
2077 1821 2143 1882 et
2196 1812 2742 1892 conversatione,

1194 1925 1277 1992 de
1310 1947 1470 2015 qua,
1504 1923 1801 2001 Barucli,
1839 1946 1937 2002 ιιι,
1981 1924 2111 1991 24ε
2150 1924 2208 1992 O
2243 1921 2494 2006 Israel,
2535 1945 2745 2013 quam

1193 2053 1449 2121 maqna
1490 2038 1588 2097 est
1618 2030 1864 2097 domus
1900 2029 2240 2098 Domini!
2286 2028 2395 2109 Et,
2457 2030 2527 2095 in
2558 2029 2740 2097 Psal.

1190 2159 1472 2216 Lxxxm,
1507 2139 1591 2205 5:
1637 2137 1840 2204 Beati
1877 2138 2002 2227 qui
2064 2134 2386 2203 habitant
2425 2136 2496 2202 in
2545 2135 2747 2202 domo

1191 2251 1339 2320 tua,
1374 2242 1692 2311 Domine.
1768 2241 1881 2311 Sic
1940 2241 2053 2309 ille
2120 2243 2237 2333 qui
2306 2240 2594 2320 dicebat,
2665 2242 2750 2309 ad

1196 2350 1449 2440 Philip.
1506 2373 1602 2429 ιιι,
1668 2352 1753 2418 20
1807 2373 1822 2416 :
1886 2350 2142 2417 Nostra
2204 2351 2627 2417 conversatio
2678 2351 2750 2418 in

1188 2457 1376 2525 coelis
1403 2465 1522 2525 est.
1549 2456 1630 2524 Et
1660 2457 1847 2536 dicit,
1869 2456 2098 2540 statis,
2133 2479 2272 2524 non
2304 2457 2546 2547 jacetis
2594 2456 2752 2524 sub·

1188 2566 1382 2632 strati
1412 2565 1623 2642 carni,
1659 2565 1853 2632 asino
1887 2563 2268 2642 vestro,sed
2296 2586 2502 2654 super
2531 2565 2750 2655 ipsam

1190 2675 1392 2742 estis:
1438 2676 1715 2766 quivos
1775 2673 2117 2742 obtulistis
2184 2672 2589 2754 discrimini,
2622 2674 2751 2742 be-

1192 2781 1482 2851 nedicite
1530 2782 1860 2865 Domin0,
1918 2779 2492 2873 parvipendentes
2561 2804 2752 2850 mor-

1189 2898 1330 2959 tem
1369 2891 1674 2982 corporis
1704 2891 1941 2973 vestri,
1968 2891 2089 2982 qui
2115 2889 2518 2959 ascendistis
2547 2913 2753 2982 super

1193 2999 1485 3066 nitentes
1542 2998 1773 3066 asinos
1818 2998 1864 3066 ¹.
1899 2996 1994 3064 111
2035 2997 2205 3090 neg.
2239 3019 2409 3078 xvn,
2476 2999 2537 3076 1,
2581 2995 2751 3066 dixit

1188 3103 1416 3173 Elias:
1468 3105 1642 3173 Vivit
1669 3106 2015 3175 Dominus
2046 3106 2231 3174 Deus
2252 3103 2499 3190 Israel,
2522 3105 2594 3172 in
2630 3126 2756 3175 cu-

1174 3214 1308 3304 jus
1338 3224 1697 3308 conspectu
1732 3225 1862 3284 sto.

1281 3449 1315 3492 ι
1349 3424 1432 3493 In
1460 3424 1686 3493 atriis.
1726 3449 1760 3490 ι
1788 3423 1962 3493 Ecce
1990 3425 2395 3494 secundum.
2440 3424 2527 3494 Et
2556 3448 2756 3518 repe-

1188 3541 1254 3602 te
1292 3532 1496 3602 :Non
1534 3531 1762 3603 solum
1824 3556 1950 3601 vos
2005 3534 2124 3626 qui
2162 3535 2356 3602 statis
2394 3543 2750 3627 tamquam

1188 3641 1494 3734 perfecti,
1565 3641 1685 3710 sed
1740 3641 1950 3710 etiam
2004 3664 2131 3711 vos
2190 3642 2308 3735 qui
2373 3644 2566 3713 statis
2613 3669 2647 3712 c
2678 3646 2752 3714 in

1189 3750 1390 3818 atriis
1421 3749 1668 3819 domus
1697 3751 1829 3817 Dei
1853 3750 2099 3835 nostri,
2137 3778 2169 3813 ι)
2203 3749 2339 3820 hoc
2367 3759 2496 3833 est,
2530 3754 2599 3821 in
2630 3752 2752 3822 Ec-

1191 3856 1396 3924 clesia
1436 3855 1780 3935 militanti,
1823 3853 2049 3925 adhuc
2106 3864 2465 3949 tamquam
2516 3868 2753 3928 custo-

1187 3967 1327 4035 des.
1361 3964 1492 4034 lsa.
1540 3989 1695 4048 ιιιιι,
1729 3969 1809 4035 G:
1858 3969 2088 4060 Super
2132 3991 2369 4038 muros
2414 3979 2597 4052 tuos,
2623 3973 2747 4039 Je-

1188 4071 1522 4154 rusalem,
1552 4075 1882 4142 constitui
1945 4075 2281 4160 custodes.
2348 4076 2604 4147 Jerem.
2650 4100 2747 4160 w,

1195 4183 1273 4274 17
1306 4205 1322 4250 :
1370 4183 1590 4268 Quasi
1640 4184 1952 4253 custodes
2010 4207 2344 4276 aqrorum
2381 4188 2563 4278 lacti
2585 4197 2751 4257 sunt

1189 4312 1400 4381 super
1426 4312 1579 4358 eam
1617 4290 1690 4359 in
1714 4314 1919 4383 qyro.
1962 4290 2347 4363 Custodum
2376 4304 2608 4366 autem
2647 4305 2752 4368 est

1192 4405 1396 4476 stare,
1457 4396 1715 4466 Ilabac.
1778 4420 1851 4477 ιι,
1931 4399 1956 4465 1
1994 4420 2011 4466 :
2087 4400 2316 4494 Super
2360 4403 2747 4473 custodiam

1192 4529 1414 4575 meam
1451 4505 1671 4576 stabo.
1711 4504 1924 4576 Statis
1961 4515 2195 4578 autem
2233 4516 2588 4603 tamquam
2618 4513 2746 4580 mi·

1195 4617 1599 4683 nistrantes:
1647 4615 1939 4685 ministri
1979 4618 2167 4687 enim
2195 4626 2407 4702 stant,
2457 4643 2598 4690 non
2635 4644 2751 4690 se-

1194 4721 1377 4792 dent.
1414 4721 1443 4789 1
1473 4721 1560 4790 ad
1598 4720 1906 4792 Corinth.
1939 4748 2034 4805 iv,
2072 4728 2103 4793 1
2144 4748 2161 4794 ε
2211 4728 2333 4798 Sic
2366 4751 2492 4797 nos
2518 4729 2751 4799 existi·

1194 4839 1331 4898 met
1399 4829 1604 4898 homo
1689 4840 1768 4901 ut
1822 4832 2175 4903 ministros
2240 4834 2523 4908 Christi.
2577 4836 2745 4909 Luc.

1192 4961 1383 5019 xxw,
1417 4939 1504 5007 36
1538 4960 1556 5008 ε
1596 4939 1806 5008 Stetit
1844 4942 2068 5022 lesus.
2113 4943 2231 5035 qui
2284 4953 2571 5014 venerat
2613 4946 2750 5014 mi-

1194 5045 1507 5124 nistrare,
1543 5068 1684 5115 non
1721 5047 2091 5116 ministrari
2122 5059 2172 5130 ¹,
2205 5051 2277 5119 in
2347 5052 2574 5120 medio
2629 5076 2749 5120 eo-

1193 5176 1376 5233 rum,
1409 5152 1666 5223 scilicet
1690 5152 2215 5244 Discipulorum.
2250 5156 2407 5239 Vel,
2442 5159 2751 5252 quicum-

1195 5284 1327 5354 que
1392 5261 1464 5346 in
1521 5284 1602 5331 ea
1656 5262 1819 5342 estis
1858 5261 1930 5330 in
1988 5262 2173 5333 bono
2201 5276 2741 5358 perseverantes.

1266 5522 1399 5598 fies.
1421 5522 1721 5597 iudicum,
1743 5541 1797 5594 v,
1828 5527 1862 5582 0
1891 5528 2042 5582 etto
2068 5541 2084 5582 ε
2115 5524 2226 5593 Qui
2267 5528 2510 5601 proprio
2538 5532 2745 5589 volun-

1196 5622 1312 5674 tate
1342 5614 1624 5673 obtulistis
1653 5632 1720 5673 oo
1737 5632 1763 5674 s
1783 5614 2123 5694 discrimini,
2155 5617 2457 5700 benedicite
2473 5622 2746 5688 Domino.-

1195 5707 1296 5780 qui
1336 5703 1638 5764 ascenditis
1675 5720 1845 5778 super
1870 5706 2108 5763 nitentes
2134 5708 2342 5784 asinos,
2374 5715 2490 5769 oto.

4258 338 4381 403 411

2847 518 2980 586 Isa.
3015 541 3108 595 vi,
3146 517 3264 584 13:
3301 516 3543 584 Semen
3568 525 3878 582 sanctum
3908 512 4038 578 erit
4088 509 4164 575 id
4199 506 4389 598 quod

2849 626 3110 693 steterit
3139 626 3211 691 in
3242 646 3345 689 ea.

2941 968 2974 1009 α
3000 943 3315 1011 Laudate
3345 940 3738 1008 Dominum.
3770 964 3800 997 »ι
3829 935 3955 1002 Hic
3985 932 4385 1016 secundum,

2847 1052 2920 1120 in
2951 1074 3088 1142 quo
3127 1049 3370 1117 invitat
3397 1046 3482 1114 ad
3520 1044 3929 1113 laudandum
3961 1065 4101 1110 ore.
4135 1041 4221 1109 Et
4247 1042 4392 1131 pri·
4435 1088 4442 1095 -

2850 1183 2996 1240 mo,
3039 1158 3282 1226 invitat
3320 1155 3399 1223 ad
3440 1153 3711 1221 laudem
3750 1151 3994 1219 cordiS.
4041 1148 4384 1227 Secundn,

2850 1269 3154 1357 assignat
3186 1265 3517 1331 rationem
3565 1260 3806 1328 laudis.
3865 1284 3897 1324 α
3946 1258 4126 1343 Quia
4179 1257 4392 1324 honus

2851 1374 3217 1443 Dominus.
3258 1400 3290 1434 »

2941 1483 3125 1550 Dicit
3189 1502 3351 1571 ergo
3414 1501 3429 1545 ε

2854 1615 2998 1671 ore,
3081 1589 3435 1658 «laudate
3469 1616 3500 1649 »
3568 1586 3770 1653 etiam
3840 1611 3874 1647 α
3925 1583 4304 1651 Dominum
4357 1606 4389 1646 s

2852 1700 3079 1770 corde.
3124 1696 3328 1773 Infra,
3390 1696 3460 1762 in
3527 1692 3707 1761 Psal.
3750 1714 3939 1773 cxw,
4002 1692 4082 1758 2:
4117 1690 4390 1769 Lauda,

2852 1810 3092 1877 anima
3113 1828 3290 1886 mea,
3329 1803 3721 1873 Dominum.
3747 1800 3830 1867 Et
3856 1822 4083 1890 supra,
4109 1799 4178 1864 in
4208 1796 4390 1865 Psal.

2853 1942 2966 1999 cu,
3014 1920 3043 1985 1
3077 1941 3092 1985 :
3133 1915 3450 1999 Benedic,
3494 1913 3731 1981 anima
3760 1933 3933 1992 mea,
3976 1909 4298 1986 Domino,
4332 1917 4396 1974 et

2854 2031 3089 2098 omnia
3116 2049 3269 2120 quae
3299 2027 3483 2094 intra
3512 2047 3619 2092 me
3643 2032 3829 2104 sunt,
3863 2030 3989 2089 etc.

2949 2164 2982 2205 α
3030 2140 3213 2225 Quia
3243 2137 3455 2205 bonus
3483 2135 3822 2203 Dominus
3854 2160 3887 2194 ι)
3922 2129 4393 2212 essentialiter,

2856 2255 2924 2315 et
2962 2269 3163 2315 exse.
3208 2244 3371 2316 Luc.
3412 2265 3603 2319 xvm,
3668 2242 3744 2309 19
3783 2262 3802 2308 ε
3870 2240 4081 2307 Nemo
4152 2237 4390 2313 bonus,

2855 2355 2994 2423 nisi
3026 2354 3218 2422 solus
3266 2354 3473 2419 Deus.
3525 2349 3758 2416 Bonus
3813 2346 4018 2413 etiam
4060 2345 4128 2412 in
4169 2341 4390 2421 nobis,

2859 2460 3165 2553 Sapient.
3199 2482 3320 2537 xn,
3369 2459 3444 2524 1:
3494 2457 3553 2526 0
3580 2478 3786 2547 quam
3829 2452 4042 2520 bonus
4114 2461 4176 2518 et
4227 2473 4398 2519 sua-

2859 2570 2959 2637 vis
2987 2578 3116 2645 est,
3153 2567 3467 2644 Domine,
3505 2564 3791 2655 spiritus
3834 2570 3997 2627 tuus
4053 2561 4124 2626 in
4174 2557 4401 2626 omni-

2860 2675 2984 2744 bus
3032 2678 3063 2742 !
3131 2671 3379 2742 Thren.
3426 2694 3521 2753 ιιι,
3582 2671 3716 2738 25:
3767 2670 4002 2735 Bonus
4066 2674 4163 2732 est
4223 2666 4402 2732 Deus

2853 2779 3288 2875 sperantibus
3317 2781 3389 2846 in
3413 2801 3508 2856 se,
3533 2777 3780 2844 anima·
3807 2774 4137 2866 qua’renti
4165 2771 4399 2840 illum.

3494 1476 3607 1546 Sic
3673 1475 3942 1544 laudate
4017 1474 4388 1542 Dominum

2949 3026 2986 3068 c
3016 2998 3321 3070 Psallite
3369 2997 3657 3067 nomini.
3704 3021 3738 3062 ι
3808 2995 3934 3063 llic
4010 3002 4244 3062 monet
4316 2993 4404 3061 ad

2857 3109 3279 3182 laudandum
3308 3130 3553 3201 opere:
3587 3116 3654 3176 et
3684 3106 4000 3177 dicuntur
4035 3105 4199 3174 duo.
4243 3104 4403 3172 Pri-

2860 3243 3004 3301 mo,
3063 3218 3463 3288 admonitio.
3539 3216 3876 3291 Secundo.
3942 3215 4113 3283 ratio
4190 3234 4400 3305 quare

2859 3325 3452 3422 acquiescendum,
3489 3325 3607 3409 ibi,
3648 3352 3680 3387 «ι
3710 3325 4051 3411 Quoniam
4090 3344 4321 3389 suave.
4364 3345 4398 3386 ι

2945 3437 3064 3506 Ait
3090 3458 3255 3529 ergo
3288 3458 3307 3505 ε
3352 3433 3467 3503 Sic
3507 3432 3791 3502 laudetis
3818 3431 4045 3514 corde,
4090 3438 4155 3499 et
4193 3430 4399 3497 etiam

2858 3543 3153 3637 psallite,
3192 3540 3536 3612 laudando
3574 3564 3801 3632 opere.
3861 3538 4159 3608 l’sallere
4214 3537 4399 3606 enim

2856 3651 3105 3722 dicitur
3130 3674 3169 3720 a
3205 3656 3490 3735 uum„
3523 3649 3706 3743 quod
3743 3656 3844 3717 est
3879 3655 4184 3738 tangere,
4211 3673 4244 3708 ι
4273 3668 4403 3713 no·

2857 3761 3034 3829 mini
3057 3759 3239 3851 ejus,
3272 3785 3308 3824 ιο
3368 3756 3771 3828 nominabili
3843 3755 4166 3847 potentiae
4222 3753 4394 3844 ejus.

2856 3868 2885 3936 1
2917 3868 3142 3939 Paral.
3177 3891 3317 3949 xvi,
3349 3872 3433 3938 9:
3481 3868 3766 3938 Cantate
3791 3867 3855 3932 ci
3898 3874 3963 3931 et
3983 3862 4274 3956 psallite
4290 3861 4356 3929 ei
4375 3882 4399 3928 .·

2853 3984 3218 4046 etnarrate
3243 3975 3477 4044 omnio
3497 3972 3850 4043 mirabilia
3888 3971 4066 4063 ejus.
4102 3968 4396 4039 Nehem.

2853 4084 2964 4155 vel
3005 4084 3068 4153 11
3102 4082 3359 4161 Esdrae,
3395 4105 3488 4160 ix,
3522 4084 3563 4152 5
3600 4104 3617 4150 ε
3668 4080 4084 4150 Benedicent
4128 4078 4396 4146 nomini

2847 4191 3098 4284 qloriae
3122 4199 3262 4260 tue
3287 4188 3549 4260 excelso
3598 4189 3668 4255 in
3705 4186 3894 4255 omni
3939 4185 4401 4254 benedictione

2851 4313 2917 4375 et
2947 4301 3176 4372 laude.

2945 4438 2982 4480 c
3019 4412 3366 4500 Quoniam
3443 4431 3684 4479 suave.
3720 4437 3751 4469 ι
3807 4406 3935 4476 llic
3988 4405 4392 4484 secundum.

2852 4517 3112 4588 scilicet
3135 4540 3367 4603 causa,
3425 4526 3493 4586 et
3542 4515 3712 4586 ratio
3750 4513 3992 4592 laudis,
4029 4537 4181 4606 quae
4220 4513 4398 4581 assi-

2852 4632 3103 4718 gnatur
3129 4623 3406 4715 duplex.
3440 4623 3700 4706 Primo,
3741 4626 3846 4692 sui
3891 4620 4220 4693 exhibitio
4277 4643 4400 4713 per

2854 4733 3393 4804 incarnationem
3462 4732 3545 4802 ad
3611 4733 3908 4802 suaviter
3981 4738 4401 4823 pertractan-

2854 4845 3044 4924 dum.
3115 4843 3459 4926 Secundo,
3551 4844 3827 4913 fortium
3915 4842 4180 4926 electio,
4271 4840 4393 4921 ibi,

2853 4961 2921 5033 ᾗ.
2962 4953 3006 5022 4
3047 4974 3066 5024 z
3131 4981 3166 5031 s
3212 4954 3555 5039 Quoniam
3576 4951 3815 5022 Jacob.
3856 4978 3892 5017 υ

2941 5059 3123 5131 Dicit
3148 5081 3356 5154 ergo:
3427 5060 3542 5130 Sic
3607 5058 3868 5129 nomini
3905 5057 4055 5146 ejus
4101 5054 4391 5147 psallite,

2854 5194 2891 5236 a
2931 5169 3268 5262 quoniam
3299 5194 3335 5233 ιο
3369 5191 3622 5239 nomen
3651 5168 3795 5256 ejus
3839 5193 3874 5230 α
3905 5188 4140 5245 suave,
4177 5188 4211 5229 ι
4272 5164 4394 5233 sci·

2851 5276 3010 5346 licet
3034 5274 3406 5346 Salvator.-
3445 5275 3609 5369 quid
3662 5275 3847 5344 enim
3888 5271 4155 5343 dulcius
4192 5270 4394 5342 melle

2921 5538 2946 5575 ¹
2972 5536 3062 5595 cf.
3095 5536 3303 5597 Matth.
3333 5555 3431 5605 xx,
3460 5539 3566 5594 28:
3618 5538 3796 5596 Filius
3845 5537 4081 5597 hominis
4132 5555 4246 5595 non
4298 5554 4396 5593 ve-

2845 5629 2936 5776 3125‘
2963 5629 3300 5708 vtifflsstrffl·
3348 5628 3441 5712 Ψ
3487 5630 3824 5707 ministrare.
3853 5629 3940 5706 ct·
3972 5630 4048 5705 sd
4077 5629 4300 5705 Rhitip·
4328 5645 4392 5697 ιι,
