5008 6329
2381 440 2798 511 PSALMUS
2848 442 3058 509 CXV!
3072 495 3087 511 .
3120 473 3124 477 ·

1112 600 1237 660 ter.
1273 618 1491 675 xxxu,
1537 600 1620 666 3:
1657 601 1920 670 Nomen
1954 607 2235 673 Domini
2284 608 2604 675 invocabo
2636 633 2659 679 .·

1111 700 1271 768 dale
1306 707 1902 795 maqnificentiam
1939 716 2081 781 Deo
2111 724 2360 781 nostro.

1200 1045 1231 1079 «ι
1290 1020 1456 1088 Vota
1522 1046 1675 1092 mea
1750 1026 2071 1093 Domino.
2136 1051 2169 1088 »
2239 1025 2363 1093 Hic
2417 1049 2656 1095 secun-

1104 1122 1293 1204 dum,
1341 1127 1598 1198 scilicet
1625 1132 1999 1220 gratiarum
2030 1133 2201 1199 actio
2233 1133 2302 1200 in
2333 1156 2558 1223 opere.

1191 1235 1312 1303 Ait
1389 1240 1575 1307 enim
1647 1260 1662 1308 ε
1729 1239 1844 1308 Sic
1898 1243 2288 1312 sacrificabo
2353 1243 2649 1312 hostiam

1099 1339 1348 1427 laudis,
1383 1353 1450 1414 et
1505 1372 1540 1410 α
1583 1346 1873 1415 reddam
1905 1360 2060 1417 vota
2090 1374 2264 1431 mea,
2304 1379 2336 1415 n
2404 1351 2471 1419 id
2521 1361 2643 1432 est,

1100 1453 1467 1541 meipsum,
1536 1478 1570 1518 α
1628 1457 1953 1527 Domin0.
2017 1486 2050 1522 n
2107 1459 2378 1529 Denter.
2447 1482 2643 1538 xxm,

1100 1558 1178 1623 21
1213 1560 1437 1627 :Cum
1477 1571 1713 1629 votum
1742 1567 2001 1633 voveris
2028 1567 2315 1634 Domino
2330 1569 2473 1634 Deo
2496 1578 2641 1646 tuo,

1094 1685 1232 1729 non
1294 1665 1613 1735 tardabis
1650 1670 1952 1740 reddere.
2005 1671 2314 1751 Eccle.v,
2359 1673 2397 1739 3
2429 1679 2494 1739 et
2534 1673 2572 1737 4
2624 1694 2639 1739 ε

1100 1770 1598 1865 Quodcumque
1651 1780 1936 1862 voveris,
1985 1779 2276 1847 Domino
2363 1780 2640 1858 scilieet,

1092 1879 1323 1948 redde.
1356 1884 1728 1975 Multoque
1764 1887 2011 1955 melius
2064 1896 2159 1954 est
2197 1911 2330 1955 non
2383 1912 2642 1969 vovere,

1092 2007 1306 2076 quam
1328 2001 1492 2081 post
1518 2002 1755 2061 votum
1778 1995 2120 2084 promissa
2158 2018 2292 2062 non
2339 1994 2640 2064 reddere.

1189 2226 1222 2261 «
1274 2199 1362 2266 In
1411 2212 1772 2292 conspeetu
1827 2205 2068 2272 omnis.
2108 2229 2141 2270 t
2183 2204 2310 2274 llic
2365 2210 2643 2275 tertium

1093 2306 1305 2374 totius
1367 2304 1577 2398 hujus
1641 2310 1878 2400 partis,
1922 2311 2174 2381 scilicet
2218 2312 2332 2381 illa
2377 2336 2535 2404 pars
2574 2318 2644 2384 in

1093 2436 1229 2505 qua
1256 2415 1446 2484 addit
1484 2416 1568 2485 de
1597 2418 1806 2487 modo
1836 2419 2166 2489 referendi
2205 2425 2481 2512 gratiam,
2526 2426 2642 2514 qui

1090 2522 1399 2613 tangitur
1435 2522 1715 2615 duplex.
1760 2525 2018 2606 Primo,
2063 2530 2243 2619 quod
2293 2529 2644 2600 evidenter

1089 2637 1166 2696 ut
1220 2630 1536 2720 pluribus
1590 2635 1807 2725 possit
1868 2637 2218 2725 prolicere.
2299 2641 2636 2727 SecundO,

1089 2740 1275 2829 quod
1307 2738 1622 2820 fideliter,
1656 2741 1776 2819 ibi,
1809 2749 1874 2818 5.
1918 2746 1992 2810 19
2028 2739 2051 2812 :‘
2088 2775 2118 2807 a
2168 2750 2247 2815 In
2288 2753 2486 2818 atriis
2524 2754 2642 2821 do-

1083 2867 1241 2912 mus
1277 2848 1593 2916 Domini.
1641 2876 1676 2912 »
1709 2848 1960 2930 Terti0‚
2019 2854 2200 2945 quod
2257 2857 2640 2952 benigniter

1081 2954 1228 3023 sine
1258 2956 1654 3027 turbatione
1677 2960 1997 3042 aliorum,
2041 2963 2162 3044 ibi,
2201 2991 2235 3031 α
2283 2969 2364 3036 In
2414 2970 2636 3039 medio

1080 3063 1210 3130 lui.
1258 3088 1294 3130 ι

1177 3173 1430 3243 «Dicit
1494 3197 1661 3268 ergo
1732 3200 1749 3245 ε
1804 3177 1919 3248 Sic
1972 3179 2147 3250 (labo
2226 3184 2631 3257 sacrificium

1079 3277 1327 3361 laudiS,
1361 3289 1429 3349 et
1460 3285 1828 3375 meipsum,
1862 3295 1929 3355 et
1965 3286 2098 3358 hoc
2144 3318 2180 3354 α
2239 3291 2310 3358 in
2352 3315 2633 3386 conspe-

1074 3394 1190 3454 ctu
1219 3391 1446 3457 omnis
1465 3391 1726 3483 populi
1751 3391 1930 3483 ejuS,
1972 3421 2003 3459 ι»
2038 3403 2107 3464 ut
2131 3420 2370 3467 omnes
2410 3401 2630 3469 aedifi-

1078 3516 1255 3574 cem,
1299 3496 1387 3565 ad
1444 3494 1575 3567 hoc
1616 3501 1842 3591 ipsum
1892 3504 2204 3572 excitem.
2256 3504 2462 3576 Eccli.
2503 3532 2624 3595 vn,

1078 3602 1164 3668 :35
1221 3609 1289 3671 et
1344 3605 1429 3672 3¹1
1491 3628 1508 3673 ε
1569 3607 2010 3699 Sacrificium
2064 3614 2630 3702 sanctificationis

1076 3712 1319 3802 offeres
1359 3714 1745 3787 Domino...
1773 3717 1843 3785 in
1873 3729 2227 3811 conspectu
2265 3724 2486 3793 omnis
2524 3726 2633 3795 vi-

4199 441 4326 506 217

2774 613 3009 678 ventiS.
3069 611 3310 678 Matth.
3373 636 3439 690 v,
3498 617 3578 680 16
3661 637 3676 681 :
3737 616 3857 683 Sic
3932 614 4155 680 luceat
4200 613 4326 678 lua:

2770 728 2991 784 vestra
3020 740 3249 786 coram
3277 719 3697 797 hominibuS,
3749 732 3827 789 ut
3856 722 4135 789 videant
4163 743 4326 810 ope-

2765 848 2847 892 ra
2903 837 3120 894 vestra
3188 828 3363 896 bona
3434 853 3456 896 .·
3526 831 3713 920 quia,
3759 830 4044 916 ibidem,
4079 839 4144 907 ᾗ.
4186 833 4264 897 1ἲὶ
4306 852 4320 895 :

2765 935 2998 1024 Neque
3061 937 3438 1004 ascendunt
3498 937 3879 1022 lucernam,
3931 949 3996 1004 et
4050 947 4323 1030 ponunt

2763 1064 2913 1108 eam
2939 1042 3064 1110 sub
3104 1044 3359 1122 modio,
3399 1045 3523 1111 sed
3554 1068 3763 1136 super
3793 1045 4316 1127 candelabrum,

2764 1161 2843 1218 ut
2875 1151 3102 1218 luceat
3121 1151 3439 1219 omnibus
3465 1153 3591 1243 qui
3628 1154 3701 1219 in
3732 1155 3937 1222 domo
3974 1164 4139 1223 sunt
4163 1159 4206 1221 ¹.

2846 1467 2929 1535 Et
2959 1467 3112 1548 hoc,

2848 1603 2881 1642 «
2948 1579 3032 1645 In
3082 1581 3281 1646 atriis
3332 1580 3577 1646 domus
3642 1582 3958 1666 Domini,
3995 1582 4135 1649 »id
4183 1591 4309 1660 est,

2756 1685 3099 1772 Ecclesiae,
3133 1711 3273 1755 non
3305 1696 3494 1756 extra
3551 1687 3867 1767 domum,
3924 1690 4087 1781 quia
4142 1689 4315 1757 nihil

2757 1794 3014 1862 valeret
3085 1795 3302 1874 aliter,
3365 1797 3491 1864 nisi
3543 1819 3764 1865 essem
3826 1798 3897 1863 in
3947 1796 4159 1865 domo
4193 1820 4315 1887 per

2757 1903 2983 1971 iidem.
3020 1903 3127 1971 Ad
3166 1903 3377 1972 Hebr.
3419 1929 3514 1986 xi,
3552 1908 3593 1970 li
3630 1928 3646 1974 t
3681 1907 3852 1976 Sine
3876 1906 4021 1993 fide
4052 1907 4316 1998 impos-

2752 2011 2954 2079 sibile
3008 2021 3107 2080 est
3155 2012 3432 2103 placere
3486 2016 3655 2081 Deo.
3739 2014 3923 2082 Psnl.
3970 2037 4150 2093 cxxi,
4212 2016 4308 2082 2:

2754 2119 3027 2188 Stantes
3055 2130 3249 2187 erant
3283 2120 3493 2211 pedes
3527 2122 3754 2189 nostri
3807 2123 3880 2189 in
3910 2121 4114 2189 atriis
4141 2122 4308 2201 tuiS,

2750 2225 3157 2296 Jerusalem.

2842 2333 2927 2402 Et
2963 2333 3119 2421 hoc,
3157 2361 3191 2401 α
3252 2337 3325 2404 in
3382 2337 3606 2405 medio
3648 2338 3778 2419 tui,
3818 2338 4235 2414 Jerusalem,
4269 2366 4298 2402 υ

2751 2441 2885 2511 hoo
2958 2452 3081 2522 est,
3168 2444 3445 2536 pacifice
3537 2453 3605 2514 et
3676 2446 4085 2538 benigniter.
4190 2447 4311 2515 Je-

2752 2547 3046 2618 rusalem
3084 2551 3265 2619 enim
3316 2552 3487 2619 visio
3529 2553 3728 2643 pacis
3767 2553 4255 2647 interpretatur
4288 2577 4302 2624 ε

2753 2656 2820 2724 in
2860 2657 2975 2724 tali
3042 2658 3223 2726 enim
3271 2658 3448 2735 loco,
3511 2660 3581 2727 in
3664 2683 3802 2752 quo
3862 2669 3964 2730 est
4009 2661 4199 2739 fides,
4244 2672 4309 2728 et

2749 2786 2909 2855 pax,
2984 2764 3113 2834 sibi
3191 2765 3341 2834 vult
3396 2769 3788 2837 sacrificari.
3843 2768 4122 2838 Denter.
4185 2794 4305 2847 xu,

2754 2873 2834 2938 13
2865 2880 2931 2941 et
2973 2874 3052 2940 14
3089 2895 3104 2939 ε
3134 2874 3314 2943 Cave
3340 2898 3423 2943 ne
3441 2877 3695 2967 offeras
3731 2876 4141 2946 holocausta
4180 2888 4303 2945 tua

2745 2978 3050 3048 inomni
3105 2979 3250 3048 loco
3316 3004 3518 3073 quem
3584 2982 3864 3067 videris,
3930 2983 4056 3054 sed
4102 2985 4170 3051 in
4229 3008 4306 3053 eo

2745 3108 2944 3178 quem
2991 3086 3271 3181 eleqerit
3314 3091 3662 3159 Dominus
3739 3115 3763 3158 .·
3844 3100 3921 3160 ut
3986 3114 4113 3185 per
4176 3090 4301 3162 boc

2744 3196 2929 3287 quod
2967 3196 3212 3267 oss'eres
3241 3200 3312 3267 in
3343 3196 3470 3268 hac
3505 3199 3847 3271 materiali
3878 3201 4289 3287 Jerusalem,

2741 3304 2976 3372 venias
3020 3313 3516 3397 consequenter
3563 3306 3653 3376 ad
3699 3307 3889 3377 illam
3939 3332 4094 3401 quae
4142 3333 4300 3377 sur-

2739 3432 2893 3477 sum
2959 3419 3084 3490 est,
3155 3435 3306 3504 quae
3385 3420 3486 3481 est
3551 3422 3773 3484 mater
3837 3424 4074 3484 nostra
4103 3434 4151 3495 ¹,
4205 3417 4288 3484 ml

2739 3539 2945 3610 quam
2985 3542 3112 3588 nos
3168 3520 3518 3611 perducat,
3578 3525 3696 3614 qui
3745 3533 3848 3594 est
3892 3524 4295 3593 benedictus

2739 3647 2859 3718 per
2885 3627 3117 3695 omnia
3163 3627 3409 3698 saecula
3448 3629 3890 3701 saeculorum.
3926 3632 4176 3702 Amen.

2282 4090 2747 4169 PSALMUS
2807 4094 3067 4169 CXVI.

2018 4413 2137 4486 Ad
2181 4414 2615 4488 laudandum
2658 4417 2879 4490 Deum
2897 4423 3348 4513 provocatio.

1678 4752 2022 4827 Alleluia.

1127 4886 1185 4931 ι.
1243 4862 1570 4934 [audate
1622 4863 2053 4949 Dominum,
2141 4885 2396 4935 omnes
2442 4889 2624 4958 gen-

1340 4988 1451 5042 tes
1511 4993 1529 5040 ε
1591 4972 1878 5043 laudate
1940 4993 2134 5053 eum,
2186 4993 2441 5043 omnes
2488 4997 2623 5067 po-

1338 5077 1599 5170 puli⁸:

1140 5339 1158 5376 ¹
1189 5340 1277 5400 Cf.
1306 5343 1484 5399 Marc.
1519 5360 1593 5411 iv,
1626 5344 1689 5399 2¹
1724 5359 1740 5413 ;
1772 5341 1907 5399 Luc.
1943 5360 2060 5413 vin,
2099 5346 2186 5412 16,
2216 5348 2277 5401 et
2305 5362 2387 5419 xi,
2416 5346 2507 5403 33.

1141 5430 1165 5467 ⁸
1192 5430 1282 5487 Ad
1311 5429 1507 5490 Galat.
1548 5448 1626 5500 tv.
1674 5434 1749 5487 26
1783 5448 1799 5489 ε
1830 5432 1936 5489 ma
1986 5449 2111 5505 qua·
2147 5448 2363 5492 sursum
2418 5444 2499 5493 est
2536 5439 2623 5492 Je-

1067 5519 1334 5590 rusalem,
1365 5519 1544 5578 libera
1571 5527 1650 5580 est
1680 5538 1696 5579 t
1727 5537 1850 5596 que
1879 5530 1959 5580 est
1986 5530 2164 5613 mater
2184 5532 2394 5581 nostra.

2780 4782 2848 4831 2.
2879 4761 3252 4854 Quoniam
3289 4766 3714 4841 confirmata
3755 4788 3865 4843 est
3899 4793 4122 4865 super
4156 4794 4296 4844 nos

2995 4871 3490 4945 misericordia
3519 4874 3707 4965 ejus,
3740 4894 3812 4949 et
3841 4879 4109 4951 veritas
4157 4881 4297 4951 Do-

2996 4979 3177 5051 mini
3218 5001 3462 5056 manet
3498 5002 3857 5058 aeternum
3880 4987 3928 5057 ⁸.

2798 5350 2822 5387 ⁸
2851 5351 2939 5408 Ad
2991 5351 3241 5412 Roman.
3275 5371 3367 5424 xv,
3402 5359 3489 5412 11.

2799 5441 2823 5476 ⁴
2848 5442 3016 5499 loun.
3061 5458 3166 5511 ιιι,
3207 5445 3297 5500 34.
