5008 6329
2233 389 2653 460 PSALMUS
2703 388 3008 457 CXLVII
3019 443 3034 458 .

1067 562 1341 630 habebit
1364 564 1815 648 voluntatem,
1847 592 1879 632 ιο
1902 563 2293 635 conferendi
2314 562 2469 642 hoc,
2494 586 2528 624 α
2555 561 2627 626 in
2679 529 2696 541 ⁹

1065 671 1482 760 fortitudine
1504 674 1686 764 equi,
1734 700 1766 740 ι
1812 674 1881 742 id
1942 683 2067 750 est,
2121 670 2218 738 illi
2268 669 2384 759 qui
2424 665 2627 733 habet

1070 781 1224 870 equi
1267 780 1762 862 fortitudinem,
1808 780 2048 872 quales
2078 787 2237 846 sunt
2274 785 2626 845 contuma-

1069 910 1178 956 ces
1208 899 1271 958 et
1311 891 1610 980 superbi.
1665 887 1873 957 Eccli.
1911 911 1984 969 x,
2042 888 2079 954 7
2118 908 2132 953 ε
2173 884 2471 954 Odibilis
2509 907 2625 951 co-

1068 1020 1219 1066 ram
1258 1001 1402 1067 Deo
1458 1008 1556 1065 est
1601 1006 1663 1064 et
1702 993 2097 1064 hominibus
2149 992 2493 1085 superbia.
2539 991 2624 1058 Et

1064 1113 1342 1197 propter
1380 1105 1512 1174 hoc
1541 1101 1793 1172 talibus
1824 1102 2046 1194 magis
2072 1102 2343 1171 resistit.
2376 1098 2613 1168 Jacob.

1067 1237 1166 1293 ιν,
1212 1215 1250 1282 6
1285 1235 1300 1280 :
1335 1216 1523 1282 Deus
1550 1209 1863 1302 superbis
1886 1211 2159 1288 resistit,
2205 1210 2367 1301 quia
2396 1216 2462 1276 et
2492 1207 2619 1297 ipsi

1074 1321 1195 1389 illi.
1228 1322 1268 1389 J
1275 1322 1387 1400 ob,
1416 1343 1533 1402 xv,
1569 1320 1654 1388 25
1683 1341 1697 1386 :
1728 1320 2054 1389 Cucurrit
2083 1318 2405 1386 adversus
2434 1338 2615 1393 eum,

1064 1432 1319 1500 scilicet
1351 1431 1601 1508 Deum,
1627 1439 1842 1497 erecto
1873 1427 2080 1497 collo.

1156 1565 1188 1604 c
1221 1539 1358 1606 Nec
1381 1539 1453 1604 in
1481 1537 1694 1604 tibiis.
1734 1562 1766 1602 ι
1794 1536 1967 1604 Ecce
1997 1532 2393 1603 secundum.
2432 1530 2622 1610 Qua-

1063 1650 1120 1716 si
1149 1646 1399 1715 diceret
1433 1669 1447 1714 ε
1496 1645 1612 1715 Sic
1651 1667 1792 1713 non
1847 1641 2226 1734 complacet
2264 1640 2335 1706 in
2373 1662 2618 1730 super-

1060 1755 1199 1834 bia,
1236 1762 1299 1824 et
1350 1751 1874 1823 contumacibus
1930 1772 1948 1824 z
1996 1775 2029 1816 tt
2064 1750 2201 1819 Nec
2231 1747 2618 1839 beneplaci-

1061 1877 1208 1935 tum
1238 1864 1366 1932 erit
1405 1864 1467 1931 ei
1498 1865 1570 1930 in
1600 1861 1792 1930 tibiis
1842 1860 2001 1939 viri,
2041 1887 2073 1922 »
2108 1859 2179 1927 in
2208 1857 2371 1926 viris
2401 1855 2618 1925 auda-

1059 1971 1277 2057 cibus,
1347 1978 1415 2039 et
1478 1967 1980 2061 incompositis,
2059 1966 2177 2059 qui
2250 1964 2617 2034 ostendunt

1059 2078 1259 2149 tibias
1289 2100 1446 2146 suas
1478 2086 1830 2168 tamquam
1863 2075 1999 2143 sint
2029 2073 2236 2141 fortes
2265 2079 2330 2140 et
2375 2070 2610 2140 validi.

1061 2186 1209 2278 Ipse
1277 2186 1461 2255 enim
1518 2186 1821 2254 incessus
1872 2181 2247 2251 multorum
2322 2178 2616 2249 ostendit

1059 2294 1264 2365 corda
1303 2293 1604 2362 illorum.
1649 2290 1858 2362 Eccli.
1906 2313 2049 2370 xtx,
2084 2290 2167 2358 2’1
2226 2310 2243 2358 z
2304 2289 2614 2357 Amictus

1061 2403 1388 2494 corporis,
1434 2411 1495 2468 et
1538 2401 1719 2468 risus
1760 2399 2096 2480 dentium,
2138 2408 2201 2466 et
2270 2399 2613 2489 inqrcssus

1058 2510 1357 2578 hominis
1385 2509 1749 2576 enuntiant
1792 2506 1876 2574 dc
1934 2505 2090 2574 illo.
2140 2504 2272 2572 Isa.
2307 2527 2405 2583 ιιι,
2451 2505 2528 2572 16
2590 2525 2607 2571 :

1060 2619 1200 2685 Pro
1231 2638 1305 2683 eo
1372 2613 1562 2706 quod
1618 2612 2152 2682 ambulaverunt
2207 2610 2378 2699 filiae
2442 2610 2613 2680 Sion

1061 2731 1328 2791 extento
1368 2721 1578 2799 ccliv.
1613 2729 1742 2790 etc.

1151 3069 1185 3107 α
1234 3040 1763 3133 Beueplacitum
1792 3049 1913 3108 est.
1950 3065 1985 3102 n
2010 3038 2137 3108 Hic
2179 3046 2280 3107 est
2311 3037 2613 3107 secunda

1058 3172 1215 3244 pars
1253 3150 1463 3219 totius
1493 3146 1677 3217 illius
1731 3146 1947 3240 partis
1977 3147 2049 3216 in
2079 3169 2213 3239 qua
2235 3153 2612 3238 tanguntur

1058 3258 1412 3329 beneficia.
1449 3257 1741 3328 Ostensa
1769 3259 1954 3327 enim
1979 3254 2340 3326 collatione
2362 3254 2613 3325 beneti-

1057 3369 1319 3437 ciorum
1351 3365 1723 3460 aliquibu8‚
1766 3372 1834 3435 et
1873 3364 2212 3458 aliquibus
2241 3386 2409 3446 non,
2443 3363 2613 3433 sub-

1049 3477 1364 3568 jungitur
1444 3473 1556 3544 hic
1622 3474 1796 3543 ratio
1864 3472 2253 3543 conferendi
2328 3472 2603 3542 talibus.

1057 3585 1317 3666 Primo,
1350 3581 1847 3675 complacentia
1882 3581 2041 3662 Dei,
2083 3589 2152 3650 et
2190 3578 2508 3651 voluntas
2536 3581 2607 3649 in

4163 399 4292 465 523

2738 560 3159 628 timentibus
3209 561 3548 642 SecundO,
3604 566 3675 633 in
3727 567 4157 656 sperantibus
4197 568 4296 633 si-

2739 664 2905 742 mul,
2954 665 3069 745 ibi,
3110 694 3142 732 α
3176 670 3271 736 Et
3303 670 3370 736 in
3402 672 3497 737 eis
3535 673 3661 761 qui
3695 683 3997 763 sperant.
4041 703 4072 735 n

2825 774 2939 841 Ait
2979 798 3140 867 ergo
3191 800 3205 842 ε
3265 776 3376 844 Sic
3408 779 3665 847 confert
3695 780 4039 870 praedicta,
4085 790 4151 849 et
4187 789 4295 849 ta-

2736 881 2911 950 libus
2952 907 3090 951 non
3127 907 3141 950 :
3180 908 3299 952 cut·
3330 885 3508 954 hoc?
3538 886 3709 955 Ecce
3757 910 3771 953 ε
3817 917 3848 949 «
3881 888 4294 980 Bcneplaci-

2739 999 2887 1057 tum
2927 1000 3024 1057 cst
3061 993 3361 1059 Domino
3408 1015 3612 1083 super
3671 995 3985 1061 limentes
4025 1017 4206 1076 eum,
4251 1023 4280 1056 υ

2734 1096 2968 1188 quales
3034 1105 3193 1165 sunt
3232 1097 3354 1166 illi.
3428 1099 3630 1168 Eccli.
3671 1126 3715 1180 1,
3776 1103 3854 1169 13
3918 1124 3933 1169 ε
3999 1104 4291 1171 Timenli

2731 1206 3111 1274 Dominum
3146 1204 3305 1274 bene
3341 1209 3490 1289 erit,
3544 1218 3608 1275 et
3661 1210 3732 1275 in
3764 1209 4002 1278 diebus
4046 1234 4290 1279 conso-

2735 1313 3017 1381 lationis
3073 1314 3273 1382 illius
3353 1315 3799 1385 benedicetur.
3873 1317 3957 1385 Et
4046 1318 4291 1387 dicitur

2733 1421 2872 1489 dies
2923 1420 3432 1502 consolationiS‚
3478 1423 3619 1492 dies
3668 1424 3936 1515 judicii,
3986 1426 4097 1494 vel
4146 1426 4290 1496 dies

2732 1527 2993 1595 mortiS.
3049 1527 3254 1596 Eccli.
3294 1551 3453 1608 xxv,
3505 1531 3582 1598 13
3630 1533 3938 1600 :Beatus
3996 1542 4113 1610 est,
4179 1535 4292 1601 cui

2730 1627 3066 1704 donatum
3140 1648 3239 1705 est
3286 1637 3532 1706 habere
3573 1641 3887 1708 timorem
3935 1643 4088 1710 Dei.
4135 1642 4283 1711 Hoc

2729 1765 2893 1836 ergo
2942 1754 3042 1812 est
3073 1744 3594 1836 beneplacitum,
3660 1748 3742 1816 de
3806 1771 3944 1840 quo
3993 1749 4277 1832 PauluS‚

2728 1851 2814 1919 ad
2860 1851 3111 1943 Ephes.
3165 1874 3233 1932 ν,
3293 1854 3368 1921 10
3433 1878 3448 1922 :
3517 1855 3902 1924 Probantes
3960 1857 4137 1949 quid
4185 1860 4277 1926 sil

2730 1959 3233 2051 beneplacitum
3273 1963 3440 2030 Deo.
3481 1991 3512 2024 »

2820 2094 2852 2130 «
2878 2069 2974 2135 Et
3002 2068 3075 2135 in
3094 2068 3190 2136 eis
3210 2070 3334 2159 qui
3357 2078 3637 2161 sperant
3658 2092 3866 2163 super
3894 2071 4286 2141 miscricor-

2726 2173 2845 2241 dia
2876 2173 3032 2264 ejus
3071 2197 3094 2241 .·
3158 2200 3190 2240 ιι
3250 2175 3444 2244 aliter
3486 2177 3695 2244 timor
3752 2200 3892 2245 non
3949 2178 4269 2269 placeret,

2726 2282 2780 2348 si
2812 2282 2956 2350 sine
2986 2305 3105 2373 spe
3136 2289 3334 2352 esset.
3374 2284 3657 2376 Propter
3685 2284 3817 2354 hoc
3847 2285 4010 2354 dicit
4039 2285 4280 2355 Eccle-

2725 2391 3060 2470 siasticus,
3105 2391 3310 2461 Eccli.
3346 2416 3417 2474 ιι,
3441 2397 3482 2458 9
3518 2413 3533 2462 :
3574 2395 3713 2479 Qui
3741 2395 3997 2462 timetis
4028 2396 4282 2464 Domi-

2723 2521 2917 2578 num,
2947 2508 3216 2590 sperate
3246 2502 3314 2567 in
3357 2499 3590 2569 illum.
3628 2502 3906 2570 Denter.
3953 2525 4140 2581 xxiv,
4176 2503 4216 2571 (i
4261 2526 4276 2569 :

2724 2609 2879 2677 Non
2914 2607 3210 2698 accipies
3243 2613 3387 2676 loco
3425 2611 3742 2700 piqnoris
3782 2610 4183 2702 inferiorem
4221 2621 4284 2679 et

2721 2716 3147 2807 superiorem
3170 2716 3452 2783 molam.
3483 2716 3816 2808 Superior
3835 2726 3939 2786 est
3967 2740 4150 2809 spes,
4184 2719 4285 2786 in-

2725 2823 2934 2892 ferior
2962 2845 3128 2892 vero
3158 2830 3258 2892 est
3287 2824 3518 2892 timor.
3566 2824 3940 2918 Gregorius
3975 2848 3991 2894 :
4031 2855 4065 2890 «
4110 2825 4282 2918 Spes

2730 2957 2763 2998 ι
2797 2932 2882 3000 ad
2929 2930 3067 3000 alta
3097 2930 3438 3011 subvehit,
3486 2933 3693 3002 timor
3730 2935 4095 3005 desursum
4125 2959 4281 3029 pre·

2731 3069 2763 3106 «
2807 3042 2932 3111 mit
2964 3063 2980 3110 :
3014 3052 3080 3111 et
3109 3043 3208 3113 sic
3245 3041 3454 3112 homo
3496 3044 3779 3113 molitur
3816 3054 3891 3115 ut
3931 3045 4049 3115 fiat
4088 3045 4281 3116 cibus

2730 3177 2763 3218 ι
2802 3149 2950 3237 Dei,
2995 3156 3062 3220 et
3091 3151 3538 3222 transferatur
3592 3153 3677 3222 ad
3723 3160 3994 3224 aeternae
4046 3153 4282 3247 gloriae

2727 3283 2762 3323 a
2807 3280 3114 3327 mensam
3149 3280 3165 3326 τ
3205 3284 3240 3326 »
3265 3258 3346 3327 ad
3382 3283 3583 3351 quam
3616 3283 3744 3329 nos
3776 3259 4124 3351 perducat,
4163 3262 4279 3352 qui

2723 3372 2825 3433 est
2895 3363 3289 3434 benedictus
3373 3367 3437 3433 in
3523 3366 3770 3435 saecula
3836 3366 4270 3438 saeculorum.

2719 3474 2966 3544 Amen.

2220 4083 2687 4160 PSALMUS
2730 4083 3100 4160 CXLVII.

1364 4426 1760 4501 Ecclesiam
1812 4426 2077 4501 invitat
2103 4426 2203 4500 ad
2237 4425 2677 4499 laudandum
2715 4428 2940 4498 Deum
2969 4426 3097 4521 qui
3122 4448 3275 4498 eam
3306 4427 3507 4498 bonis
3543 4425 3964 4499 cumulavit.

1227 4891 1570 4964 Alleluia.-

1059 5129 1167 5179 ια.
1227 5107 1501 5187 Lauda,
1606 5104 2038 5187 Jerusalem,
2116 5105 2515 5180 Dominum
2584 5134 2600 5179 ε

1319 5214 1536 5284 lauda
1564 5214 1801 5285 Deum
1821 5229 2060 5295 tuum,
2082 5212 2288 5288 Sion.

1060 5324 1167 5393 13.
1221 5320 1594 5413 Quoniam
1641 5319 2072 5392 confortavit
2112 5344 2307 5394 seras
2357 5342 2606 5418 porta-

1317 5449 1484 5500 rum
1513 5445 1832 5512 tuarum,
1868 5426 2231 5499 benedixit
2253 5429 2420 5501 filiis
2453 5431 2603 5505 tuis

1320 5534 1512 5606 inte.

1065 5666 1171 5733 ¹4·
1226 5639 1375 5733 Qui
1444 5641 1691 5735 posuit
1758 5641 1937 5714 fines
1992 5660 2158 5715 tuos
2196 5667 2473 5739 pacem,
2533 5665 2603 5718 ct

1322 5747 1535 5843 adipe
1565 5748 1913 5822 frumenti
1944 5750 2154 5825 satiat
2194 5769 2285 5826 te.

2723 4790 2831 4859 15.
2884 4783 3033 4878 Qui
3062 4782 3327 4855 emittit
3356 4781 3733 4876 eloquium
3771 4802 3992 4853 suum
4031 4800 4268 4864 term,

2980 4890 3321 4964 velociter
3358 4892 3583 4962 currit
3613 4910 3855 4961 sermo
3884 4889 4070 4982 ejus.

2725 5002 2831 5074 16.
2891 4999 3041 5091 Qui
3099 5001 3222 5070 dat
3298 4997 3537 5070 nivem
3591 4997 3779 5070 sicut
3819 4999 4089 5080 lanam,
4140 5019 4273 5070 ne-

2982 5106 3231 5179 bulam
3280 5105 3467 5178 sicut
3513 5106 3832 5178 cinerem
3873 5104 4173 5199 spargit.

2725 5240 2831 5309 ¹7·
2884 5212 3112 5286 Mittit
3158 5214 3582 5308 crystallum
3619 5234 3829 5284 suam
3870 5211 4058 5283 sicut
4103 5214 4274 5284 buc-

2979 5320 3197 5392 cellas
3239 5344 3256 5390 :
3291 5339 3455 5392 ante
3485 5320 3743 5392 facicm
3781 5318 4075 5412 frigoris
4107 5319 4264 5412 cius

2984 5431 3152 5525 quis
3203 5430 3642 5502 sustinebit?

2725 5541 2831 5612 ι8.
2890 5538 3195 5610 Emittet
3250 5538 3556 5609 verbum
3612 5558 3861 5625 suum,
3923 5554 3993 5607 et
4043 5534 4274 5630 lique-

2980 5646 3189 5719 faciet
3243 5668 3324 5718 ca
3376 5671 3394 5717 z
3457 5645 3661 5719 flabit
3723 5645 4027 5742 spiritus
4082 5643 4268 5738 ejus,

2975 5774 3045 5828 et
3076 5755 3302 5828 fluent
3330 5777 3560 5851 aquoe.
