5008 6329
1152 252 1172 301 ¹
2020 263 2726 334 COMMENTARIUS
2782 263 2869 329 ΙΝ
2922 261 3353 330 PSALMUM
3405 261 3541 329 CV.
4309 256 4390 322 87

1173 435 1243 499 ni
1297 432 1727 522 gehennalis,
1763 438 1974 504 maris
2015 436 2255 516 Rubri,
2292 437 2737 506 nihilominus

1171 552 1551 631 provocant
1590 544 1844 628 Deum,
1900 557 1968 615 et
2020 548 2286 616 irritant
2327 549 2468 636 jam
2514 568 2733 624 seneS,

1173 658 1238 716 et
1331 675 1542 742 prope
1619 652 1829 721 finem
1911 658 2071 723 vitae
2143 678 2282 723 suae
2345 655 2730 720 existentes,

1172 753 1268 818 ΙΙΙ
1311 756 1480 847 lteg.
1565 781 1706 838 xlv,
1788 762 1873 827 22
1940 785 1954 827 :
2021 762 2479 828 Irritaverunt
2553 779 2732 835 euin,

1173 861 1430 930 scilicet
1489 863 1900 953 Dominum,
1941 890 2152 958 super
2208 863 2524 948 omnibus
2583 887 2736 953 quae

1170 970 1478 1058 fecerant
1527 984 1763 1065 patres
1821 997 2060 1042 eorum
2119 974 2190 1039 in
2237 973 2534 1063 peccatis
2589 974 2733 1039 suis

1171 1101 1322 1166 quae
1343 1092 1819 1169 peccaverunt.
1857 1082 2115 1150 Jerem.
2149 1102 2363 1159 xxxn,
2401 1080 2484 1148 30
2514 1104 2528 1148 ;
2563 1079 2737 1147 Filii

1169 1184 1416 1268 Israel,
1479 1190 1605 1280 qui
1654 1212 1870 1280 usque
1915 1211 2099 1255 nunc
2164 1187 2575 1255 exacerbant
2632 1209 2735 1253 me

1173 1294 1242 1360 in
1282 1318 1480 1385 opere
1517 1319 1858 1364 mortuum
1913 1318 2231 1363 suorum.

1265 1632 1296 1670 α
1333 1611 1424 1677 Et
1451 1609 1754 1677 salvavit
1782 1633 1919 1677 eos·.
1957 1635 1991 1674 ι
2029 1608 2157 1677 Hic
2212 1607 2611 1687 seeundum,
2667 1610 2733 1676 in

1171 1738 1308 1806 quo
1363 1719 1669 1809 tangitur
1724 1720 1984 1808 peccati
2052 1741 2292 1786 eorum
2339 1720 2731 1808 aggravatio

1167 1846 1289 1914 per
1353 1824 1682 1894 beneticia
1733 1829 1831 1895 eis
1889 1825 2195 1895 exhibita
2250 1848 2288 1893 a
2346 1825 2517 1906 DeO,
2579 1849 2729 1917 quae

1163 1939 1543 2023 tanguntur
1571 1932 1680 2001 hic
1720 1957 1735 2001 ε
1788 1943 1855 2002 et
1894 1934 2216 2002 dicuntur
2252 1933 2412 2001 due.
2470 1933 2726 2012 Prim0,

1162 2040 1656 2111 beneficiorum
1729 2042 2198 2112 exhibitorum
2277 2045 2724 2112 enumeratio.

1164 2148 1510 2229 SecundO,
1555 2154 1936 2241 gratiarum
1988 2154 2192 2237 aetio,
2238 2161 2305 2220 et
2342 2150 2489 2219 laus
2522 2150 2731 2220 bene-

1162 2258 1297 2339 fici,
1341 2263 1458 2330 sed
1503 2272 1811 2354 tempore
1853 2286 2095 2355 parvo,
2150 2286 2287 2331 non
2325 2285 2478 2331 cum
2511 2286 2731 2354 perse-

1159 2372 1494 2451 verantia,
1578 2369 1695 2450 ibi,
1787 2378 1852 2447 ὰ.
1926 2372 2005 2438 12
2043 2394 2059 2441 ε
2134 2399 2164 2435 ιι
2254 2373 2351 2440 Et
2422 2371 2732 2440 credide-

1159 2492 1346 2550 runt.
1392 2509 1424 2541 υ

1250 2587 1325 2655 In
1370 2588 1591 2679 prima
1659 2587 1824 2656 duo.
1867 2587 2136 2667 Primo,
2199 2595 2579 2680 tanguntur
2609 2588 2727 2654 be·

1158 2699 1400 2766 neticia
1452 2695 1584 2764 illis
1617 2696 1924 2765 exhibita
1981 2698 2414 2789 generaliter.
2461 2695 2728 2766 Secun-

1158 2805 1271 2884 do,
1307 2805 1814 2898 specificantur,
1879 2804 2000 2885 ibi,
2035 2813 2101 2883 ὴ.
2134 2808 2220 2875 9:
2305 2833 2336 2869 α
2376 2807 2470 2874 Et
2510 2806 2728 2873 incre-

1148 2914 1311 3005 pui!
1341 2936 1557 2981 more.
1594 2939 1629 2979 ι

1248 3018 1323 3087 ln
1371 3021 1591 3110 prima
1635 3019 1801 3090 duo.
1873 3019 2139 3101 Primo,
2209 3020 2614 3089 beneticium
2657 3022 2724 3089 in

1157 3128 1460 3222 generali
1487 3130 1819 3223 tangitur.
1855 3127 2205 3209 Secundo,
2242 3130 2412 3200 ratio
2463 3128 2725 3200 beneti-

1158 3241 1268 3316 cii,
1309 3239 1426 3317 ibi,
1477 3267 1507 3300 ιι
1538 3241 1836 3330 Propter
1863 3261 2138 3308 nomen.
2185 3265 2220 3305 ι

1245 3346 1426 3414 Dicit
1484 3369 1695 3438 ergo:
1754 3345 1871 3415 Sic
1920 3355 2401 3438 peccaverunt,
2484 3373 2519 3410 ιι
2561 3356 2649 3428 et,
2686 3374 2720 3409 ιι

1157 3467 1383 3526 tamen
1420 3483 1453 3522 ι
1531 3458 1838 3525 salvavit
1875 3481 2014 3539 eos,
2080 3483 2114 3522 ι
2173 3457 2438 3550 supple,
2482 3457 2727 3525 Domi-

1155 3584 1308 3640 nus»,
1353 3563 1440 3628 ab
1507 3560 1861 3654 tEgyptiis
1929 3562 2472 3655 insequentibus,
2541 3562 2725 3654 ipsos

1156 3672 1596 3762 insequentes
1626 3669 1698 3737 in
1719 3692 1910 3739 mare
1935 3669 2473 3762 submergendo.
2502 3668 2720 3740 Exod.

1160 3803 1272 3858 xv,
1302 3779 1341 3845 4
1363 3788 1429 3846 et
1459 3779 1501 3847 5
1528 3801 1543 3845 ε
1582 3778 1810 3846 Elecei
1824 3778 2182 3870 principes
2209 3776 2367 3866 ejus
2392 3776 2728 3845 submersi

1155 3896 1319 3956 sunt
1368 3886 1439 3952 in
1480 3885 1668 3952 mari
1714 3882 1977 3952 Rubro.
2014 3883 2266 3975 Abyssi
2315 3892 2727 3976 operuerunt

1159 4021 1292 4065 eos.
1332 3994 1413 4064 Et
1483 3993 1639 4078 hoc,
1704 4020 1737 4059 ιι
1765 4005 2054 4087 propter
2118 4017 2363 4063 nomen
2419 4016 2651 4077 suum,
2689 4019 2722 4056 ιι

1163 4104 1741 4177 manifestandum
1772 4128 1788 4172 :
1822 4104 2008 4175 unde
2038 4106 2270 4173 statim
2309 4103 2494 4173 addit
2526 4127 2541 4172 ε

1252 4245 1289 4282 ιι
1327 4216 1418 4284 Ut
1445 4224 1683 4283 notam
1712 4215 1978 4305 laceret
2000 4215 2384 4307 potentiam
2422 4237 2650 4283 suom.
2688 4242 2722 4277 ιι

1161 4323 1405 4394 Ezech.
1449 4346 1571 4400 xx,
1606 4321 1747 4390 ΗΞ
1790 4322 2042 4392 Scietis
2097 4322 2269 4414 quia
2306 4345 2429 4411 eqo
2478 4323 2728 4390 Domi-

1160 4456 1316 4516 nus,
1347 4455 1505 4502 cum
1536 4432 1924 4523 benefecero
1957 4428 2145 4499 vobis
2176 4439 2460 4522 propter
2483 4453 2725 4498 nomen

1160 4564 1413 4609 meum.
1447 4539 1709 4609 Jerem.
1737 4561 1881 4622 xiv,
1917 4539 1957 4607 “1
1985 4560 2002 4606 ε
2040 4538 2359 4615 Domine,
2388 4539 2731 4631 socprop-

1161 4660 1515 4717 ternomen
1530 4658 1761 4717 tuum:
1774 4669 1960 4739 quon
1968 4647 2109 4715 iam
2124 4646 2363 4714 multer
2371 4655 2535 4714 sun!
2544 4668 2729 4714 aver·

1158 4759 1382 4826 siones
1400 4765 1672 4825 nostre.
1697 4754 1992 4845 Propter
2018 4752 2151 4824 hoc
2171 4753 2434 4825 dicebat
2447 4754 2723 4848 Moyses

1167 4867 1235 4933 in
1255 4864 1569 4942 Cantico,
1591 4861 1809 4931 Exod.
1835 4884 1956 4940 xv,
1983 4863 2026 4928 6
2048 4870 2115 4930 et
2135 4861 2173 4930 Ἴ
2203 4883 2219 4930 2
2244 4863 2548 4930 Dea-lero
2573 4871 2723 4945 tuo,

1165 4975 1486 5052 Domine,
1529 4970 1990 5062 magnificata
2018 4979 2118 5038 ese
2147 4970 2220 5038 in
2276 4970 2721 5061 fortitudine.

1170 5085 1350 5152 ...Et
1399 5083 1471 5150 in
1520 5079 1982 5150 multitudine
2029 5078 2278 5170 qlorioe
2329 5087 2465 5147 tuae
2516 5078 2728 5171 depo-

1160 5189 1368 5257 suisti
1403 5186 1839 5257 adversarios
1879 5195 2060 5254 tuos.
2116 5182 2230 5254 Sic
2260 5193 2438 5254 certe
2483 5185 2729 5253 Domi-

1164 5318 1295 5365 nus
1361 5296 1653 5364 sustinet
1709 5301 1775 5362 et
1842 5290 2065 5361 salvat
2146 5315 2186 5360 a
2247 5290 2478 5361 multis
2529 5291 2729 5360 malis

1167 5400 1663 5496 temporalibus
1719 5399 1980 5470 multos
2036 5398 2255 5470 malos
2310 5406 2378 5468 et
2424 5408 2731 5492 peccato-

1231 5623 1255 5677 ³¹
1287 5636 1376 5697 Cf.
1409 5633 1595 5694 Exod.
1626 5649 1742 5706 xiv,
1771 5634 1863 5691 2¹.

2850 456 2980 518 ωε,
3014 441 3089 500 ut
3119 434 3427 503 ostendat
3479 432 3853 526 potentiam
3903 452 4097 498 suam
4137 428 4208 495 in
4274 448 4397 517 pa-

2847 539 3107 618 tientia,
3154 562 3287 629 qua
3317 541 3441 608 scit
3470 539 3719 607 scilicet
3751 538 3887 628 pati
3919 543 3985 605 et
4033 533 4391 601 sustinere.

2848 647 2951 713 Ad
2992 646 3283 716 Roman.
3329 671 3421 726 1x,
3465 650 3548 714 22
3586 670 3600 713 :
3646 649 3832 714 Deus
3889 643 4119 711 volens
4175 627 4401 707 osten-

2848 756 3001 822 dere
3068 759 3271 835 iram,
3342 766 3404 824 et
3459 766 3690 822 notam
3729 757 3958 845 facere
4018 750 4400 843 polentiam

2844 887 3069 941 suum,
3113 866 3442 931 sustinuit
3482 866 3550 929 in
3582 861 3806 929 multa
3853 860 4197 953 patientia
4236 879 4401 925 vasa

2848 973 2989 1047 irae,
3027 983 3192 1062 apta
3223 974 3294 1038 in
3335 973 3707 1038 interitum.
3771 968 3953 1037 Psal.
3998 991 4222 1043 Lxxvl,
4265 966 4342 1033 13
4381 988 4394 1032 :

2848 1084 3098 1149 Nolam
3138 1084 3363 1172 fecisti
3404 1085 3473 1150 in
3496 1081 3778 1174 populis
3807 1081 4128 1147 virtutem
4171 1090 4390 1145 tuam.

2940 1429 2973 1466 α
3001 1404 3097 1470 Et
3156 1402 3489 1492 increpuit
3527 1423 3736 1468 more.
3788 1425 3819 1464 ιι
3890 1399 4016 1466 Hic
4057 1399 4398 1489 specificat
4557 1430 4621 1500 0

2846 1509 3173 1578 beneficia
3229 1510 3313 1577 ad
3377 1508 3885 1601 aggravandam
3935 1530 4174 1576 eorum
4244 1504 4398 1574 cul-

2845 1635 3052 1707 pam:
3117 1626 3182 1684 et
3238 1617 3555 1684 dicuntur
3649 1623 3942 1707 quatuor
4018 1613 4396 1683 secundum

2843 1733 3140 1814 quatuor
3191 1724 3538 1805 beneficia,
3583 1747 3732 1814 quae
3773 1723 4032 1792 recolit.
4080 1722 4397 1789 Primum

2843 1840 2943 1898 est
2983 1834 3191 1900 maris
3231 1832 3497 1900 divisio.
3538 1831 3955 1908 Secundum,
3992 1829 4228 1921 populi
4274 1850 4397 1920 per

2820 1940 3093 2033 ,siccum
3152 1939 3490 2018 deductio,
3528 1939 3645 2017 ibi,
3674 1964 3706 2003 α
3735 1941 3830 2007 Et
3860 1939 4150 2006 deduxit
4179 1958 4313 2004 eos.
4354 1962 4389 2002 ι

2839 2048 3142 2116 Tertium
3191 2056 3290 2115 est
3340 2047 3513 2115 facto
3583 2048 3896 2124 transitu,
3949 2044 4033 2112 ab
4075 2042 4391 2111 hostibus

2839 2157 3176 2233 liberatio,
3206 2156 3323 2237 ibi,
3355 2166 3420 2233 ς’.
3470 2157 3590 2225 1οτ
3629 2181 3662 2222 ι
3695 2158 3794 2224 ΕΙ
3816 2153 4118 2224 salvavit
4175 2176 4309 2222 eos.
4349 2178 4383 2217 ιι

2841 2265 3175 2344 Quartum
3226 2273 3327 2332 est
3382 2262 3681 2332 hostium
3732 2262 4042 2331 miranda
4098 2260 4392 2329 subver-

2840 2376 2969 2452 sio,
3023 2372 3139 2450 ibi,
3175 2380 3238 2448 ᾗ.
3281 2374 3351 2440 11
3387 2396 3401 2439 ε
3438 2397 3472 2439 α
3513 2375 3608 2440 Et
3645 2373 3914 2463 operuit
3945 2393 4154 2461 aqua.
4190 2397 4224 2432 ιι

2930 2480 3006 2549 ln
3047 2482 3266 2574 prima
3314 2489 3685 2573 tanguntur
3723 2481 3884 2548 duo.
3929 2481 4192 2559 Primo,
4235 2479 4397 2567 jus-

2838 2594 2940 2658 sio
3016 2590 3248 2658 divina
3326 2591 3449 2681 ipsi
3529 2592 3698 2657 mari
3756 2589 3954 2657 facta.
4042 2587 4388 2665 Secundo,

2838 2699 3045 2765 maris
3085 2699 3327 2766 festina
3357 2696 3764 2776 obedientia,
3802 2694 3921 2780 ibi,
3967 2724 4001 2760 «
4038 2697 4132 2764 Et
4170 2696 4395 2763 exsic-

2835 2818 3067 2876 catum
3096 2818 3219 2875 est.
3255 2832 3289 2871 ι

2924 2915 3103 2982 Dicit
3158 2936 3381 3006 ergo:
3460 2913 3642 2992 Dixi,
3695 2910 3880 3004 quod
3935 2911 4250 2993 salvavit,
4324 2917 4390 2979 et
4439 2932 4725 2988 ιιιοιοριιιο-

2835 3044 2993 3090 vere
3023 3020 3163 3089 dixi
3195 3043 3211 3088 ε
3257 3048 3291 3083 κ
3335 3022 3429 3088 Et
3458 3019 3793 3111 increpuit
3822 3041 4036 3102 more,
4064 3044 4099 3084 ι
4150 3017 4218 3085 id
4259 3026 4383 3095 est,
4416 2995 4739 3089 omis-'153-

2836 3130 3006 3200 mari
3039 3131 3232 3222 quasi
3285 3129 3504 3221 ipsum
3565 3127 3979 3220 increpando
4035 3126 4381 3220 praecepit.
4440 3096 4710 3207 &2232

2836 3239 2975 3308 Nec
3006 3237 3135 3307 hoc
3164 3238 3414 3306 factum
3453 3247 3553 3306 est
3590 3259 3758 3306 voce
3797 3236 4026 3329 aliqua
4065 3237 4384 3317 formata,

2835 3346 2953 3414 sed
2981 3346 3269 3438 imperio
3299 3344 3545 3414 divinae
3580 3345 3956 3436 sapientiae,
3991 3344 4176 3436 quod
4218 3343 4414 3411 indi·.

2838 3467 2981 3526 tum
3008 3463 3108 3524 est
3140 3465 3462 3525 creaturae
3493 3456 3868 3524 communi.
3911 3454 4344 3546 Augustinus
4371 3476 4388 3521 ε

2840 3590 2873 3631 ι
2910 3564 3298 3633 Potentiam
3373 3563 3702 3643 divinam,
3764 3584 3897 3654 qua
3938 3562 4070 3630 hoc
4137 3562 4393 3629 tactum

2841 3702 2873 3738 ιι
2919 3680 3046 3753 est,
3098 3672 3627 3763 increpationem
3677 3669 4070 3763 appellavit.
4134 3696 4168 3735 ι
4248 3668 4397 3736 Na-

2838 3781 3032 3861 hum,
3068 3805 3114 3862 ι,
3164 3781 3244 3850 «ίε
3287 3781 3653 3874 Increpans
3706 3803 3919 3857 neore,
3955 3789 4019 3847 et
4047 3779 4398 3848 exsiccans

2837 3889 3050 3959 illud.
3092 3889 3242 3959 1100
3272 3890 3356 3958 ad
3385 3889 3676 3958 litteram
3709 3888 3757 3956 ¹.

2928 3997 3011 4066 Et
3049 3997 3180 4067 hoc
3209 4006 3309 4067 est
3340 3999 3519 4090 quod
3551 3998 3857 4090 sequitur
3891 3995 4044 4065 hic:

2926 4131 2959 4170 ιι
2995 4107 3089 4173 Et
3134 4106 3545 4174 exsiccatum
3577 4114 3697 4182 est,
3736 4130 3770 4169 ιι
3822 4101 4207 4172 obediendo
4246 4111 4396 4172 sta·
4420 4121 4536 4186 cor,
4570 4131 4743 4180 μοι..

2840 4214 2962 4283 tim
2992 4237 3121 4282 suo
3151 4213 3463 4282 creatori.
3497 4209 3739 4281 Matth.
3790 4233 3938 4288 vm.
3972 4212 4099 4280 2‘1:
4140 4211 4392 4297 Qualis
4438 4182 4570 4276 33?
4591 4186 4726 4274 32-

2835 4333 2933 4390 est
2960 4322 3097 4402 laic,
3130 4323 3298 4414 quio
3329 4323 3509 4390 venti
3562 4331 3626 4389 et
3655 4343 3847 4389 more
3889 4318 4219 4388 obediunt
4254 4321 4319 4388 ei
4351 4318 4395 4390 ?
4475 4289 4690 4344 ω’

2840 4429 2954 4498 Sic
3032 4427 3496 4521 spiritualiter.
3575 4428 3707 4494 Cor
3772 4429 3956 4497 enim
4013 4428 4391 4518 peccatoris

2836 4560 3025 4606 mare
3082 4545 3208 4615 est,
3252 4534 3434 4628 quod
3501 4542 3717 4604 tumet
3770 4557 3889 4627 per
3961 4533 4385 4626 superbiam,

2833 4645 3054 4725 Jonae,
3099 4668 3146 4725 1,
3186 4645 3265 4712 ¹3
3291 4667 3307 4712 ε
3338 4645 3536 4713 Mare
3560 4641 3729 4723 ibat,
3770 4654 3835 4712 e!
3873 4640 4388 4711 intumescebat.

2838 4753 2865 4822 1
2905 4753 2991 4823 ad
3020 4752 3331 4823 Corinth.
3365 4774 3458 4835 w,
3490 4757 3533 4819 (5
3566 4774 3582 4820 ε
3615 4753 3719 4823 Ne
3750 4773 4017 4821 ...unus
4062 4751 4393 4821 adversus

2837 4862 3136 4931 alterum
3186 4860 3470 4949 infletur
3508 4882 3640 4952 pro
3684 4858 3856 4928 olio.
3911 4857 4022 4941 Et,
4074 4880 4222 4940 vm,
4281 4861 4308 4928 ί
4361 4881 4380 4929 :

2834 4969 3140 5039 Scientia
3171 4967 3402 5056 inflat.
3436 4966 3677 5037 Fervet
3704 4988 3826 5059 per
3854 4965 4214 5048 invidiam,
4250 4966 4385 5038 lsa.

2836 5099 2997 5156 ινιι,
3034 5077 3120 5145 20
3156 5098 3174 5147 2
3218 5076 3355 5147 Cor
3383 5077 3609 5168 impii,
3641 5075 3847 5168 quasi
3881 5098 4073 5144 mare
4087 5077 4387 5167 fervens.

2841 5186 3099 5280 lmpius
3136 5194 3235 5256 est
3276 5189 3546 5281 proprie
3604 5184 3898 5255 invidus.
3946 5185 4396 5279 Tempestuo·

2837 5318 2991 5362 sum
3033 5305 3137 5364 est
3193 5318 3314 5387 per
3352 5291 3799 5375 iracundiam,
3858 5303 3933 5363 ut
3983 5296 4203 5386 possit
4260 5294 4391 5365 dici

2839 5401 2921 5471 de
2954 5401 3071 5471 illo
3130 5401 3297 5470 illud
3363 5400 3543 5470 l‘sal.
3594 5422 3780 5481 xux,
3814 5401 3905 5470 3:
3957 5403 4041 5470 In
4095 5402 4395 5472 circuitu
