5008 6329
619 311 746 376 460

619 503 723 546 me
751 481 832 546 de
881 491 1181 569 tempore
1238 478 1500 567 iniquo.
1550 476 1634 543 Et
1681 476 1955 555 PetruS,
2009 476 2160 542 Act.

618 610 734 667 xu,
784 590 854 654 11
898 610 911 652 ;
948 586 1234 676 Eripuit
1265 608 1372 651 me
1400 586 1483 653 de
1522 609 1736 654 manu
1759 586 2069 653 Herodis.

1620 304 1699 372 D.
1754 305 1952 372 ALB.
2006 302 2221 370 MAG.
2274 300 2481 367 ORD.
2534 299 2829 367 PRAED.

2270 473 2465 540 Sicut
2527 481 2882 563 serpentes.
2983 494 3016 534 ι
3087 469 3337 553 Tertio,
3401 469 3811 558 malignam,

2272 580 2391 660 ibi,
2449 582 2779 646 Venenum
2810 577 3156 669 aspidum.
3200 607 3229 638 »

2359 690 2474 754 Ait
2503 711 2664 779 ergo
2736 711 2750 756 ε
2833 687 2945 755 Sic
3020 693 3515 777 persequuntur
3579 684 3809 762 corde,

2269 802 2333 859 et
2364 798 2596 872 etiam,
2670 822 2703 858 «
2763 805 3088 861 acuerunt
3164 793 3441 882 linquas
3520 814 3709 867 suas,
3780 818 3811 851 υ

710 926 743 966 α
781 902 917 984 Qui
956 903 1428 992 coqitaverunt
1468 902 1931 992 iniquitatem.
1972 927 2002 960 »ι
2039 899 2165 964 Hic
2269 902 2527 967 acerbis
2565 900 2813 978 verbis,
2859 911 2928 967 ut
2963 901 3334 968 maledictis
3382 900 3814 991 pe.1etranti-

615 1009 1012 1086 secundum,
1083 1011 1151 1075 in
1221 1031 1358 1099 quo
1426 1007 1724 1074 ostendit
1816 1008 2162 1097 petitionis
2266 1005 2417 1074 bus.
2458 1007 2702 1097 Supra,
2736 1010 2802 1074 in
2860 1007 3039 1073 Psal.
3092 1030 3224 1085 ιιν,
3285 1008 3363 1074 10
3416 1031 3430 1073 :
3488 1010 3814 1075 Exacue-

612 1120 1106 1192 necessitatem,
1140 1115 1396 1181 scilicet
1424 1112 1977 1181 adversariorum
2010 1137 2160 1181 ma·
2265 1125 2427 1182 runt
2493 1125 2569 1183 ut
2628 1116 2951 1206 qladium
3002 1116 3279 1204 linquas
3340 1137 3503 1181 suas
3568 1140 3594 1183 .·
3653 1137 3809 1205 quae

608 1224 847 1293 litiam.
900 1225 980 1291 Et
1018 1225 1268 1314 prim0,
1309 1222 1610 1290 ostendit
1650 1221 1983 1290 malitiam
2013 1245 2157 1290 cor·

2265 1226 2514 1293 docent
2573 1225 2754 1316 loqui
2806 1225 3181 1292 mendacia.
3233 1224 3487 1292 Jerem.
3563 1247 3658 1301 lx,
3704 1226 3743 1292 5
3790 1245 3805 1289 ε

605 1332 731 1399 dis.
757 1329 1265 1408 Secund0,0ris,
1294 1328 1411 1407 ibi,
1445 1336 1509 1406 5.
1536 1331 1577 1395 4
1609 1352 1625 1397 2
1656 1358 1688 1391 «
1720 1331 2090 1396 Acuerunt.
2120 1353 2151 1393 »
2259 1336 2657 1402 Docuerunt
2696 1336 3009 1425 linquam
3050 1355 3248 1400 suam
3284 1332 3475 1424 loqui
3516 1331 3810 1399 menda-

601 1438 849 1513 Tertio‚
877 1439 1125 1526 operis,
1163 1437 1277 1513 ibi,
1322 1443 1386 1513 5.
1422 1439 1504 1504 ὃς
1546 1463 1579 1503 α
1609 1437 1921 1505 Custodit
1950 1459 2077 1502 me.
2118 1461 2151 1501 s
2260 1444 2464 1510 cium.

691 1545 1018 1614 Malitiam
1067 1546 1290 1614 cordis
1348 1555 1541 1613 notat
1590 1568 1737 1613 esse
1787 1545 2148 1622 occultam,

2349 1548 2432 1615 Et
2479 1547 2636 1625 hoc,
2675 1577 2707 1610 «
2747 1551 2922 1615 sicut
2979 1558 3343 1639 serpenteS.
3406 1575 3437 1608 ι»
3474 1546 3694 1615 Eccle.
3730 1570 3801 1625 x,

603 1649 721 1733 ibi,
776 1676 809 1716 α
848 1653 984 1737 Qui
1065 1652 1540 1741 coqitaverunt
1614 1651 2015 1739 iniquitates
2082 1652 2151 1717 in
2271 1657 2338 1721 11
2383 1657 2513 1723 :Si
2541 1656 2848 1722 mordeat
2876 1678 3147 1747 serpens
3177 1657 3247 1721 in
3276 1654 3575 1736 silentio,
3620 1655 3810 1721 nihil

600 1759 817 1827 corde.
865 1785 898 1825 ι
962 1758 1405 1846 Continuam,
1443 1758 1563 1839 ibi,
1628 1785 1660 1825 α
1726 1761 1892 1827 Tota
1933 1760 2064 1826 die.
2113 1787 2144 1821 n

599 1866 682 1934 Et
713 1866 1074 1947 firmatam,
1099 1866 1216 1944 ibi,
1255 1893 1287 1931 ι
1327 1866 1868 1935 Constituebant.
1922 1896 1951 1929 υ

688 1978 802 2045 Ait
847 1999 1052 2068 ergo:
1106 1976 1221 2045 Sic
1262 1987 1421 2068 peto
1481 1980 1881 2047 necessitate
1956 2001 2145 2047 com-

596 2086 853 2177 pulsuS,
884 2111 917 2150 ι
944 2088 1089 2177 qui,
1127 2112 1160 2152 ι
1224 2086 1291 2154 id
1330 2095 1456 2164 est,
1503 2088 1664 2177 quia
1708 2085 1832 2165 ilii,
1894 2088 2144 2159 scilicet

598 2193 783 2272 mali,
818 2202 883 2261 et
914 2194 1153 2284 iniqui,
1209 2220 1240 2258 ι
1285 2196 1760 2284 coqitaverunt
1809 2197 2146 2285 iniquita-

597 2311 726 2368 tem
760 2303 828 2367 iu
862 2302 1083 2380 corde,
1133 2326 1165 2364 n
1209 2302 1495 2369 interius
1553 2303 1622 2369 in
1681 2300 2145 2393 proiu'ndo,'et

596 2409 885 2478 occuito.
944 2409 1198 2477 Jerem.
1262 2433 1428 2484 xvii,
1502 2411 1542 2478 9
1604 2433 1619 2477 :
1689 2413 1998 2479 Pracum
2047 2423 2143 2479 est

593 2542 706 2586 cor
743 2519 1075 2594 omnium,
1119 2528 1182 2585 et
1239 2518 1711 2597 incrustabile,
1772 2522 1929 2611 quis
1983 2542 2142 2610 coq-

592 2639 814 2696 noscet
880 2627 1067 2695 illud
1097 2627 1137 2695 ?
1184 2627 1492 2719 Sapient.
1537 2653 1585 2710 1,
1619 2630 1659 2697 9
1704 2652 1720 2697 :
1756 2631 1838 2697 In
1879 2632 2143 2722 coqito-

592 2735 891 2803 tionibus
921 2737 1121 2827 impii
1142 2737 1589 2828 interroqatio
1619 2738 1771 2815 erit,
1799 2761 1839 2805 a
1867 2760 2138 2805 summo

593 2851 657 2910 et
685 2866 846 2911 vero
889 2843 1136 2932 judice.
1193 2843 1399 2912 Mich.
1453 2867 1528 2922 11,
1575 2846 1603 2911 1
1647 2866 1664 2914 2
1733 2846 1838 2914 Vae
1866 2849 1990 2937 qui
2023 2869 2139 2914 co-

587 2952 828 3040 qitatis
884 2950 1172 3019 inutile!
1218 2951 1399 3043 Ergo
1449 2952 1668 3020 multo
1720 2955 1962 3044 magis,
2023 2951 2138 3021 Vae

592 3060 702 3150 qui
735 3061 1046 3150 cogitatis
1088 3060 1554 3150 iniquitatem!
1605 3060 1807 3130 Eccli.
1844 3084 1963 3142 xu,
2004 3064 2082 3130 13
2116 3083 2132 3131 :

588 3166 669 3234 In
709 3167 905 3234 corde
941 3189 1067 3234 suo
1119 3167 1519 3246 insidiatur,
1564 3177 1641 3235 ut
1679 3168 2032 3237 subvertat
2076 3179 2140 3236 te

591 3276 658 3342 in
694 3277 990 3363 joveam.
1030 3276 1282 3352 Jcrem,
1327 3300 1423 3357 xi,
1465 3278 1542 3345 19
1590 3300 1606 3346 :
1653 3280 2139 3370 Coqitaceruut

583 3403 788 3471 super
825 3406 930 3450 me
959 3382 1274 3462 consilia,
1309 3383 1565 3453 scilicet
1607 3385 1868 3475 iniqua.

680 3513 713 3552 ι
760 3490 924 3556 ΤοΙα
989 3490 1124 3570 die,
1183 3514 1217 3555 ι
1273 3491 1626 3571 continue,
1689 3521 1720 3554 α
1779 3495 2138 3561 constitue—

589 3593 769 3674 bant,
800 3620 832 3658 ι
859 3596 1141 3664 tirmiter
1187 3597 1573 3674 statuendo,
1622 3623 1655 3663 α
1683 3599 1940 3690 proelia
2003 3599 2137 3666 ad-

590 3726 850 3770 versum
885 3728 1013 3783 me,
1051 3732 1084 3766 n
1113 3714 1182 3772 ut
1206 3727 1315 3773 me
1347 3706 1859 3798 impugnarent,
1889 3707 2142 3774 discor·

587 3810 732 3879 dias
778 3814 1217 3892 seminarent,
1267 3823 1335 3881 et
1378 3814 1856 3883 dissentiones,
1914 3814 2141 3895 Quan-

588 3928 731 3987 tum
762 3919 844 3988 ad
873 3922 1196 4010 primum,
1226 3920 1482 3989 Jerem.
1519 3945 1635 4000 xx,
1693 3925 1773 3991 10
1818 3945 1832 3990 :
1868 3925 2142 3993 Preca-

593 4030 854 4097 leamus
927 4031 1252 4099 adversus
1289 4055 1473 4112 eum,
1522 4042 1587 4099 et
1651 4055 2143 4124 consequamur

596 4138 921 4205 ultionem
976 4162 1062 4205 es
1096 4162 1196 4204 eo.
1242 4138 1499 4207 Jerem.
1543 4161 1735 4215 xvm,
1800 4142 1886 4209 23
1938 4165 1954 4210 ε
2015 4144 2136 4220 Tu,

596 4249 909 4325 Domine,
992 4249 1124 4315 scis
1186 4271 1385 4316 omne
1475 4248 1845 4316 consilium
1908 4272 2139 4318 eorum

594 4357 949 4427 adversum
999 4380 1107 4424 me
1150 4357 1220 4423 in
1276 4367 1589 4424 mortem.
1643 4355 1991 4436 Quantum
2056 4356 2137 4425 ad

594 4463 990 4543 secundum,
1043 4462 1402 4549 proverb„
1446 4486 1541 4546 vn,
1584 4462 1662 4531 16
1733 4485 1749 4530 2
1807 4463 1948 4532 Sea·
1980 4472 2142 4531 sunt

593 4596 746 4665 quse
789 4574 935 4641 odit
995 4574 1363 4651 Dominus,
1423 4583 1488 4640 et
1539 4573 1910 4664 septimum
1958 4572 2139 4641 dete-

589 4690 817 4750 statur
869 4681 1106 4748 anima
1144 4679 1323 4770 ejus.
1379 4680 1462 4748 Et
1512 4679 1680 4747 illud
1731 4689 1858 4761 est,
1897 4687 1964 4756 Ἰ.
2003 4682 2133 4749 19:

592 4787 663 4852 13
662 4808 775 4851 um
813 4786 936 4875 qui
955 4785 1248 4851 seminat
1267 4786 1445 4852 inter
1461 4785 1720 4875 fratres
1733 4784 2135 4853 discordias.

588 4894 840 4963 Jcrem.
885 4917 978 4971 xi,
1020 4897 1062 4963 9
1115 4916 1132 4961 ε
1167 4895 1454 4963 Inventa
1492 4903 1591 4963 est
1626 4894 2021 4984 conjuratio
2068 4897 2136 4963 in

592 5003 756 5070 viris
788 5001 1003 5082 luda,
1055 5011 1120 5070 et
1175 5002 1244 5069 in
1300 4999 1815 5070 habitatoribus
1859 5004 2139 5071 Jerusa-

593 5112 748 5179 lem.
1059 5109 1066 5115 ’

687 5441 1084 5508 «Acuerunt
1113 5438 1396 5527 linquas
1431 5458 1622 5504 suas.
1665 5462 1702 5501 n
1750 5434 1879 5504 Hic
1923 5434 2137 5527 tangit

590 5547 1128 5643 persecutionem
1166 5545 1331 5612 oris.
1372 5542 1459 5611 Et
1513 5542 1765 5635 primo,
1842 5541 2138 5612 ostendit

593 5670 738 5718 esse
785 5644 1123 5716 acerbam.
1205 5640 1552 5724 Secundo,
1620 5642 1961 5728 dolosam,
2012 5642 2128 5724 ibi,

2256 1787 2329 1831 eo
2391 1766 2622 1831 minus
2695 1763 2898 1832 leabet
2979 1767 3101 1855 qui
3162 1765 3419 1832 occulte
3474 1763 3799 1832 detrahit.

2254 1870 2581 1938 Proverb.
2647 1894 2836 1948 xxm,
2872 1872 2955 1939 32
2998 1892 3014 1940 :
3076 1870 3471 1962 Inqrcditur
3519 1869 3798 1951 blande,

2249 1978 2370 2045 sed
2397 1981 2465 2046 in
2493 1980 2634 2067 fine
2672 1977 3003 2046 mordebit
3045 1990 3120 2046 ut
3148 1977 3444 2046 coluber.

2342 2115 2375 2152 α
2414 2090 2749 2157 Venenum
2798 2089 3145 2180 aspidum,
3206 2114 3238 2152 n
3290 2111 3443 2157 ecce
3490 2089 3794 2171 tertium,

2253 2221 2284 2259 ι
2335 2195 2462 2263 sub
2515 2195 2721 2262 labiis
2782 2219 3041 2274 eorum,
3101 2224 3129 2257 n
3218 2195 3343 2263 sub
3419 2195 3645 2263 verbis
3712 2194 3797 2262 de

2249 2302 2443 2370 labiis
2527 2326 2765 2371 eorum
2869 2302 3409 2393 procedentibus.
3509 2303 3790 2370 Deuter.

2247 2434 2457 2483 xxxu,
2493 2412 2617 2478 33:
2661 2413 2991 2478 Venenum
3023 2411 3343 2503 aspidum
3378 2409 3788 2478 insanabile.

2243 2518 2400 2595 Job,
2435 2542 2550 2596 xx,
2585 2520 2662 2586 12
2696 2540 2712 2587 ε
2751 2521 2918 2587 Cum
2951 2519 3150 2587 dulce
3166 2520 3382 2609 suerit
3413 2521 3614 2585 inore
3634 2518 3794 2607 ejus

2245 2627 2541 2706 malum,
2570 2625 2930 2694 abscondet
2968 2626 3158 2694 illud
3180 2626 3307 2693 sub
3351 2626 3596 2717 linqua
3629 2649 3789 2696 sua.

2335 2975 2367 3013 ι
2414 2949 2705 3018 Custodi
2739 2972 2867 3028 me,
2907 2951 3223 3018 Domine.
3263 2976 3296 3013 n
3330 2948 3458 3018 Hic
3487 2951 3789 3041 tangitur

2243 3055 2500 3124 malitia
2559 3066 2625 3125 et
2690 3057 3063 3147 persecutio
3116 3058 3184 3124 in
3243 3080 3470 3147 opere.
3534 3056 3616 3124 Et
3677 3057 3789 3123 di-

2239 3175 2487 3234 cuntur
2550 3176 2864 3258 quatuor.
2900 3167 3158 3249 Primo,
3193 3167 3593 3256 persecutio.
3667 3166 3783 3237 Se·

2241 3273 2488 3351 cundo,
2534 3276 3013 3363 persecutionis
3053 3276 3365 3352 intentio,
3408 3275 3527 3356 ibi,
3573 3301 3604 3339 ι
3650 3277 3789 3360 Qui

2239 3381 2729 3470 coqitacerunt.
2771 3409 2800 3441 a
2849 3380 3072 3448 Tertio
3114 3380 3381 3459 moduS,
3420 3380 3535 3458 ibi,
3578 3388 3643 3457 ᾗ.
3679 3382 3720 3449 6
3766 3406 3783 3450 :

2246 3514 2279 3554 α
2338 3488 2873 3558 Absconderunt.
2938 3517 2970 3551 »ι
3033 3487 3322 3570 Quarto,
3394 3490 3575 3569 finis,
3660 3490 3780 3570 ibi,

2243 3624 2278 3660 α
2311 3598 2407 3664 Et
2432 3599 2657 3686 funes.
2699 3622 2732 3662 s

2329 3703 2509 3771 Dicit
2529 3725 2691 3794 ergo
2727 3725 2742 3771 :
2780 3701 2894 3771 Sic
2913 3705 3241 3795 cogitant,
3265 3705 3358 3773 sic
3383 3703 3783 3795 ioquuntur,

2244 3820 2309 3878 et
2366 3811 2572 3879 etiam
2640 3833 2682 3878 o
2751 3840 2782 3873 α
2838 3812 3160 3891 Domine,
3204 3813 3473 3881 custodi
3550 3838 3657 3882 me
3706 3816 3791 3883 de

2242 3941 2480 3995 manu,
2556 3946 2585 3981 σι
2649 3917 2732 3985 de
2799 3928 3156 4009 potestate,
3213 3946 3244 3984 ι
3300 3924 3701 4011 peccatoris,
3749 3948 3783 3989 ι

2242 4023 2500 4092 scilicet
2528 4023 2888 4101 daemonis,
2930 4027 3047 4115 qui
3114 4026 3359 4094 dicitur
3396 4037 3574 4096 recte
3624 4052 3790 4120 pec-

2242 4142 2455 4209 cator,
2525 4139 2592 4199 et
2652 4142 2928 4223 propter
3004 4134 3565 4204 consuetudinem
3641 4160 3793 4229 pcc-

2244 4235 2469 4317 candi,
2503 4259 2644 4304 non
2692 4238 2874 4305 enim
2929 4240 3214 4306 cessavit
3258 4239 3344 4307 ab
3404 4241 3596 4311 initio
3657 4266 3672 4310 ε
3717 4252 3788 4311 et

2245 4355 2519 4435 propter
2556 4346 3000 4436 quantitatem
3034 4350 3310 4436 peccati,
3353 4350 3514 4439 quia
3559 4349 3791 4419 homi-

2243 4452 2417 4519 cida.
2447 4451 2651 4522 Joan.
2693 4475 2836 4532 vm,
2870 4453 2955 4520 44
3016 4475 3031 4520 ε
3070 4454 3204 4522 Ille
3255 4456 3603 4525 homicida
3639 4470 3790 4528 erat

2243 4557 2332 4626 ab
2362 4560 2585 4627 initio.
2614 4559 2865 4628 [labae.
2902 4582 2951 4639 1,
2993 4561 3066 4627 Π
3104 4583 3119 4627 :
3153 4562 3435 4654 Semper
3456 4566 3784 4656 interfice·

2244 4689 2317 4734 re
2347 4667 2590 4736 Gentes
2652 4690 2784 4735 non
2808 4677 3065 4758 parcet.
3103 4665 3240 4737 Sed
3278 4669 3360 4738 de
3390 4694 3600 4742 manu
3637 4676 3788 4765 ejus

2244 4799 2406 4844 suos
2444 4776 2708 4845 liberat.
2751 4775 2996 4845 Genes.
3044 4800 3136 4856 tv,
3196 4781 3236 4847 ὅ
3281 4802 3297 4846 :
3356 4783 3786 4875 Sanguinem

2245 4885 2639 4952 animarum
2672 4895 3046 4954 vestrarum
3075 4887 3420 4977 requiram
3451 4891 3535 4960 de
3570 4916 3786 4963 manu

2243 5003 2646 5062 cunctarum
2679 4994 3070 5063 bestiarum.
3120 4994 3375 5067 Jerem.
3434 5021 3549 5081 xv,
3592 5004 3679 5070 20
3717 5012 3786 5071 et

2242 5104 2320 5170 21
2364 5124 2380 5172 2
2426 5104 2690 5170 E'ruam
2729 5112 2816 5182 te,
2856 5101 3024 5169 dicit
3057 5104 3398 5173 Dominus
3438 5130 3463 5174 .·
3489 5118 3552 5174 et
3608 5107 3787 5178 libe-

2242 5212 2409 5281 rabo
2446 5224 2513 5281 te
2529 5213 2613 5281 de
2630 5234 2843 5281 manu
2851 5213 3336 5303 pessimorum,
3358 5226 3426 5284 et
3443 5216 3783 5289 redimam

2242 5327 2306 5387 te
2331 5318 2417 5386 de
2443 5339 2655 5386 manu
2690 5315 3007 5406 sortium.

2333 5452 2366 5491 ι
2407 5428 2503 5494 Et
2533 5422 2620 5492 ab
2647 5424 3038 5493 bominibus
3067 5426 3345 5516 iniquis,
3399 5451 3433 5492 ι
3484 5435 3783 5505 exterius

2239 5533 2643 5603 nocentibus
2683 5556 2913 5627 opere,
2958 5559 2993 5601 ι
3054 5537 3238 5628 eripe
3269 5557 3399 5608 me.
3435 5563 3470 5605 ι
3523 5538 3557 5609 1
3602 5542 3775 5638 Reg.

2243 5664 2410 5725 xvn,
2462 5643 2548 5713 37
2579 5665 2603 5711 .·
2639 5645 2980 5712 Dominus
3052 5643 3177 5732 qui
3225 5645 3483 5737 eripuit
3542 5673 3651 5721 me
3695 5653 3782 5721 de
