5008 6329
594 316 725 382 204
1575 319 1659 386 1).
1712 319 1909 385 ALB.
1963 319 2178 387 MAG.

689 516 719 549 «
762 491 1123 558 Benedioeit
1173 491 1411 555 domui
1454 489 1695 556 Israel.
1753 515 1784 554 ι)
1847 490 1973 557 Hic
2021 513 2131 558 se-

597 597 919 678 cundum,
978 598 1048 663 in
1087 618 1221 687 quo
1264 596 1649 684 specificat:
1693 606 1801 684 et,
1855 600 2027 668 sicut
2066 600 2134 666 in

599 707 1120 794 exspectatione,
1154 705 1375 805 primo
1425 707 1726 796 tangitur
1767 709 2001 799 gratiae
2035 709 2135 774 in-

599 810 774 878 fusio
840 809 1231 898 majoribus.
1305 808 1646 896 Secundo,
1726 814 2130 896 minoribuS,

598 918 718 997 ibi,
758 926 821 994 ᾗ.
862 919 986 984 13:
1024 941 1059 983 α
1090 919 1453 988 Benedixit
1481 923 1818 991 omnibus.
1858 948 1890 988 n

689 1023 766 1090 In
799 1024 1020 1113 prima
1071 1025 1229 1093 duo.
1275 1026 1535 1108 Primo,
1596 1031 1828 1120 gratiae
1888 1028 2134 1095 infusio

598 1130 835 1220 positis
864 1130 934 1196 in
970 1133 1295 1222 potentia,
1338 1134 1447 1201 vel
1485 1137 1555 1201 in
1587 1134 1722 1201 alto
1754 1135 2127 1222 sapientiae.

602 1234 942 1320 Secund0,
972 1241 1210 1329 positis
1248 1241 1319 1306 in
1377 1240 1732 1308 altitudine
1778 1243 1961 1322 vitae,
2009 1240 2131 1325 ibi,

601 1370 634 1405 «
669 1345 1031 1414 Benedixit
1060 1347 1316 1413 domui.
1358 1371 1391 1411 »

685 1450 866 1519 Dicit
932 1473 1092 1542 ergo
1163 1475 1179 1519 ε
1249 1451 1443 1531 Dico,
1515 1452 1698 1542 quod
1761 1451 2129 1533 benedixit,

595 1558 881 1646 gratiam
914 1556 1324 1624 infundendo
1371 1580 1387 1625 t
1430 1566 1497 1625 et
1533 1582 1718 1639 vere,
1752 1562 1912 1650 quia
1942 1586 1976 1626 ι
2020 1560 2138 1628 be-

595 1664 862 1730 nedixit
889 1663 1128 1732 domui
1152 1664 1396 1744 Israel,
1442 1692 1477 1728 »
1511 1666 1892 1734 videntium
1949 1667 2138 1735 scili—

597 1777 703 1837 cet
759 1768 1000 1851 Deum,
1075 1777 1143 1838 et
1214 1772 1620 1860 potentium,
1683 1774 1855 1840 sicut
1928 1773 2133 1842 lsrael

596 1876 840 1945 dicitur
895 1876 1132 1946 videns
1186 1877 1436 1963 Deum,
1491 1888 1560 1949 et
1605 1889 1849 1971 potens
1898 1882 2130 1949 fuisse.

597 1983 840 2052 Genes.
901 2007 1064 2061 xxn,
1148 1987 1227 2054 18
1279 2009 1295 2054 ε
1343 1988 1838 2056 Benedicentur
1885 1990 1957 2055 in
2029 2012 2139 2056 se-

593 2095 777 2162 mine
812 2104 955 2175 tuo,
997 2092 1264 2162 Christo
1295 2095 1573 2177 scilicet,
1627 2120 1855 2165 omnes
1905 2108 2137 2190 yentes

595 2215 810 2275 terra’.
834 2204 1113 2274 Numer.
1148 2230 1241 2287 vi,
1275 2209 1359 2274 27
1394 2230 1408 2273 ε
1446 2207 1865 2277 Invocabunt
1892 2231 2136 2276 nomen

594 2337 819 2384 meum
863 2338 1067 2407 super
1090 2317 1279 2404 filios
1324 2318 1566 2398 lsrael,
1618 2318 1890 2411 quando
1922 2319 2139 2411 bapti-

594 2425 838 2494 zabunt
884 2448 1002 2495 eos
1052 2449 1068 2494 :
1119 2439 1183 2495 et
1247 2451 1368 2520 eqo
1410 2428 1797 2499 benedicam
1853 2432 1971 2499 eiS.

685 2534 848 2605 llrec
900 2536 1276 2607 benedictio
1334 2539 1625 2631 figurata
1680 2540 1807 2609 fuit
1854 2541 1923 2608 in
1992 2540 2131 2617 illa,

597 2666 732 2736 qua
788 2642 990 2714 lsrael
1045 2646 1130 2714 ab
1196 2647 1459 2738 Angelo
1524 2647 1918 2718 benedictus
1983 2650 2132 2729 fuit,

596 2751 841 2822 GeneS.
900 2776 1112 2833 xxxu,
1192 2755 1275 2821 26
1347 2777 1363 2822 z
1432 2756 1587 2824 Non
1652 2756 2001 2824 dimittam
2046 2767 2134 2840 te,

593 2861 733 2927 nisi
790 2859 1206 2930 benedixeris
1253 2862 1450 2932 milei.
1492 2862 1600 2944 Et,
1658 2886 1896 2954 parum
1952 2874 2132 2955 post,

593 2972 657 3045 δ’.
700 2968 785 3034 29
818 2989 834 3034 z
870 2968 966 3037 Et
994 2967 1337 3037 benedixit
1362 2969 1426 3036 ei
1454 2971 1524 3038 in
1553 2970 1784 3039 eodem
1827 2972 1994 3040 loco.

686 3098 721 3140 α
761 3074 1124 3144 Benedixit
1173 3075 1413 3146 domui
1455 3079 1718 3160 Aaron,
1764 3103 1798 3144 ι
1843 3080 2136 3148 existen-

595 3179 777 3249 tibus
830 3183 901 3250 in
951 3182 1345 3253 sacerdotali
1411 3184 1766 3275 dignitate,
1842 3193 1911 3255 et
1982 3187 2139 3257 vitae

594 3291 969 3358 sanctitate.
1013 3289 1286 3361 Deuter.
1331 3315 1571 3376 xxxin,
1619 3294 1692 3360 11
1752 3316 1768 3360 ε
1816 3294 2134 3377 Benedic,

595 3399 908 3478 Domine,
955 3399 1362 3489 fortitudini
1407 3399 1589 3489 ejus,
1644 3398 1897 3470 scilicet
1944 3401 2136 3481 Levi,

591 3515 657 3573 et
684 3529 889 3598 opera
927 3528 1259 3576 manuum
1291 3507 1492 3576 illius
1518 3509 1809 3600 suscipe.

696 3858 729 3892 α
784 3827 1147 3897 Benediaeit
1200 3826 1540 3899 omnibus.
1603 3855 1636 3890 n
1699 3826 1825 3896 llic
1895 3850 2144 3898 secun-

601 3936 790 4018 dum,
849 3937 920 4004 in
969 3958 1106 4028 quo
1153 3935 1536 4006 ostenditur
1599 3934 1849 4004 infusio
1906 3939 2141 4029 gratiae

599 4041 999 4114 minoribus.
1069 4041 1154 4111 Et
1210 4046 1459 4135 primo,
1519 4041 1706 4135 quod
1760 4043 2143 4113 minoribus

595 4148 1068 4220 universaliter
1137 4148 1454 4219 infundit.
1535 4148 1878 4228 Secundo,
1956 4150 2139 4242 quod

596 4279 735 4326 non
791 4255 943 4324 illos
997 4278 1037 4324 a
1092 4254 1466 4346 majoribus
1526 4253 1950 4334 discreverit,
2014 4254 2136 4335 ibi,

608 4392 642 4430 α
677 4362 971 4434 Pusillis
996 4384 1148 4430 cum
1186 4360 1598 4452 majoribus.
1637 4389 1670 4424 ω

685 4469 862 4539 Dicit
893 4491 1057 4562 ergo
1099 4490 1118 4538 ε
1152 4466 1267 4537 Sic
1295 4467 1666 4554 benedixit,
1704 4467 1771 4538 id
1819 4477 1946 4552 est,
1984 4492 2139 4561 gra·

595 4581 761 4649 tiam
791 4574 1162 4668 majoribus
1193 4574 1462 4662 infudit,
1504 4584 1573 4645 et
1598 4576 1830 4654 etiam,
1870 4604 1902 4639 α
1935 4574 2138 4645 bene·

594 4686 778 4756 dixit
822 4683 1159 4765 omnibus,
1203 4709 1238 4752 s
1280 4707 1420 4754 non
1449 4692 1717 4754 tantum
1761 4684 2133 4778 aliquibus,

593 4796 718 4888 qui
768 4794 1008 4862 timent
1057 4792 1461 4862 Dominum.
1521 4819 1555 4857 ι
1623 4792 1744 4861 Isti
1799 4802 1957 4863 sunt
1997 4795 2138 4863 mi-

593 4925 821 4987 nores,
903 4911 973 4972 et
1053 4903 1246 4994 quasi
1327 4902 1753 4994 incipientes.
1831 4903 2039 4973 Eccli.
2081 4926 2131 4989 ι,

599 5013 682 5082 iti
741 5034 758 5081 ε
816 5010 1102 5084 Initium
1146 5009 1524 5103 sapiemus,
1573 5012 1783 5079 timor
1815 5013 2128 5082 Domini.

591 5121 680 5191 Et
727 5119 854 5190 hos
908 5119 1243 5190 Dominus
1299 5143 1540 5190 omnes
1596 5131 1921 5213 acceptat.
1980 5122 2127 5191 Act.

594 5252 666 5311 x,
708 5227 793 5297 34
820 5234 889 5297 et
941 5227 1052 5308 35,
1093 5226 1254 5296 dicit
1311 5249 1330 5293 ε
1390 5228 1475 5296 In
1514 5227 1800 5297 veritate
1833 5229 2136 5321 comperi

590 5335 758 5430 quia
783 5356 919 5404 non
952 5344 1052 5404 est
1074 5357 1530 5427 personarum
1577 5345 1887 5429 acceptor
1921 5339 2128 5418 Deus,

588 5441 713 5514 sed
765 5441 840 5511 in
883 5441 1073 5510 omni
1121 5450 1322 5532 gente
1368 5443 1494 5536 qui
1557 5444 1751 5513 timet
1807 5467 1990 5532 eum,
2067 5453 2132 5512 et

591 5560 916 5648 operatur
972 5547 1356 5640 justitiam,
1428 5562 1740 5645 acceptus
1812 5562 1908 5622 est
1983 5550 2124 5621 illi.

594 5660 883 5753 Propter
942 5654 1076 5728 boc
1137 5655 1406 5738 dicitur,
1474 5658 1680 5729 Eccli.
1758 5683 1869 5741 ιι,
1937 5660 2025 5729 28
2101 5679 2120 5732 t

2235 321 2440 388 ORD.
2494 321 2794 387 PRAED.

2246 493 2474 559 Timor
2516 490 2822 570 Domini,
2872 491 3049 556 sicut
3098 492 3472 580 paradisus
3530 492 3793 559 benedi-

2242 599 2504 665 ctionis.

2334 838 2366 878 α
2435 811 2758 880 Pusillis.
2821 835 2855 876 s
2915 810 3046 877 Hic
3109 811 3509 878 secundum.
3581 810 3789 890 Quasi

2242 919 2491 986 diceret
2526 917 2685 985 :Sic
2722 917 3073 985 benedixit
3137 916 3456 985 omnibus
3502 918 3794 985 timenti-

2239 1024 2392 1105 bus,
2447 1047 2588 1092 non
2628 1024 2972 1104 discrevit,
3016 1024 3134 1093 sed
3179 1024 3529 1093 benedixit
3577 1048 3612 1090 α
3660 1047 3791 1114 pu·

2238 1131 2423 1199 sillis
2478 1155 2630 1198 cum
2706 1131 3099 1221 majoribus
3146 1156 3169 1198 .·
3231 1161 3263 1196 n
3328 1134 3604 1223 quippe,
3673 1130 3793 1199 Sa-

2239 1240 2447 1330 pient.
2494 1263 2590 1318 v1,
2653 1239 2693 1306 8
2726 1261 2742 1305 :
2776 1239 3135 1306 Pusillum
3175 1251 3238 1306 et
3276 1262 3609 1330 maynum
3651 1241 3793 1330 ipse

2237 1348 2425 1436 fecit,
2459 1356 2524 1413 et
2558 1346 2924 1436 aequaliter
2959 1355 3055 1414 est
3094 1346 3212 1413 illi
3246 1368 3414 1414 cura
3456 1346 3539 1412 de
3565 1347 3793 1413 omni-

2218 1456 2387 1555 bus.
2441 1455 2598 1524 Non
2644 1457 2933 1524 timeant
2989 1478 3152 1547 ergo
3209 1456 3464 1546 pusilli,
3515 1456 3635 1525 sed
3673 1479 3793 1524 so-

2240 1566 2592 1634 lummodo
2652 1565 2873 1633 Deum
2941 1567 3228 1633 timeant
3263 1575 3379 1634 :et
3429 1565 3600 1634 bene
3668 1568 3795 1634 erit

2239 1671 2398 1739 illis.
2465 1671 2628 1740 Luc.
2698 1693 2821 1749 xu,
2868 1671 2953 1738 32
3001 1693 3017 1738 :
3057 1671 3293 1739 Nolite
3339 1673 3600 1754 timere,
3652 1695 3795 1762 pu-

2236 1780 2444 1848 sillus
2490 1802 2689 1869 yrex,
2749 1778 2919 1869 quia
2966 1779 3389 1871 complacuit
3426 1781 3632 1848 Patri
3677 1804 3795 1848 ve-

2237 1900 2379 1957 stro
2408 1889 2577 1957 dare
2590 1886 2781 1956 vobis
2801 1911 3118 1977 reqnum.
3153 1889 3501 1958 Timentes
3522 1891 3705 1958 enim
3728 1898 3796 1958 et
3929 1945 3934 1950 .

2239 1997 2465 2088 pusilli
2499 2006 2566 2066 et
2609 1997 2846 2088 magni
2892 2005 3051 2065 sunt
3087 1996 3525 2067 benedictum
3557 2021 3794 2067 semen

2241 2103 2325 2172 ad
2362 2103 2935 2172 fructificandum.
2971 2102 3101 2173 Isa.
3156 2127 3291 2186 1.x1,
3333 2107 3374 2174 9
3419 2129 3435 2173 z
3471 2107 3600 2173 Isti
3632 2117 3795 2174 sunt

2236 2235 2459 2280 semen
2495 2212 2612 2279 cui
2649 2210 2998 2281 benediaeit
3024 2213 3392 2281 Dominus.

2333 2561 2367 2597 α
2399 2534 2715 2623 Adjiciat
2740 2532 3105 2602 Dominus.
3145 2557 3179 2598 s
3227 2531 3355 2601 llic
3386 2533 3790 2616 secundum,

2242 2642 2310 2709 in
2351 2666 2487 2733 quo
2553 2645 2858 2734 tangitur
2912 2664 3402 2712 conversorum
3461 2640 3796 2732 multipli-

2240 2749 2416 2817 catio
2472 2772 2594 2839 per
2648 2747 2933 2817 modum
2975 2747 3284 2840 optandi.
3337 2748 3573 2815 Primo
3630 2771 3794 2839 ergo

2243 2858 2501 2947 optatio
2532 2855 3145 2946 multiplicationis.
3193 2855 3540 2935 Secundo,
3586 2857 3799 2924 ratio-

2242 2966 2349 3032 nis
2413 2986 2533 3055 per
2597 2986 2805 3054 quam
2885 2961 3029 3032 fieri
3086 2962 3330 3033 debeat
3397 2964 3511 3033 illa
3569 2963 3797 3034 multi-

2243 3072 2543 3166 plicatio,
2592 3071 2713 3155 ibi,
2778 3080 2845 3149 5.
2913 3074 2991 3142 15
3053 3091 3071 3143 τ
3136 3097 3171 3139 α
3203 3073 3558 3143 Benedicti
3594 3096 3709 3143 vos
3755 3097 3799 3142 a

2242 3184 2568 3252 Domina.
2605 3209 2639 3247 ι

2324 3289 2402 3359 ln
2442 3290 2665 3382 prima
2695 3289 2857 3359 duo.
2901 3288 3167 3369 Primo,
3208 3289 3797 3382 multiplicationis

2245 3397 2584 3486 majorum
2640 3396 2927 3489 optatio.
2997 3394 3341 3477 Secundo,
3418 3397 3793 3482 minorum,

2244 3506 2364 3590 ibi,
2415 3534 2445 3567 ιι
2485 3506 2583 3575 Et
2606 3527 2815 3597 super
2844 3504 3035 3594 filios
3072 3515 3349 3574 vestros.
3388 3530 3423 3573 ι

2334 3614 2451 3683 Ait
2487 3635 2652 3705 ergo
2686 3632 2703 3683 ε
2742 3610 2858 3682 Sic
2912 3610 3079 3697 dixi,
3112 3611 3298 3704 quod
3356 3612 3473 3681 fiet
3509 3635 3800 3683 conver-

2245 3724 2376 3805 sio,
2425 3729 2493 3790 et
2531 3742 2728 3812 rogo,
2789 3718 2977 3811 quod
3019 3743 3054 3785 ι
3111 3720 3459 3790 Dominus
3502 3715 3802 3812 adjiciat

2244 3852 2451 3923 super
2476 3852 2617 3909 vos,
2655 3853 2690 3896 s
2733 3850 2776 3897 o
2806 3850 2934 3898 vos
2963 3830 3278 3898 conversi
3316 3830 3639 3919 majores,
3678 3830 3806 3899 sic·

2248 3947 2322 4008 ut
2352 3939 2421 4006 in
2450 3938 2797 4029 primitiva
2835 3935 3135 4006 Ecclesia
3184 3936 3324 4005 liet.
3356 3937 3511 4007 Act.
3553 3960 3628 4019 11,
3660 3939 3746 4007 47
3780 3961 3798 4007 τ

2247 4047 2589 4115 Dominus
2624 4042 2927 4136 augebat
2951 4045 3078 4136 qui
3113 4042 3299 4113 salvi
3341 4045 3585 4135 fierent
3620 4069 3800 4138 quo-

2247 4153 2417 4221 tidie
2439 4154 2512 4220 in
2541 4151 2871 4244 idipsum.
2907 4149 3261 4244 Optimum
3294 4152 3479 4221 enim
3509 4161 3611 4222 est
3639 4176 3796 4222 cum

2245 4258 2783 4352 multiplicantur
2810 4256 2976 4327 boni
3022 4256 3320 4342 Praelati,
3363 4258 3527 4328 dum
3564 4269 3797 4331 tamen

2244 4372 2577 4457 augeatur
2613 4359 2911 4433 charitas
2954 4363 3022 4430 in
3080 4360 3239 4433 illis.
3283 4361 3311 4430 1
3355 4363 3439 4432 ad
3486 4361 3791 4434 Thessal.

2245 4496 2343 4559 ιιι,
2417 4474 2496 4540 12
2568 4493 2585 4540 t
2654 4470 3000 4541 Dominus
3066 4493 3187 4540 vos
3250 4470 3693 4564 multiplicet,
3730 4482 3798 4542 et

2242 4579 2600 4649 abundare
2638 4579 2866 4672 faciat
2916 4577 3324 4647 charitatem
3384 4590 3674 4673 vestram
3721 4582 3795 4649 in

2242 4689 2553 4768 invicem,
2582 4695 2648 4756 et
2674 4687 2748 4755 in
2776 4707 3032 4754 omnes.

2332 4820 2367 4862 α
2409 4796 2504 4863 Et
2550 4816 2758 4887 super
2815 4790 3006 4881 filios
3065 4801 3344 4873 vestros,
3401 4819 3438 4859 n
3516 4795 3790 4887 adjiciat

2239 4905 2571 4994 majorem
2654 4921 3046 4971 numerum.
3093 4897 3342 4973 Genes.
3401 4923 3564 4983 xxx,
3625 4906 3713 4973 24
3773 4928 3792 4976 z

2237 5012 2474 5082 Addat
2538 5011 2713 5082 milti
2763 5008 3108 5078 Dominus
3161 5007 3402 5098 filium
3457 5011 3785 5081 alterum.

2240 5116 2513 5190 Deuter.
2546 5142 2598 5205 1,
2644 5118 2719 5186 11
2787 5139 2806 5187 :
2861 5115 3208 5185 Dominus
3258 5118 3451 5187 Deus
3505 5128 3791 5211 patrum

2237 5237 2627 5296 nostrorum
2665 5223 2885 5319 addat
2912 5222 3011 5291 ad
3024 5224 3210 5293 hunc
3220 5221 3569 5316 populum
3609 5227 3790 5296 mul·

2238 5343 2312 5403 ta
2348 5332 2610 5421 millia,
2677 5340 2742 5400 et
2805 5330 3156 5400 benedicat
3184 5326 3400 5411 vobis,
3474 5332 3654 5402 sicut
3681 5334 3795 5404 Io-

2236 5449 2434 5511 cutus
2488 5447 2609 5510 est.
2680 5437 2851 5508 flaeo
2912 5433 3392 5528 multiplicatio
3445 5442 3785 5531 promissa

2234 5547 2386 5634 fuit,
2427 5547 2560 5616 Isa.
2600 5568 2782 5628 mv,
2817 5544 2858 5614 3
2886 5551 2955 5614 et
2983 5543 3024 5610 4
3057 5564 3075 5612 ε
3108 5542 3499 5634 Effundam
3527 5545 3794 5618 benedi-

2235 5656 2525 5725 ctionem
2560 5676 2786 5723 meam
2812 5674 3021 5745 super
3079 5650 3366 5745 stirpem
3412 5664 3631 5726 tuam.
3692 5658 3789 5726 Et

3922 2559 4037 2625 14
