5008 6329
1865 249 2572 320 COMMENTARIUS
2623 249 2717 315 IN
2765 248 3202 320 PSALMUM
3252 249 3493 318 CXIIl.

1102 419 1266 485 dens
1335 419 1404 484 in
1472 421 1779 490 carnales
1848 423 2340 498 observantiaS,
2401 427 2651 508 repete,

1102 524 1265 615 quid
1316 534 1417 592 est
1464 527 1615 607 tibi,
1679 559 1710 590 α
1750 532 1920 621 quia
1952 551 2304 598 conversus
2343 549 2431 604 eS,
2465 553 2493 589 n
2548 525 2658 593 fu-

1102 634 1350 722 giendo
1418 658 1459 702 a
1522 636 1708 705 bona
1773 637 2278 716 informatione,
2353 646 2657 702 «retror-

1099 762 1282 817 sum,
1320 767 1352 806 n
1398 749 1466 810 et
1529 765 1886 811 sermones
1938 742 2261 810 doctrinae
2310 764 2489 810 sanae
2532 742 2657 809 ab·

1093 846 1391 935 jiciendo
1423 850 1458 916 Ῥ
1487 848 1672 916 Psal.
1707 871 1890 926 xmx,
1942 848 2021 914 17
2052 870 2065 914 :
2098 848 2481 938 Projecisti.
2509 872 2655 915 ser-

1104 976 1333 1021 mones
1374 976 1553 1021 meos
1583 963 1984 1021 retrorsum.
2020 953 2154 1022 Isa.
2187 979 2255 1036 v,
2298 957 2378 1022 41
2415 977 2430 1023 :
2469 954 2658 1040 Quid

1104 1071 1200 1129 est
1229 1059 1422 1151 quod
1447 1059 1654 1127 debui
1712 1060 1905 1129 ultra
1931 1062 2161 1150 lacere
2215 1064 2419 1130 vineae
2463 1083 2648 1140 meae,

1104 1178 1168 1237 et
1196 1190 1334 1235 non
1370 1168 1510 1256 leci
1534 1165 1575 1233 P
1603 1166 1811 1236 Mich.
1848 1192 1942 1250 v1,
1980 1170 2062 1238 3:
2126 1170 2396 1259 Popule
2435 1191 2648 1248 meus,

1104 1276 1281 1367 quid
1320 1277 1460 1363 feci
1525 1274 1658 1344 tibi
1707 1274 1750 1343 Ρ
1804 1287 1872 1344 et
1925 1277 2101 1368 quid
2160 1276 2497 1343 molustus
2540 1277 2655 1364 fui

1105 1382 1234 1449 tibi
1267 1380 1307 1448 P
1344 1381 1500 1449 Non
1540 1393 1644 1451 est
1709 1407 1913 1452 causa
1962 1406 2046 1452 ex
2102 1391 2286 1474 parte
2325 1384 2484 1462 mei,
2537 1383 2654 1451 sed

1105 1514 1193 1559 ex
1228 1498 1422 1581 parte
1451 1491 1575 1558 tui.
1619 1491 1775 1561 Act.
1821 1513 1943 1570 vn,
1979 1494 2058 1560 51
2090 1513 2105 1558 :
2149 1494 2339 1560 Dura
2377 1492 2650 1571 cervice,

1105 1611 1170 1668 et
1222 1601 1724 1669 incircumcisis
1793 1600 2117 1669 cordibus
2202 1610 2267 1670 et
2337 1601 2648 1678 auribus,

1103 1723 1223 1777 vos*
1256 1731 1523 1801 semper
1548 1709 1855 1799 Spiritui
1881 1720 2123 1777 sancto
2156 1709 2487 1777 resistitis

1196 2067 1231 2103 α
1280 2041 1573 2118 Montes,
1616 2039 2042 2108 exsultastis.
2080 2064 2114 2105 n
2158 2037 2283 2106 Hic
2345 2037 2647 2116 tertium,

1102 2147 1171 2213 in
1203 2169 1340 2237 quo
1380 2145 1822 2238 subjungitur
1857 2141 2099 2215 iterata
2135 2142 2646 2235 Apostolorum,

1097 2263 1166 2324 et
1205 2253 1676 2341 subjectorum
1710 2252 1843 2322 illis
1882 2252 2244 2321 exsultatio
2273 2274 2394 2343 pro
2424 2250 2652 2319 multi-

1096 2362 1465 2453 plicatione
1497 2360 1827 2430 lidelium.
1883 2360 1969 2429 Et
1997 2361 2245 2453 primo,
2280 2360 2642 2448 majorum.

1095 2468 1440 2553 Secundo,
1509 2469 1886 2549 minorum,
1947 2469 2066 2552 ibi,
2140 2495 2171 2533 ιι
2207 2469 2324 2553 Et,
2353 2466 2645 2536 colleS.»

1096 2579 1275 2646 Dicit
1323 2600 1488 2669 ergo
1526 2586 1937 2647 convertens
2003 2599 2386 2647 sermonem
2447 2575 2533 2643 ad
2572 2575 2650 2642 il-

1092 2687 1194 2755 los
1238 2710 1253 2754 :
1292 2687 1348 2755 Ο
1382 2709 1529 2765 vos,
1594 2710 1629 2752 ι
1661 2697 1949 2765 montes,
1986 2713 2019 2748 »ο
2066 2686 2228 2777 quid
2273 2711 2307 2750 α
2347 2685 2650 2753 eaeszelta-

1086 2797 1271 2863 stis»
1358 2794 1442 2862 de
1499 2815 1995 2863 conversorum
2044 2792 2638 2884 multiplicatione,

1094 2928 1128 2967 α
1158 2903 1338 2969 sicut
1364 2901 1634 2981 arietes,
1674 2926 1709 2963 ι
1738 2922 2030 2991 gregum
2054 2899 2502 2991 plurimorum
2527 2898 2644 2966 lae·

1089 3009 1137 3074 ti
1179 3007 1386 3076 duces
1412 3005 1449 3073 ⁶?
1493 3004 1692 3074 llanc
1747 3003 2385 3096 multiplicationem
2424 3010 2491 3072 et
2529 3002 2650 3071 lae-

1089 3116 1253 3186 titiae
1310 3136 1590 3185 causam
1637 3115 1711 3184 in
1770 3113 2124 3184 montibus
2168 3110 2440 3182 videbat
2477 3110 2650 3182 Eze-

1086 3221 1264 3293 chiel
1302 3245 1460 3290 cum
1489 3219 1785 3303 dicebat,
1829 3243 2067 3302 xxxvi,
2110 3221 2150 3289 8
2194 3242 2212 3289 ε
2262 3220 2406 3298 Vos,
2448 3243 2648 3289 mon-

1086 3340 1183 3399 tes
1240 3328 1487 3409 Israel,
1530 3351 1764 3397 ramos
1805 3339 2059 3397 vestros
2104 3328 2521 3421 qerminetiS,
2583 3337 2648 3396 et

1080 3441 1395 3529 fructum
1453 3446 1756 3505 vestrum
1820 3435 2136 3526 afferatis
2188 3432 2452 3527 populo
2499 3458 2646 3504 meo

1083 3545 1329 3627 Israel,
1359 3544 1545 3615 unde
1575 3543 1966 3636 gaudeatis.
2003 3542 2115 3612 Ad
2142 3541 2394 3635 Philip.
2419 3566 2514 3626 w,
2551 3545 2577 3612 1
2623 3567 2640 3613 :

1083 3655 1353 3746 Itaque,
1382 3655 1644 3743 fratres
1663 3653 1801 3721 mei
1823 3650 2281 3735 dilectissimi,
2299 3650 2642 3741 qaudium

1083 3784 1340 3842 meum,
1390 3771 1459 3831 et
1493 3781 1750 3830 corona
1788 3782 1965 3829 mea.
2019 3756 2165 3828 lad
2218 3757 2520 3828 Thessal.
2562 3781 2637 3844 u,

1085 3872 1166 3939 19
1210 3891 1228 3938 :
1273 3870 1443 3956 Quae
1469 3877 1568 3936 est
1603 3875 1843 3936 nostra
1870 3886 2054 3956 spes,
2087 3875 2212 3935 aut
2260 3865 2630 3957 qaudium,

1080 3988 1208 4047 aut
1255 3999 1512 4045 corona
1545 3974 1797 4066 qloriae
1819 3972 1860 4041 P
1885 3994 2111 4042 nonne
2137 3995 2251 4041 vos
2288 3982 2447 4041 ante
2478 3975 2637 4042 Do·-

1081 4090 1352 4157 minum
1382 4094 1701 4156 nostrum
1725 4085 1966 4155 Iesum
1999 4082 2364 4155 Christum.

1184 4223 1217 4261 ι
1251 4197 1375 4276 Et,
1397 4192 1678 4264 eolles.»
1724 4217 1759 4259 ι
1784 4191 1942 4272 Et.»
1966 4189 2271 4283 quidest,
2308 4190 2633 4276 «eolles‚»

1082 4314 1338 4397 repete,
1418 4299 1608 4396 quod
1651 4298 2070 4385 exsultastis,
2139 4324 2174 4366 ι
2245 4300 2423 4368 sicut
2469 4300 2639 4390 aqni

1081 4414 1313 4482 ovium
1348 4409 1393 4478 P
1422 4439 1458 4476 n
1494 4408 1629 4480 lsa.
1674 4431 1812 4492 χιι,
1851 4410 1933 4475 18
1967 4429 1984 4475 z
2030 4408 2354 4499 Aper-iam
2386 4407 2457 4475 in
2509 4429 2638 4476 su-

1073 4521 1264 4614 pinis
1286 4517 1594 4590 eollibus
1645 4516 1981 4607 flumina,
2040 4513 2304 4606 supple,
2344 4515 2637 4607 gaudio-

1081 4651 1258 4697 rum.

1178 4989 1216 5028 α
1255 4962 1316 5032 Α
1351 4960 1537 5051 laeie
1572 4956 1892 5028 Domini.
1950 4981 1988 5020 ι
2047 4952 2177 5025 llic
2228 4954 2529 5035 tertium,
2561 4954 2632 5023 in

1088 5089 1225 5159 quo
1253 5064 1553 5134 ostendit
1581 5063 1779 5154 cujus
1807 5062 2206 5131 auctoritate
2234 5061 2405 5131 facta
2436 5061 2636 5130 tuerit

1087 5171 1471 5257 conversio,
1530 5170 1695 5262 quia
1751 5191 1876 5259 per
1912 5188 2128 5235 unum
2173 5189 2189 5234 :
2227 5176 2294 5236 et
2319 5167 2636 5237 dicuntur

1088 5276 1250 5347 duo.
1293 5274 1557 5357 Primo,
1591 5273 1779 5366 quod
1807 5294 1932 5364 per
1958 5269 2185 5343 solum
2214 5272 2431 5341 Deum
2459 5270 2634 5342 iacta

1087 5385 1310 5454 fuerit.
1373 5379 1723 5461 Secundo,
1795 5378 1979 5471 quod
2053 5400 2327 5448 necesse
2380 5378 2503 5448 tuit
2541 5380 2633 5448 ita

1116 5670 1123 5677 ⁶
1158 5602 1176 5639 ¹
1208 5598 1296 5659 ct.
1333 5596 1541 5657 unuh.
1573 5612 1655 5667 ix,
1682 5595 1742 5654 9.

4187 249 4311 317 197

2762 419 2932 500 sieri,
2968 422 3085 500 ibi,
3120 429 3183 498 y.
3229 422 3268 489 8
3303 443 3318 489 :
3359 445 3392 485 α
3431 419 3567 503 Qui
3593 419 3916 486 convertit
3934 426 4237 508 petram.
4275 441 4309 482 n

2850 526 2927 594 In
2982 528 3204 617 prima
3242 527 3560 595 dicuntur
3604 525 3764 593 duo.
3820 525 4080 609 Primo,
4125 523 4312 614 quod

2758 656 2881 724 per
2915 633 3137 702 Deum
3177 635 3533 701 conversio
3574 633 3747 700 facta
3785 633 3895 711 sit,
3939 639 4005 699 et
4032 622 4321 699 Judae0-'

2760 764 2910 807 rum
2941 742 3313 809 commotio
3371 738 3455 807 ad
3503 724 3994 829 poenitentiam.
4042 738 4312 807 Secun-

2759 846 2874 925 do,
2925 845 3222 914 ostendit
3268 845 3352 915 de
3392 868 3527 937 quo
3574 846 3717 914 Deo
3758 844 4101 936 intelligit,
4147 846 4308 935 quia

2759 976 2898 1021 non
2928 952 3011 1022 de
3032 956 3286 1024 recenti
3323 954 3581 1044 aliquo,
3614 954 3734 1022 sed
3764 952 3847 1021 de
3885 951 4312 1022 patriarcha-

2761 1086 2912 1130 rum
2951 1065 3123 1142 Dee,
3167 1063 3287 1145 ibi,
3325 1088 3359 1130 α
3390 1066 3449 1132 A
3479 1065 3662 1154 socie
3697 1063 3832 1131 Dei
3856 1061 4094 1131 Jacob.
4133 1089 4169 1126 n

2848 1169 3026 1238 Dicit
3044 1193 3209 1262 ergo
3248 1194 3262 1238 ε
3301 1169 3417 1238 Sic
3445 1172 3758 1239 conversi
3783 1178 3968 1250 sunt,
3993 1176 4061 1237 et
4124 1170 4311 1260 Apo-

2758 1278 2915 1347 stoli
2945 1301 3102 1346 cum
3125 1280 3266 1347 suis
3295 1277 3800 1347 successoribus
3839 1286 3998 1345 sunt
4025 1277 4234 1346 laetati
4286 1297 4304 1348 ε

2758 1386 2874 1453 sed
2931 1409 3054 1476 per
3089 1409 3295 1478 quem
3335 1386 3467 1454 hoc
3511 1385 3765 1454 factum
3817 1393 3918 1453 est
3971 1386 4007 1454 Ῥ
4060 1384 4237 1455 Ecce
4287 1410 4303 1454 :

2765 1521 2799 1555 α
2819 1495 3022 1561 Terra
3050 1504 3237 1562 mota
3267 1504 3432 1574 est,»
3465 1493 3720 1562 scilicet
3745 1492 4144 1562 Judaeorum
4165 1502 4308 1562 ter-

2759 1622 2921 1668 rena
2957 1601 3164 1669 corda
3197 1611 3387 1670 mota
3415 1609 3576 1670 sunt
3604 1600 3690 1669 ad
3717 1602 4192 1692 poenitentiam
4239 1609 4308 1669 et

2756 1709 3297 1787 conversionem,
3372 1735 3406 1774 α
3484 1733 3527 1776 a
3590 1709 3775 1798 facie
3824 1708 4135 1792 Domini,
4191 1733 4224 1774 ι
4268 1732 4308 1777 a

2753 1817 3116 1905 praesentia
3169 1815 3424 1885 scilicet
3478 1816 3782 1885 Domini.
3851 1814 4151 1902 Baruch,
4201 1838 4303 1899 ιιι,

2755 1922 2840 1990 38
2874 1945 2891 1991 :
2927 1923 3096 1991 Post
3130 1923 3272 1992 haec
3299 1923 3375 1991 in
3421 1924 3619 1992 terris
3654 1924 3839 1992 visus
3875 1932 3998 2006 est,
4048 1934 4113 1993 et
4148 1946 4308 1993 cum

2752 2028 3146 2098 hominibus
3172 2039 3606 2099 conversatus
3648 2041 3769 2099 est.
3812 2029 3898 2098 Et
3928 2053 3971 2099 a
4002 2053 4308 2122 praesen-

2753 2136 2848 2203 tia
2875 2137 3080 2205 etiam
3111 2137 3447 2229 spirituali
3480 2160 3497 2206 ε
3542 2138 3703 2229 quia
3729 2160 4027 2228 praesens
4046 2147 4148 2207 est
4184 2160 4308 2229 per

2753 2242 3186 2313 clementiam
3223 2267 3421 2313 suam
3476 2253 3544 2314 et
3577 2245 3896 2337 gratiam,
3941 2267 4150 2337 quam
4193 2247 4305 2313 in·-

2752 2346 2971 2416 iundit
3038 2351 3111 2418 in
3156 2348 3292 2418 illis
3358 2352 3607 2420 intuitu
3670 2373 3823 2430 suo,
3885 2352 4061 2419 sicut
4118 2349 4306 2418 Mat-

2753 2453 3009 2524 thaeum
3038 2457 3329 2526 intuitus
3364 2466 3468 2527 est
3508 2458 3555 2538 ¹,
3607 2466 3675 2527 et
3718 2457 4001 2526 Petrum
4029 2464 4076 2526 ¹.
4121 2457 4306 2528 Pro-

2751 2565 2939 2634 verb.
2988 2588 3106 2646 xx,
3142 2566 3184 2636 8
3228 2591 3244 2635 ε
3276 2568 3428 2635 Rea:
3467 2567 3592 2656 qui
3624 2564 3807 2635 sedet
3855 2568 3926 2634 in
3965 2565 4144 2635 solio
4165 2568 4305 2658 ju-

2751 2671 2945 2756 dicis,
2978 2672 3267 2766 dissipat
3307 2698 3505 2743 omne
3532 2676 3802 2743 malum
3842 2675 4103 2744 intuitu
4147 2698 4298 2745 suo.

2750 2779 2851 2849 De
2916 2790 3210 2874 utroque
3261 2791 3485 2874 potest
3544 2781 3828 2875 intelligi
3883 2782 4057 2852 illud
4113 2782 4298 2854 Psal.

2754 2912 2954 2968 cxvii,
2999 2890 3041 2958 9
3112 2912 3129 2958 ε
3190 2893 3396 2961 Terra
3458 2901 3648 2960 mota
3683 2900 3807 2977 est,
3854 2893 4103 2960 etenim
4147 2890 4306 2962 coeli

2750 2994 3271 3066 distillaverunt
3323 3020 3367 3067 a
3436 2999 3620 3089 facie
3693 2999 3831 3069 Dei
3891 2998 4120 3069 Sinai.
4188 2998 4300 3078 Et,

2747 3101 3097 3186 Judicum,
3148 3126 3218 3185 v,
3284 3105 3327 3173 4
3373 3111 3440 3175 et
3505 3106 3546 3175 5
3614 3105 3878 3175 :Terra
3924 3114 4113 3174 mota
4176 3116 4300 3187 est,

2750 3211 3036 3304 coelique
3075 3236 3157 3280 ac
3218 3210 3432 3280 nubes
3494 3211 4014 3281 distillaverunt
4069 3215 4297 3305 aquis.

2748 3323 3015 3391 Montes
3075 3321 3440 3411 fluxerunt
3493 3344 3538 3390 a
3571 3322 3758 3413 jacie
3798 3322 4117 3392 Domini.
4162 3321 4298 3392 Isa.

2749 3452 2933 3512 mxiv,
2981 3432 3009 3498 1
3085 3453 3104 3500 ε
3158 3431 3440 3501 Utinam
3486 3429 3914 3525 dirumperes
3968 3431 4196 3513 eoelos,
4238 3442 4304 3500 et

2746 3535 3173 3607 descenderes
3216 3539 3248 3607 l
3283 3561 3329 3608 a
3362 3540 3548 3632 facie
3585 3547 3711 3608 tua
3747 3548 4010 3609 montes
4037 3537 4302 3630 deflue-

2747 3656 2919 3716 rent.

2837 3901 2872 3943 ι
2920 3878 2978 3946 Α
3028 3878 3238 3969 facie.
3286 3901 3322 3944 ι
3391 3877 3519 3948 nic
3582 3877 3989 3949 secundum.
4040 3878 4199 3951 Nou
4254 3903 4298 3950 a

2740 3981 2910 4052 facie
2972 3986 3465 4077 cujuscumque
3518 3985 3653 4072 dei,
3720 3984 3857 4056 hoe
3908 3985 4062 4057 dico
4113 3987 4291 4070 fieri,

2740 4090 2859 4159 sed
2899 4118 2934 4154 α
2976 4116 3021 4160 a
3045 4092 3254 4183 jacie,
3294 4120 3327 4155 n
3373 4091 3441 4160 id
3478 4101 3604 4172 est,
3645 4117 3686 4163 a
3712 4094 4104 4186 presentia,
4134 4104 4205 4165 et
4247 4120 4292 4165 a

2739 4198 3101 4269 clementia
3131 4226 3169 4265 α
3204 4200 3338 4269 Dei
3386 4198 3626 4269 Jacob.
3671 4224 3707 4267 s
3748 4199 3904 4271 Hoc
3938 4200 4092 4272 dico
4137 4201 4286 4274 fieri

2737 4307 2825 4378 ab
2880 4331 2964 4379 eo
3000 4310 3119 4401 qui
3157 4317 3258 4380 est
3295 4309 3483 4379 Deus
3509 4310 3855 4403 antiquus,
3897 4318 3967 4382 et
4002 4333 4147 4382 non
4174 4336 4292 4384 re-

2736 4439 2920 4486 cens.
2965 4416 3185 4486 Exod.
3217 4439 3318 4500 in,
3348 4419 3393 4486 6
3426 4439 3443 4486 ε
3474 4420 3631 4509 qu
3657 4440 3814 4487 sum
3851 4420 4042 4488 Deus
4066 4418 4292 4490 Abra-

2735 4525 2928 4606 ham,
2958 4526 3149 4596 Deus
3164 4526 3388 4608 Isaac,
3411 4535 3476 4594 et
3499 4528 3690 4598 Deus
3712 4526 3955 4598 Jacob.
3988 4529 4068 4597 In
4098 4528 4286 4601 Psal.

2736 4657 2938 4714 mx,
2971 4636 3015 4704 9
3054 4642 3122 4706 et
3163 4635 3268 4714 10,
3310 4658 3516 4728 supra
3556 4659 3574 4707 ε
3607 4636 3857 4719 Israel,
3892 4638 3959 4708 si
3981 4638 4293 4709 audieris

2735 4765 2868 4826 me,
2899 4765 3037 4812 non
3065 4743 3196 4813 erit
3216 4743 3291 4812 in
3327 4752 3394 4812 te
3427 4741 3595 4813 deus
3631 4766 3880 4816 reoms.

2828 5089 2863 5131 ι
2900 5065 3040 5151 Qui
3073 5063 3402 5133 convertit
3431 5074 3728 5156 petram.
3784 5091 3817 5129 n
3858 5060 3992 5133 llic
4047 5074 4288 5140 osten-

2737 5170 2860 5252 dit,
2928 5168 3115 5263 quod
3154 5192 3279 5262 per
3329 5170 3553 5241 Deum
3598 5171 3747 5241 fieri
3818 5169 3955 5241 hoc
4006 5193 4287 5249 necesse

2734 5279 2885 5360 fuit,
2943 5300 3073 5349 nec
3108 5287 3339 5370 posset
3369 5302 3488 5372 per
3520 5280 3758 5359 alium,
3798 5281 3987 5372 quod
4021 5281 4151 5354 fuit
4177 5310 4293 5357 se-

2734 5386 3061 5456 cundum.
3093 5384 3180 5456 Et
3214 5384 3469 5478 prime,
3512 5395 3844 5478 quantum
3873 5386 3960 5457 ad
3995 5411 4292 5463 conver-

2806 5593 2833 5633 ²
2860 5595 2948 5656 Cl'.
2980 5595 3120 5654 Luc.
3151 5609 3296 5670 xxu,
3334 5597 3426 5654 61.
