5008 6329
788 5297 1037 5354 uutttptox

817 5366 1001 5403 m

1839 349 2548 423 COMMENTARIUS
2598 355 2694 422 IN
2739 356 3178 424 PSALMUM
3227 356 3568 424 CXXVII.

1104 538 1198 596 re,
1243 527 1306 583 et
1336 526 1610 585 amator
1661 521 1892 610 sactus
1944 547 2099 590 sum
2130 527 2373 615 sormae
2431 525 2654 592 illius.

1104 621 1267 690 Haec
1304 623 1665 694 fructificat
1703 635 1779 695 ut
1827 632 2028 699 vinea
2069 632 2137 697 in
2169 631 2398 718 justiS,
2434 639 2508 698 ut
2557 629 2663 697 di-

1106 739 1213 797 cat
1253 731 1420 801 illud
1451 731 1658 804 Eccli.
1701 761 1888 817 xxiv,
1935 741 2017 805 23
2064 760 2077 806 :
2124 742 2275 828 qu
2316 740 2519 828 quasi
2556 739 2663 805 vi-

1103 841 1191 906 tis
1229 842 1683 934 fructificavi,
1719 855 1844 915 etc.

1196 1086 1230 1126 a
1273 1063 1451 1130 Filii
1480 1064 1586 1131 tui
1631 1064 1809 1129 sicut
1835 1060 2145 1127 novellae.
2186 1086 2219 1127 1>
2262 1060 2391 1130 Hic
2429 1062 2661 1152 tangi-

1103 1176 1215 1236 tur
1279 1173 1601 1239 meritum
1660 1170 2013 1237 exterioris
2080 1170 2520 1259 operationis
2574 1168 2661 1236 Et

1102 1279 1410 1366 tangitur
1438 1279 1659 1368 primo
1717 1276 2057 1346 bonorum
2089 1300 2375 1369 operum
2423 1279 2493 1345 in
2527 1276 2657 1344 fide

1102 1390 1168 1449 et
1215 1380 1542 1451 charitate
1592 1381 1927 1451 factorum
1975 1382 2472 1473 multiplicatio,
2528 1381 2656 1448 Se-

1103 1490 1352 1568 cundo,
1388 1489 1660 1557 resectio
1703 1500 1977 1559 causata
2028 1514 2110 1558 ex
2175 1489 2449 1572 talibus,
2484 1491 2658 1558 sicut

1102 1622 1308 1689 supra
1373 1607 1630 1668 tactum
1691 1611 1789 1669 est
1853 1603 1920 1668 in
1980 1603 2125 1692 ipsa
2183 1602 2469 1686 ratione,
2532 1599 2650 1667 ibi·

1105 1731 1139 1772 α
1180 1706 1263 1774 In
1301 1709 1619 1776 circuitu.
1655 1735 1687 1775 n

1189 1815 1371 1885 Dicit
1437 1841 1599 1909 ergo
1661 1843 1675 1886 :
1742 1819 1854 1885 Sic
1908 1815 2146 1885 beatus
2213 1840 2366 1886 cum
2425 1819 2649 1902 timeS,

1102 1927 1266 2015 quia
1304 1927 1588 1995 interius
1618 1926 1991 1995 delectatur
2031 1928 2229 2005 ratio,
2273 1936 2338 1993 et
2367 1949 2654 1995 sensua-

1100 2034 1255 2103 litas
1312 2036 1615 2104 abundat
1672 2036 1739 2103 in
1798 2036 2007 2121 bono,
2059 2047 2121 2105 et
2180 2039 2383 2105 etiam
2427 2065 2462 2102 α
2510 2037 2656 2127 filii

1102 2140 1231 2219 tui,
1268 2168 1299 2202 ιο
1340 2163 1547 2232 opera
1585 2139 1838 2209 scilicet
1872 2144 2232 2223 exteriora,
2267 2165 2349 2209 ex
2389 2143 2652 2210 ratione

1100 2246 1611 2317 sensualitatem
1644 2258 1962 2318 movente
1993 2251 2245 2341 genita,
2271 2258 2427 2317 sunt
2460 2277 2497 2315 α
2526 2251 2653 2318 sic-

1102 2365 1180 2422 ut
1224 2357 1517 2424 novella?
1562 2357 1933 2438 olivarum,
1985 2382 2019 2423 »
2073 2357 2203 2426 tide
2242 2357 2497 2427 scilicet
2550 2358 2652 2425 vi·

1102 2466 1344 2547 rentia,
1393 2473 1460 2534 et
1505 2464 1831 2534 charitate
1877 2475 2235 2546 unctuosa,
2294 2488 2443 2555 qua·
2510 2465 2647 2534 duo

1099 2580 1259 2639 sunt
1294 2572 1366 2639 in
1396 2572 1579 2640 oliva
1610 2595 1633 2639 .·
1665 2571 1857 2639 aliter
1884 2573 2064 2639 enim
2099 2595 2236 2639 non
2275 2572 2642 2661 placerent.

1101 2677 1265 2747 Sine
1330 2679 1460 2748 tide
1533 2703 1672 2748 non
1728 2679 2021 2771 placent,
2056 2681 2239 2770 quia,
2292 2679 2375 2747 ad
2435 2680 2642 2751 llebr.

1098 2809 1194 2866 xl,
1238 2788 1304 2865 6,
1358 2789 1603 2856 dicitur
1644 2811 1658 2857 :
1718 2789 1881 2854 Sine
1925 2781 2065 2876 fide
2103 2787 2524 2880 impossibile
2552 2797 2649 2856 est

1091 2893 1369 2984 placere
1418 2897 1583 2965 Deo.
1643 2892 1796 2962 Non
1862 2894 2026 2962 item
2082 2897 2228 2962 sine
2286 2893 2644 2974 charitate,

1099 3001 1261 3090 quia
1309 3001 1580 3081 dicitur,
1648 2998 1674 3067 1
1725 3000 1807 3068 ad
1857 2999 2163 3069 Corinth.
2217 3023 2361 3080 xm,
2423 3004 2462 3068 3
2507 3024 2522 3068 :
2567 3002 2650 3071 Si

1097 3108 1510 3179 distribuero
1539 3132 1766 3178 omncs
1800 3109 2183 3198 jacultatus
2227 3133 2411 3180 meas
2450 3111 2520 3178 in
2557 3111 2650 3180 ci·

1100 3217 1216 3287 bos
1245 3243 1751 3312 pauperum,...
1802 3221 2202 3287 charitatem
2252 3233 2477 3289 autem
2511 3243 2648 3288 non

1095 3326 1426 3410 habuero,
1485 3328 1668 3395 nileil
1728 3329 1905 3395 ntilei
1951 3328 2251 3419 prodest.
2313 3326 2640 3397 Proverb.

1098 3460 1192 3521 xt,
1236 3439 1322 3505 28
1365 3463 1384 3507 ε
1425 3438 1614 3506 Justi
1658 3439 1860 3528 quasi
1915 3438 2135 3504 virens
2188 3436 2451 3527 solium
2496 3460 2648 3528 yer-

1098 3543 1490 3613 minabunt.
1528 3544 1778 3613 Jerem.
1828 3567 1923 3622 xl,
1977 3546 2055 3610 ¹13
2106 3566 2121 3610 :
2180 3544 2452 3613 Olivam
2491 3541 2648 3612 ube-

1097 3672 1267 3729 rem,
1297 3646 1699 3741 pulchram,
1745 3650 2212 3738 fructiferam,
2269 3649 2645 3740 speciosam

1095 3759 1363 3827 vocavit
1417 3758 1757 3826 Dominus
1809 3780 2052 3825 nomen
2107 3768 2328 3824 tuum.
2383 3756 2465 3824 Bt
2511 3755 2646 3826 hoc

1097 3894 1132 3930 a
1195 3868 1269 3934 in
1325 3866 1618 3934 circuitu
1686 3888 1931 3934 merasce
1992 3874 2152 3944 tue,
2219 3892 2251 3929 ι
2326 3864 2457 3934 hoc
2513 3873 2638 3943 est,

1099 3985 1176 4043 ut
1213 3975 1352 4044 sint
1385 3976 1509 4043 tibi
1549 3999 1788 4045 mensa
1826 3975 2139 4060 rotunda,
2173 3985 2241 4042 ct
2265 3974 2640 4060 circularis,

1097 4095 1173 4155 ut.
1218 4111 1304 4158 ex
1359 4087 1493 4156 illis
1527 4089 1847 4180 pascaris,
1889 4088 2063 4157 sicut
2109 4087 2421 4179 superius
2476 4087 2644 4156 satis

1091 4200 1484 4289 expositum
1513 4205 1636 4267 cst.

1185 4301 1339 4382 Vel,
1377 4330 1413 4367 α
1450 4303 1617 4393 filii,
1654 4328 1688 4368 ι
1732 4303 1964 4372 fideles
2002 4312 2067 4372 et
2096 4304 2262 4392 justi
2293 4304 2640 4382 dicuntur.

1098 4411 1216 4504 qui
1247 4410 1547 4503 generati
1580 4418 1734 4478 sunt
1765 4410 1847 4479 de
1883 4412 2323 4479 matrimonio
2363 4410 2639 4490 Christi,

1095 4528 1166 4588 et
1196 4518 1539 4604 Ecclesiae,
1571 4526 1637 4589 et
1679 4526 1834 4587 sunt
1878 4519 2050 4587 sicut
2099 4518 2383 4588 novellae
2422 4519 2647 4588 oliva-

1099 4650 1254 4697 rum
1293 4626 1556 4718 pacifici
1590 4649 1606 4695 t
1639 4628 1908 4718 signum
1968 4626 2149 4695 enim
2200 4628 2382 4717 pacis
2432 4626 2640 4695 oliva.

1102 4737 1348 4806 Genes.
1393 4757 1537 4821 vui,
1585 4736 1690 4814 11,
1767 4734 2099 4803 Columba
2132 4757 2396 4805 ramum
2441 4736 2643 4804 olivae

1098 4844 1488 4938 apportavit
1525 4841 1609 4910 ad
1646 4864 1871 4910 arcam
1913 4845 1981 4911 in
2012 4845 2285 4935 signum
2337 4846 2647 4913 reconci-

1100 4954 1429 5024 liationis.
1485 4951 1567 5020 Et
1633 4949 1762 5019 hoc
1809 4980 1843 5014 κ
1904 4953 1973 5019 in
2038 4953 2330 5020 circuitu
2401 4974 2648 5021 mensoe

1101 5074 1266 5148 tuce,
1301 5089 1336 5127 ι
1377 5080 1630 5131 mensae
1685 5057 1960 5150 quidem
2002 5058 2255 5138 altaris,
2306 5060 2498 5150 cujus
2544 5059 2648 5129 ef-

1100 5172 1426 5241 ficiuntur
1461 5166 1847 5261 participes,
1897 5178 1965 5235 et
2019 5191 2273 5237 mensae
2328 5190 2647 5260 corpora·

1099 5282 1185 5352 lis
1220 5306 1236 5353 t
1267 5292 1334 5354 et
1365 5282 1648 5351 refertur
1677 5276 1930 5347 lectura
1949 5279 2035 5348 ad
2062 5288 2288 5369 caput.
2315 5278 2432 5347 Est
2460 5280 2646 5348 enim

1100 5415 1340 5465 mensa
1368 5387 1738 5483 corporalis
1777 5386 2181 5467 refectionis,
2214 5411 2367 5481 quae
2414 5413 2456 5458 a
2499 5388 2646 5459 Deo

1101 5504 1244 5574 suis
1273 5500 1498 5586 datur,
1540 5499 1663 5569 etsi
1701 5494 1903 5566 simul
1933 5493 2130 5564 malis
2169 5498 2374 5566 etiam
2403 5519 2647 5568 conce-

1101 5611 1328 5695 datur,
1358 5608 1444 5677 de
1475 5628 1632 5699 qua,
1677 5603 1738 5675 11
1776 5605 1946 5697 neg.
1988 5627 2084 5692 tx,
2130 5606 2205 5675 11
2245 5604 2650 5698 :Miplaeibo-

1096 5719 1269 5801 seth,
1317 5716 1500 5786 tilius
1547 5714 1975 5797 domini-tui,
2025 5713 2345 5792 comedet,
2398 5734 2645 5803 panem

4210 352 4336 420 377

2768 526 3050 603 scilicet,
3133 548 3338 615 super
3411 549 3716 592 mensam
3799 545 4051 603 meam,
4135 525 4338 612 quasi

2770 653 2947 698 unus
2997 632 3080 697 de
3118 631 3296 717 filiis
3338 634 3537 722 reqis.
3603 632 3813 700 Eccli.
3867 656 3965 709 v1,
4020 631 4099 697 10
4147 652 4162 697 ε
4207 631 4334 696 Est

2768 741 3036 806 amicus
3072 740 3296 807 socius
3328 763 3598 818 mensae,
3644 749 3708 806 et
3743 762 3880 806 non
3904 735 4334 829 permanebit

2765 847 2839 913 in
2914 847 3026 914 die
3098 849 3540 915 necessitatis,
3626 845 3853 914 Sacrae
3924 844 4326 934 Scripturae‚

2765 952 2950 1021 Psal.
2986 977 3152 1034 xxn,
3189 958 3227 1023 5
3268 978 3283 1022 ε
3317 956 3602 1022 Parasti
3652 955 3723 1019 in
3771 961 4132 1045 conspectu
4182 973 4327 1019 meo

2766 1085 3094 1129 mensam.
3173 1060 3506 1129 Proverb.
3580 1085 3673 1143 lx,
3747 1063 3788 1127 2
3861 1081 3878 1129 t
3954 1060 4329 1150 Proposuit

2765 1192 3099 1255 mensam,
3172 1170 3418 1238 dicitur
3500 1170 3583 1237 de
3652 1170 4010 1259 sapientia,
4089 1169 4325 1235 vinum

2767 1278 3064 1356 miscuit,
3118 1277 3561 1347 Eucharistiae
3618 1278 3898 1345 scilicet.
3954 1276 3983 1343 1
4040 1274 4125 1344 ad
4191 1274 4329 1343 Co-

2768 1380 2976 1449 rinth.
3012 1405 3078 1459 x,
3114 1384 3192 1449 21
3233 1405 3250 1450 ε
3284 1385 3437 1453 Non
3465 1384 3753 1475 potestis
3801 1404 4048 1448 mensae
4083 1380 4326 1448 Domi-

2761 1492 2839 1556 ni
2876 1492 3251 1583 participes
3304 1515 3463 1572 esse,
3516 1501 3580 1558 et
3644 1512 3891 1558 mensae
3944 1489 4327 1557 daemonio-

2764 1623 2945 1667 rum.
2990 1599 3248 1668 Verum
3308 1608 3410 1669 est
3448 1622 3592 1668 rem
3640 1599 4049 1667 sacramenti
4110 1596 4325 1689 parti-

2765 1709 3082 1799 cipando,
3119 1710 3243 1777 etsi
3284 1709 3671 1800 participeS,
3706 1707 4179 1799 participando
4208 1729 4325 1775 sa-

2763 1826 3217 1887 cramentum.
3279 1817 3366 1886 Et
3428 1840 3609 1888 verae
3670 1818 4081 1895 refectionis,
4153 1814 4315 1885 Luc.

2760 1948 2931 2005 xxu,
2967 1928 3050 1994 29
3084 1935 3149 1995 et
3179 1927 3263 1996 30
3300 1951 3315 1995 :
3353 1930 3448 1995 Et
3484 1951 3607 2018 eqo
3639 1928 3929 2020 dispono
3967 1924 4158 1994 vobis
4192 1925 4317 1993 sic-

2761 2040 2838 2098 ut
2894 2032 3235 2124 disposuit
3279 2033 3456 2100 mihi
3493 2035 3710 2101 Pater
3764 2054 3958 2101 meus
3996 2051 4313 2122 rcqnum,

2761 2150 2836 2208 ut
2856 2138 3078 2208 edatis
3105 2150 3169 2207 et
3200 2139 3453 2209 bibatis
3497 2163 3707 2233 super
3733 2162 4044 2209 mensam
4089 2161 4316 2207 meam

2758 2253 2830 2319 in
2861 2273 3067 2340 reqno
3098 2274 3269 2321 meo.

2852 2493 2888 2530 α
2919 2468 3092 2534 Ecce
3135 2466 3234 2534 sic
3278 2463 3728 2533 benedicetur.
3799 2493 3831 2526 n
3882 2464 4008 2532 Hic
4069 2484 4311 2531 secun-

2758 2571 2949 2657 dum,
2994 2573 3061 2641 in
3111 2596 3247 2665 quo
3295 2572 3591 2641 ostendit
3631 2571 3981 2663 praemissa
4035 2568 4313 2638 benedi-

2755 2681 2998 2748 ctionis
3065 2702 3212 2748 esse
3272 2702 3547 2749 causam
3615 2686 3682 2747 et
3744 2676 4188 2746 beatitudinis
4242 2677 4310 2743 in

2754 2789 3037 2857 timente
3071 2789 3315 2874 Deum,
3352 2798 3418 2858 et
3455 2787 3588 2857 hoc
3619 2789 3686 2856 in
3727 2811 3872 2880 spe.

2842 2899 2959 2966 Ait
3020 2900 3206 2969 enim
3251 2922 3267 2967 :
3314 2897 3429 2967 Sic
3495 2897 3765 2966 labores
3832 2894 4303 2974 manducabiS,

2755 3028 2932 3074 uxor
2968 3005 3343 3075 abundabit
3380 3013 3457 3075 ut
3500 3006 3687 3084 vitis,
3732 3002 3855 3072 filii
3906 3013 3983 3072 ut
4019 3001 4309 3071 novellae

2757 3114 3119 3187 olivarum.
3165 3140 3201 3183 ι
3241 3117 3415 3184 Ecce
3462 3139 3496 3181 »
3542 3137 3704 3206 ergo
3747 3139 3779 3180 ι
3812 3113 3914 3181 sic
3963 3111 4312 3181 benedice—

2755 3237 2894 3311 tur,
2951 3251 2985 3292 »
3046 3224 3156 3295 hic
3212 3225 3283 3293 in
3340 3248 3485 3317 spe,
3560 3252 3590 3289 a
3654 3225 3781 3315 qui
3834 3224 4029 3290 timet
4057 3221 4312 3290 Domi-

2751 3356 2946 3412 num,
2997 3362 3028 3396 ιο
3093 3334 3164 3401 in
3222 3355 3360 3426 quo
3399 3331 3852 3424 praecedentia
3919 3352 4003 3399 ex
4059 3329 4306 3396 timore

2754 3441 3030 3510 Domini
3059 3450 3240 3510 sunt.
3296 3440 3503 3510 Eccli.
3539 3463 3586 3519 1,
3635 3441 3715 3508 13
3761 3461 3776 3506 ε
3825 3439 4118 3507 Timenti
4155 3438 4307 3505 Do-

2752 3551 3016 3618 minum
3070 3548 3231 3617 bene
3265 3549 3397 3617 erit
3434 3549 3506 3616 in
3544 3547 3893 3627 extremis,
3927 3555 3992 3614 et
4037 3546 4108 3613 in
4157 3544 4308 3612 die-

2752 3659 2878 3727 bus
2942 3657 3404 3749 defunctionis
3461 3656 3913 3725 benedicetur.
3967 3654 4078 3739 Et,
4137 3676 4301 3734 xxv,

2755 3771 2836 3837 15
2873 3768 3180 3838 :Beatus
3215 3767 3444 3846 homo,
3486 3767 3603 3835 cui
3638 3765 3976 3833 donatum
4021 3771 4119 3831 est
4172 3763 4306 3831 Ιια-

2752 3877 2904 3947 bcre
2940 3878 3253 3946 timorem
3283 3875 3597 3945 Domini.

2843 4230 2877 4265 ι
2915 4199 3286 4270 Benedicat
3335 4197 3466 4268 tibi
3497 4199 3869 4269 Dominus.
3923 4223 3958 4263 ι
4002 4197 4132 4267 llic
4186 4221 4301 4269 se-

2747 4308 3048 4380 cundum
3095 4306 3412 4377 secundm
3450 4309 3662 4399 partis
3711 4307 3994 4388 Psalmi,
4046 4310 4118 4377 in
4163 4331 4299 4401 qua

2747 4418 3185 4510 subjungitur
3238 4414 3321 4485 de
3362 4416 3649 4508 praemio
3715 4416 4111 4485 timentium
4172 4415 4301 4485 sub

2749 4525 3110 4609 desiderio,
3152 4533 3221 4595 et
3255 4525 3605 4617 optatione
3639 4544 3657 4595 t
3689 4533 3761 4594 et
3786 4524 4112 4595 dicuntur
4137 4524 4300 4595 duo.

2752 4632 3013 4716 Primo,
3045 4636 3236 4724 optat
3265 4631 3530 4701 timenti
3578 4629 3696 4701 tali
3745 4630 4021 4725 qualem
4060 4632 4309 4702 descri-

2749 4740 2909 4832 psit,
2976 4738 3336 4832 praemium
3401 4747 3758 4817 oeternum,
3822 4748 4158 4832 quantum
4218 4739 4308 4809 ad

2749 4844 3183 4937 adeptionem
3216 4843 3442 4913 omnis
3485 4842 3680 4914 boni.
3716 4842 4063 4926 Secundo,
4092 4868 4308 4939 quan-

2753 4960 2900 5023 tum
2937 4950 3024 5021 ad
3070 4951 3523 5023 remotionem
3563 4954 3790 5022 omnis
3847 4954 4037 5035 mali,
4079 4953 4199 5036 ibi,
4235 4954 4306 5022 in

2752 5063 2888 5132 tine
2922 5070 2989 5141 5.
3031 5063 3074 5132 6
3108 5085 3125 5132 t
3158 5090 3193 5125 a
3224 5064 3476 5131 Pacem
3502 5085 3710 5156 super
3745 5062 3990 5133 Israel.
4045 5089 4079 5129 ι

2842 5169 2922 5239 ln
2976 5170 3200 5263 prima
3256 5169 3418 5239 duo.
3480 5168 3743 5250 Primo,
3795 5179 3991 5262 optat
4034 5172 4093 5240 ei
4142 5170 4308 5241 boni

2754 5277 3185 5370 praesentiam
3241 5276 3579 5347 absolute.
3626 5275 3977 5361 Secundo,
4036 5301 4309 5371 compa·

2757 5387 3018 5455 ratione
3076 5386 3165 5454 ad
3219 5385 3418 5465 alios,
3475 5383 3585 5454 vel
3655 5383 3920 5455 bonum
3989 5386 4060 5455 in
4127 5387 4308 5471 aliis,

2756 5494 2874 5574 ibi,
2907 5501 2974 5574 ᾗ.
3007 5493 3050 5562 6
3079 5518 3098 5566 :
3134 5520 3170 5562 ι
3202 5496 3302 5563 Et
3329 5492 3564 5564 videas
3587 5492 3804 5583 filios.
3843 5519 3878 5562 t

2845 5602 2924 5672 In
2956 5604 3180 5696 prima
3225 5602 3388 5672 duo.
3431 5600 3695 5684 Primo,
3738 5610 3925 5697 optat
3976 5606 4037 5675 ei
4091 5604 4316 5677 beati-

2758 5713 3066 5783 tudinem
3104 5719 3441 5805 quantum
3465 5710 3552 5779 ad
3576 5711 3924 5783 affectum.
3961 5713 4306 5793 Secundo,
