5008 6329
1875 245 2584 317 COMMENTARlUS
2635 244 2728 311 IN
2778 242 3218 312 PSALML'M
3272 243 3510 313 CVllI.

1103 425 1257 486 runt
1286 417 1584 485 dicentes
1615 416 1783 485 illud
1828 442 1983 487 cum
2037 420 2369 488 desiderio
2402 425 2468 486 et
2510 418 2650 483 fer-

1102 547 1259 592 vore
1322 546 1336 592 ε
1402 526 1664 592 Emitte
1703 549 1986 594 manum
2036 539 2229 596 tuam
2270 527 2353 594 de
2391 526 2538 592 alto
2598 525 2643 587 ¹.

1101 632 1204 709 Et,
1268 631 1395 698 Isa.
1456 655 1644 714 xxv1,
1704 636 1777 700 ll
1846 657 1860 701 ε
1915 637 2232 712 Domine,
2302 631 2652 699 exaltetur

1102 761 1344 805 manus
1398 749 1544 816 tua,
1592 740 1802 809 Filius
1843 751 1999 810 tuus
2037 742 2289 809 scilicet
2330 741 2395 805 in
2450 758 2648 804 cruce

1102 846 1421 914 elevetur.
1489 847 1747 930 Sciant,
1809 854 2116 942 inquam,
2159 848 2319 915 boni
2379 846 2463 914 ad
2503 845 2651 936 glo·

1103 954 1295 1035 riam,
1341 957 1506 1023 mali
1545 968 1774 1026 autem
1815 958 1899 1026 ad
1943 979 2210 1048 poenam
2246 978 2260 1021 ε
2300 954 2393 1022 illi
2438 977 2650 1044 expe-

1102 1061 1334 1129 riendo
1419 1063 1800 1134 bonitatem
1864 1072 1929 1131 et
2011 1062 2466 1144 dulcedinem,
2536 1062 2645 1129 isti

1101 1171 1453 1240 sentiendo
1480 1173 1844 1262 justitiam.
1876 1171 2079 1238 Joan.
2112 1194 2258 1252 vm,
2292 1173 2376 1238 28
2419 1192 2435 1240 ε
2477 1172 2648 1239 Cum

1101 1278 1572 1346 exaltaveritis
1623 1279 1861 1368 fitium
1935 1278 2257 1360 hominia,
2293 1288 2452 1345 tunc
2499 1300 2652 1367 eoq-

1101 1387 1408 1465 noscetis,
1453 1388 1622 1476 quia
1651 1408 1774 1476 eqo
1802 1408 1979 1465 sum,
2028 1395 2156 1454 etc.

1193 1631 1228 1666 α
1263 1606 1355 1671 Et
1407 1612 1511 1683 tu,
1567 1604 1885 1670 Domine.
1941 1629 1968 1664 υ
2022 1602 2191 1670 Ecce
2246 1599 2647 1669 secundum.

1107 1710 1309 1789 Quasi
1354 1711 1608 1779 diceret
1662 1733 1677 1778 ε
1733 1709 1968 1778 Sciant
2009 1732 2118 1777 me
2151 1732 2428 1776 manum
2473 1731 2647 1790 esse,

1105 1827 1168 1885 et
1185 1820 1425 1897 sciant,
1452 1819 1613 1908 quia
1643 1848 1674 1880 a
1697 1829 1797 1895 tu,
1827 1820 2140 1898 Domine,
2163 1819 2388 1907 fecisti
2406 1839 2584 1901 eam,
2612 1843 2648 1881 >2

1106 1949 1386 1993 manum
1437 1924 1694 1993 scilicet
1745 1946 1760 1991 :
1820 1923 2058 2004 fecisti,
2132 1926 2435 2014 inquam,
2499 1947 2656 1993 car-

1107 2055 1260 2101 nem
1298 2032 1674 2101 secundum
1708 2031 1873 2100 illud
1925 2031 2126 2101 Joan.
2173 2055 2218 2109 ι,
2287 2033 2367 2099 11
2429 2055 2444 2100 :
2494 2033 2655 2100 Ver-

1107 2140 1266 2207 bum
1299 2163 1459 2208 caro
1487 2144 1757 2231 lactum
1787 2150 1905 2210 est.
1945 2140 2074 2209 Isa.
2126 2164 2306 2221 Χιιν,
2340 2143 2380 2208 2
2423 2161 2441 2208 :
2493 2143 2655 2209 lloec

1105 2248 1270 2315 dicit
1332 2250 1676 2316 Dominus
1729 2249 1991 2338 faciens
2038 2259 2102 2316 et
2146 2250 2531 2337 reformans
2560 2258 2648 2327 te,

1103 2356 1189 2424 ab
1236 2366 1428 2423 utero
1504 2357 1898 2426 auxiliator
1943 2367 2129 2425 tuus.
2197 2356 2414 2425 Nemo
2463 2357 2648 2424 enim

1103 2473 1327 2556 posset
1385 2464 1573 2532 illam
1614 2466 2127 2556 generationem
2188 2472 2325 2532 tam
2381 2463 2655 2531 mirabi-

1105 2571 1234 2640 lem
1276 2570 1536 2649 iecisse,
1581 2572 1711 2640 nisi
1743 2581 1842 2650 tu,
1878 2574 2017 2641 imo
2048 2595 2172 2641 nec
2201 2573 2648 2660 excogitasse,

1102 2703 1225 2747 nec
1249 2687 1480 2771 posset
1517 2678 1740 2749 adhuc
1786 2680 2146 2772 explicare.
2192 2678 2321 2748 lsa.
2375 2701 2513 2756 mu,
2548 2682 2588 2745 8
2630 2699 2646 2745 :

1107 2788 1624 2855 Gener-ationem
1716 2787 1872 2878 ejus
1972 2788 2128 2877 quis
2208 2786 2560 2854 enarrabit
2613 2784 2655 2853 ?

1108 2896 1391 2987 l‘ropter
1435 2895 1569 2964 hoc
1612 2897 1884 2988 petebat
1922 2895 2457 2975 EcclesiasticuS,
2523 2895 2653 2964 Ec-

1101 3004 1209 3073 cli.
1240 3028 1475 3087 xxxw,
1518 3007 1556 3072 7
1594 3029 1610 3074 ε
1661 3007 1994 3094 Glorifica
2033 3028 2342 3086 manum,
2375 3017 2439 3074 et
2486 3005 2653 3074 bra-

1100 3111 1330 3180 chium
1370 3112 1718 3181 dextrum.

1195 3459 1228 3499 e
1271 3433 1688 3503 Maledicent
1754 3436 1890 3505 illi.
1955 3463 1990 3503 s
2051 3437 2176 3507 llic
2230 3440 2446 3531 tangit
2493 3463 2655 3531 spe-

1105 3542 1307 3612 ciales
1339 3546 1407 3612 in
1451 3544 1649 3613 malis
1690 3566 1707 3614 τ
1744 3554 1811 3614 et
1839 3545 1969 3615 hoc
2010 3549 2256 3640 primo.
2303 3547 2650 3652 Secundo⁹

1106 3652 1174 3719 in
1203 3651 1428 3731 bonis,
1463 3652 1584 3734 ibi,
1617 3661 1679 3730 ir.
1726 3658 1812 3722 30
1846 3678 1862 3723 :
1904 3684 1937 3717 «ι
1979 3654 2370 3744 Confitebor
2413 3661 2655 3727 Domi-

1107 3783 1218 3829 no.
1266 3787 1301 3825 ι

1196 3868 1272 3937 In
1302 3871 1523 3960 prima
1563 3868 1882 3939 dicuntur
1919 3871 2082 3947 duo,
2121 3874 2493 3943 secundum
2533 3877 2654 3945 du·

1109 3974 1258 4066 plex
1324 3975 1584 4045 malum
1652 3977 1836 4070 quod
1919 3979 2228 4069 sequitur
2290 3980 2358 4048 in
2425 3981 2647 4051 malis.

1111 4080 1365 4163 l’rimo,
1409 4081 1668 4151 malum
1713 4082 1956 4174 culpae.
2012 4084 2353 4168 Secundo,
2404 4110 2648 4179 poenae,

1110 4188 1224 4263 ihi,
1259 4217 1291 4250 «ι
1332 4191 1470 4275 Qui
1500 4190 1892 4281 insurqunt.
1938 4216 1973 4256 ι

1195 4294 1582 4365 Maledictio
1664 4319 1801 4389 qua
1890 4297 2294 4368 maledicent
2377 4301 2651 4374 Christo

1109 4402 1399 4472 inaniter
1439 4427 1457 4472 :
1500 4402 1681 4472 unde
1712 4404 2014 4496 tangitur
2040 4428 2278 4474 eorum
2320 4409 2594 4479 miseria
2629 4434 2647 4481 τ

1108 4520 1173 4579 et
1224 4520 1459 4603 postea
1513 4513 1744 4604 agitur
1778 4512 1860 4582 «le
1916 4513 2164 4583 Christi
2221 4514 2465 4606 gloria,
2527 4519 2647 4601 ibi,

1113 4644 1148 4684 ι
1186 4621 1283 4689 Et
1318 4630 1397 4687 tu
1428 4618 1798 4689 benedices.
1836 4646 1872 4689 ι

1193 4729 1309 4797 Ait
1345 4752 1509 4821 ergo
1544 4749 1562 4800 ε
1620 4729 1735 4799 Sic
1772 4753 2013 4800 omnes
2058 4730 2298 4811 scient,
2331 4740 2397 4802 et
2428 4762 2461 4795 «
2536 4733 2655 4805 illi

1109 4835 1538 4914 maledicent,
1574 4864 1610 4907 ι
1653 4837 1906 4908 scilicet
1945 4839 2271 4930 perversi,
2304 4849 2367 4909 et
2401 4843 2470 4909 in
2501 4865 2654 4910 ma-

1108 4942 1250 5014 litia
1278 4945 1632 5025 obstinati,
1665 4956 1731 5016 et
1761 4946 1927 5016 mihi
1969 4948 2039 5016 in
2067 4969 2204 5026 me,
2235 4956 2303 5016 et
2341 4949 2408 5018 in
2441 4973 2656 5019 mem-

1109 5051 1244 5122 bris
1283 5054 1479 5138 meis,
1530 5053 1897 5123 deteriores
1938 5054 2244 5135 Balaam,
2287 5056 2400 5146 qui
2448 5057 2656 5127 time-

1112 5156 1220 5226 bat
1296 5158 1700 5227 maledicere
1765 5157 2020 5251 populo
2115 5159 2266 5239 Dei,
2361 5159 2650 5231 Numer.

1112 5287 1298 5345 xxm,
1340 5268 1383 5333 8
1425 5288 1442 5335 ε
1501 5266 1857 5352 Quomodo
1905 5267 2313 5336 maledicam
2367 5270 2482 5336 cui
2517 5292 2653 5338 non

1112 5371 1477 5441 maledixit
1503 5373 1851 5442 Dominus
1869 5369 1913 5440 P

1183 5609 1200 5645 ¹
1233 5606 1387 5669 Psala
1416 5623 1611 5677 cxun,
1639 5610 1692 5664 7.

4198 246 4319 312 159

2851 442 2883 473 κ
2932 417 3027 482 Et
3074 426 3150 483 tu
3200 414 3567 490 benediceS,
3653 436 3686 476 n
3749 434 3989 479 eorum
4040 414 4323 480 maledi-

2756 523 3056 589 ctionem
3124 524 3192 589 in
3251 521 3794 588 benedictionem
3824 520 4315 600 convertendo,

2756 630 2932 697 sicut
2958 629 3042 697 de
3074 629 3551 696 maledictione
3583 628 3865 696 Balaam
3891 630 4144 697 factum
4163 630 4312 707 fuit,

2758 736 3042 804 Numer.
3079 758 3274 818 xxm,
3310 738 3349 802 ὃ
3390 758 3406 802 :
3456 737 3663 802 Vertit
3711 737 4056 804 Dominus
4093 736 4319 804 male-

2755 844 3125 911 dictionem
3180 841 3337 930 ejus
3397 845 3468 909 in
3519 843 4049 911 benedictionem
4089 853 4307 911 tuam.

2759 950 3129 1029 Quomodo
3165 960 3394 1017 autem
3426 950 3558 1018 hoc
3590 951 3732 1035 liat,
3768 951 4037 1030 dicitur,
4072 951 4312 1021 Matth.

2754 1082 2824 1136 v,
2867 1060 2939 1124 11
2992 1081 3005 1124 :
3042 1060 3247 1126 Beati
3275 1060 3465 1126 eritis
3493 1080 3648 1126 cum
3688 1059 4181 1127 maledixerint
4210 1083 4323 1128 vo·

2760 1166 3208 1247 bis-,homines
3229 1168 3578 1247 scilicet,et
3598 1167 4314 1260 exprobraverint,etc.

2853 1408 2885 1442 «
2933 1382 3073 1466 Qui
3128 1383 3500 1472 insurqunt
3554 1385 3626 1450 in
3692 1406 3823 1460 me,
3877 1409 3912 1446 »
3971 1382 4083 1450 vel
4139 1406 4320 1451 nunc

2759 1497 2916 1556 ante
2948 1488 3572 1573 Resurrectionem,
3597 1490 3708 1559 vel
3740 1499 3919 1582 post,
3968 1517 3998 1553 α
4026 1494 4319 1580 consun-

2759 1598 3043 1677 dantnr‚
3091 1626 3124 1660 »
3170 1598 3288 1667 illa
3327 1599 3754 1679 confusione,
3790 1600 3873 1669 de
3914 1623 4075 1691 qua,
4108 1600 4315 1670 Eccli.

2760 1729 2852 1785 nv,
2878 1709 2964 1774 25
3000 1729 3014 1773 ε
3051 1711 3182 1775 Est
3218 1709 3532 1795 confusio
3564 1709 3909 1777 adducens
3928 1719 4314 1801 peecatum,

2760 1817 3206 1906 impatientia}
3269 1817 3527 1886 scilicet
3564 1826 3634 1887 et
3693 1817 4156 1910 blasphemiae.
4197 1820 4320 1888 Je-

2759 1945 2929 1991 rem.
2997 1946 3168 2004 xvn,
3251 1925 3329 1991 18
3382 1945 3400 1992 :
3449 1925 3994 2014 Consundantur
4042 1927 4167 2016 qui
4212 1948 4318 1993 me

2752 2041 3288 2122 persequuntur,
3356 2042 3420 2099 et
3465 2054 3601 2099 non
3684 2033 4080 2122 confundar
4159 2054 4304 2124 eqo.

2760 2138 2871 2221 Et,
2968 2138 3039 2205 in
3105 2137 3290 2205 Psal.
3361 2161 3471 2214 Lu,
3535 2140 3576 2206 6
3655 2161 3671 2206 :
3746 2141 4038 2229 Consus-i
4122 2149 4311 2218 sunt,

2756 2247 3091 2338 quoniam
3130 2247 3319 2315 Deus
3345 2248 3605 2338 sprevit
3634 2271 3768 2316 eos,

2850 2380 2885 2420 ι
2926 2357 3182 2424 Servus
3220 2365 3452 2423 autem
3502 2365 3687 2439 tuuS,
3751 2383 3786 2420 n
3839 2379 3967 2447 ego
4027 2355 4309 2438 scilicet,

2758 2490 2880 2558 per
2917 2468 3313 2557 oppositum
3349 2495 3382 2530 α
3428 2466 3803 2548 Iaetabitur,
3865 2492 3900 2532 s
3944 2467 4050 2535 vel
4093 2468 4161 2534 in
4201 2490 4317 2535 se-

2760 2576 2933 2663 ipso,
2975 2571 3085 2640 vel
3128 2577 3197 2641 in
3219 2571 3549 2642 membris
3588 2574 3751 2642 suis.
3799 2574 3878 2642 ln
3900 2598 3997 2654 se,
4040 2583 4317 2665 propter

2756 2681 3113 2750 victoriam
3172 2681 3257 2748 de
3322 2681 3641 2750 inimicis.
3704 2682 3951 2773 Supra,
4008 2683 4077 2750 in
4128 2680 4310 2750 l'sal.

2755 2810 2893 2871 cm,
2927 2790 3005 2855 31
3047 2811 3063 2856 :
3096 2786 3486 2856 Laetabitur
3510 2790 3857 2856 Dominus
3889 2790 3958 2855 in
3997 2788 4316 2880 operibus

2752 2898 2923 2966 suis.
2967 2895 3052 2964 Et
3079 2906 3283 2965 vocat
3321 2920 3393 2965 se
3424 2919 3704 2967 servum
3752 2895 4065 2965 Christus
4104 2920 4315 2990 prop·
4421 2913 4578 2964 oum

2756 3012 2861 3073 ter
2905 3004 3274 3097 perfectam
3323 3004 3810 3087 obedientiam,
3866 3027 4021 3096 quae
4068 3003 4196 3072 suit
4241 3006 4312 3073 in
4384 2966 4618 3064 §gf-‘⁸⁸⁸3

2756 3113 2932 3204 ipso,
2975 3111 3082 3181 Ad
3134 3110 3384 3203 Philip.
3435 3135 3502 3188 ιι,
3546 3113 3590 3180 8
3640 3132 3657 3181 :
3721 3113 3977 3181 Factus
4022 3122 4122 3181 est
4162 3111 4315 3181 obe·
4384 3082 4613 3120 urs-amo

2755 3222 2949 3288 diens
2979 3244 3193 3313 usque
3247 3220 3346 3288 ad
3378 3228 3690 3289 mortem.
3749 3219 4041 3312 Propter
4077 3244 4311 3289 veram

2756 3328 3246 3409 humilitatem,
3288 3327 3531 3397 Matth.
3601 3352 3698 3415 xi,
3731 3329 3817 3399 29
3879 3348 3898 3398 ε
3957 3328 4217 3397 Discite
4269 3352 4314 3397 a

2757 3463 2888 3522 me,
2949 3442 3119 3532 quia
3180 3441 3371 3509 mitis
3423 3463 3579 3508 sum
3636 3449 3701 3506 et
3752 3440 4047 3508 Immitis
4086 3440 4307 3508 corde.

2758 3546 3050 3640 Propter
3095 3547 3672 3616 ministrationem
3725 3567 3742 3614 :
3790 3544 3935 3615 haec
3980 3555 4082 3615 est
4127 3547 4312 3615 enim

2756 3677 3141 3723 servorum.
3186 3652 3431 3724 Matth.
3475 3677 3593 3732 xx,
3627 3655 3714 3722 28
3756 3676 3775 3723 ε
3824 3652 4053 3722 Filius
4096 3654 4317 3721 homi-

2756 3765 2864 3831 nis
2892 3786 3030 3831 non
3059 3764 3244 3830 venit
3281 3764 3692 3842 ministrari,
3723 3761 3849 3829 sed
3891 3762 4309 3831 ministrare.

2758 3869 3130 3937 Loetabitur
3154 3870 3363 3938 etiam
3395 3870 3466 3937 in
3497 3865 3823 3937 membris
3863 3871 4033 3946 suis,
4066 3891 4318 3938 secun-

2757 3974 2921 4042 dum
2964 3974 3132 4043 illud
3165 3973 3296 4044 lsa.
3332 3998 3488 4053 mxv,
3541 3976 3621 4043 14
3665 3976 3914 4045 :Servi
3941 3977 4078 4043 mei
4116 3975 4317 4043 laeta-

2758 4082 3043 4171 buntur,
3084 4092 3150 4151 et
3189 4108 3307 4153 cos
3332 4083 3882 4175 confundemini.

2849 4428 2882 4468 e
2953 4402 3356 4472 Induantur
3417 4404 3542 4495 qui
3598 4401 3997 4471 detrahunt.
4073 4427 4108 4467 s
4181 4401 4311 4471 llic
4437 4419 4565 4487 ὀ

2755 4510 3195 4601 subjungitur
3262 4510 3345 4578 de
3419 4508 3627 4578 modo
3692 4508 4137 4578 confusionis.
4227 4508 4315 4576 Et

2756 4620 3010 4713 primo,
3050 4617 3238 4710 quod
3283 4617 3657 4688 evidenter.
3721 4617 4067 4700 Secundo,
4123 4616 4309 4709 quod

2756 4728 3081 4812 totaliter,
3150 4729 3336 4796 intus
3407 4728 3693 4807 scilicet,
3761 4733 3833 4796 et
3895 4736 4117 4812 extra,
4186 4726 4307 4809 ibi,

2759 4864 2795 4902 ι
2834 4839 2924 4905 ΕΙ
2960 4836 3387 4928 operiantur.
3427 4861 3462 4901 n

2846 4942 3028 5011 Dicit
3056 4964 3223 5033 ergo
3260 4964 3277 5011 ε
3321 4941 3438 5010 Sic
3472 4943 3640 5027 dixi,
3673 4940 3860 5035 quod
3887 4941 4315 5012 confunden-

2758 5059 2870 5120 tur
2909 5048 3282 5119 adversarii
3318 5070 3335 5116 ε
3378 5056 3449 5118 et
3486 5046 3621 5118 hoc
3658 5049 3755 5119 sic
3803 5049 3948 5129 fiat,
3991 5049 4174 5139 quod
4215 5050 4316 5120 illi

2771 5185 2802 5222 ι
2843 5158 2967 5248 qui
3003 5155 3381 5225 detrahunt
3425 5155 3622 5234 milti,
3667 5155 4055 5225 induantur
4084 5157 4317 5250 pudo-

2759 5290 2854 5334 re.
2900 5289 2936 5332 ι
2969 5262 3152 5333 l'sal.
3193 5285 3435 5347 xxxiv,
3467 5268 3553 5330 215
3587 5263 4036 5332 :Induantur
4076 5268 4321 5357 consu-

2755 5373 2947 5440 sione
2972 5382 3038 5440 et
3090 5372 3466 5440 reverentia
3503 5371 3631 5463 qui
3666 5369 3983 5463 maliqna
4023 5371 4320 5465 loquun-
