5008 6329
2378 261 2790 332 PSALMUS
2842 263 2980 332 Cll.
4248 268 4326 332 19

2395 792 2855 868 PSALMUS
2898 795 3057 867 CII.

1655 1129 1914 1199 Omnes
1967 1137 2349 1197 creaturas
2390 1127 2655 1198 invitat
2710 1127 2806 1197 ad
2844 1127 3211 1199 recolenda
3241 1130 3380 1200 Dei
3425 1124 3791 1222 beneficia.

1172 1491 1226 1535 1.
1281 1468 1440 1559 Ipsi
1468 1466 1736 1536 David.

1300 1573 1647 1653 Benedic,
1692 1572 1943 1643 anima
2001 1595 2190 1653 mea,
2237 1571 2582 1651 Domino,
2612 1588 2682 1642 et

1384 1677 1637 1750 omnia
1687 1702 1850 1773 quae
1930 1681 2117 1751 intra
2151 1701 2268 1750 me
2306 1698 2479 1749 sunt
2547 1701 2683 1748 no-

1385 1788 1570 1859 mini
1603 1805 1854 1859 sancto
1886 1788 2066 1878 ejus.

1162 1918 1229 1965 2.
1291 1894 1632 1973 Benedic,
1677 1895 1921 1964 anima
1970 1916 2157 1979 mea,
2217 1893 2558 1967 Domino.
2611 1910 2680 1963 et

1391 2000 1542 2074 noii
1584 2001 1916 2072 oblivisci
1957 2023 2215 2071 omnes
2265 2001 2679 2072 retributio-

1387 2132 1517 2180 nes
1565 2109 1722 2198 ejus
1760 2132 1777 2177 :

1158 2220 1226 2289 3.
1281 2216 1433 2308 Qui
1486 2216 1926 2308 propitiatur
1978 2216 2325 2286 omnibus
2406 2214 2682 2307 iniqui-

1385 2327 1662 2396 tatibus
1703 2325 1876 2405 tuis.
1967 2325 2096 2417 qui
2168 2342 2373 2395 sanat
2421 2345 2678 2394 omnes

1386 2431 1851 2504 infirmitates
1881 2450 2090 2503 tuas:

1155 2563 1228 2628 4.
1284 2538 1437 2631 Qui
1526 2539 1823 2612 redimit
1890 2540 1980 2611 de
2065 2538 2363 2610 interitu
2453 2538 2677 2609 vitam

1384 2667 1615 2732 tuam,
1711 2645 1836 2739 qui
1889 2665 2188 2717 coronat
2237 2666 2306 2717 te
2348 2646 2421 2716 in
2465 2645 2678 2715 mise-

1384 2752 1699 2825 ricordia
1720 2772 1791 2823 et
1820 2752 2446 2824 miserationibus:

1159 2867 1226 2935 5.
1283 2860 1435 2952 Qui
1516 2860 1745 2954 replet
1813 2858 1882 2931 in
1945 2859 2159 2930 bonis
2228 2858 2672 2930 desiderium

1383 2987 1599 3041 tuum
1672 2991 1689 3038 :
1760 2969 2229 3040 renovabitur
2282 2987 2360 3039 ut
2416 2968 2675 3062 aquilo

1384 3077 1735 3170 juventus
1764 3094 1915 3148 tua.

1153 3187 1223 3257 6.
1284 3183 1590 3256 Faciens
1665 3185 2202 3255 misericordias
2286 3184 2673 3270 Dominus,

1379 3311 1451 3363 et
1501 3291 1857 3381 judicium
1916 3292 2265 3363 omnibus
2333 3292 2672 3382 injuriam

1386 3397 1859 3493 patientibus.

1156 3531 1223 3601 7.
1281 3506 1519 3578 Notas
1555 3505 1722 3578 fecit
1775 3506 1928 3578 vias
1974 3530 2143 3578 suas
2184 3507 2452 3601 Moysi,
2507 3506 2674 3578 filiis

1391 3614 1615 3685 Israel
1657 3618 2069 3687 voluntates
2098 3638 2291 3686 suas.

1151 3722 1222 3792 8.
1274 3721 1667 3793 Miserator
1692 3739 1763 3791 et
1793 3720 2209 3792 misericors
2264 3719 2669 3792 Dominus:

1379 3826 1852 3920 longanimis,
1914 3846 1983 3897 et
2053 3829 2370 3899 multum
2448 3827 2676 3898 mise-

1382 3935 1681 4009 ricors¹.

1146 4066 1219 4137 9.
1277 4043 1449 4114 Non
1493 4043 1563 4112 in
1604 4060 2040 4136 perpetuum
2090 4041 2466 4126 irascetur,
2547 4064 2670 4112 ne·

1368 4171 1515 4243 que
1556 4148 1633 4221 in
1675 4167 2032 4221 oeternum
2072 4147 2668 4220 comminabitur.

1111 4283 1224 4330 to.
1269 4259 1444 4329 Non
1486 4257 1897 4330 secundum
1929 4274 2219 4350 peccata
2270 4273 2520 4327 nostra
2569 4254 2669 4326 fe·

1367 4363 1470 4438 cit
1509 4363 1751 4446 nobis,
1813 4384 2053 4456 neque
2092 4363 2503 4435 secundum
2528 4360 2672 4432 ini-

1371 4470 1692 4566 quitates
1725 4487 2013 4541 nostras
2056 4466 2392 4542 retribuit
2427 4466 2665 4540 nobis.

1111 4597 1220 4648 11.
1277 4575 1658 4669 Quoniam
1721 4577 2133 4650 secundum
2201 4575 2668 4649 altitudinem

1371 4685 1538 4758 coeli
1556 4709 1598 4758 a
1630 4704 1846 4774 terra,
1873 4685 2369 4760 corroboravit
2391 4685 2671 4759 miseri·

1367 4791 1697 4864 cordiam
1719 4814 1930 4865 suam
1950 4779 2172 4886 super
2197 4792 2540 4864 timentes
2561 4814 2662 4863 se:

1110 4918 1221 4972 ια.
1276 4897 1666 4992 Quantum
1698 4897 1920 4970 distat
1949 4915 2160 4970 ortus
2195 4899 2288 4970 ab
2324 4897 2670 4970 occiden-

1375 5024 1473 5087 te,
1559 5005 1774 5099 longe
1810 5003 1976 5077 fecit
2032 5027 2074 5076 a
2121 5002 2338 5076 nobis
2387 5002 2667 5098 iniqui-

1375 5130 1562 5185 tates
1591 5129 1906 5186 nostras.

1175 5377 1196 5414 ¹
1225 5370 1416 5433 Exod.
1446 5389 1640 5444 xxxiv,
1666 5377 1743 5447 ος
1774 5376 2017 5434 Numer.
2039 5393 2159 5446 nv.
2182 5377 2270 5437 ¹8.

2799 1467 2905 1535 13.
2959 1465 3350 1555 Quomodo
3427 1468 3816 1539 miseretur
3880 1486 4082 1558 pater
4148 1464 4333 1534 filio·

3056 1594 3244 1656 rum,
3287 1575 3628 1646 misertus
3678 1593 3786 1646 est
3840 1573 4201 1644 Dominus
4240 1572 4338 1641 ti-

3055 1682 3420 1752 mentibus
3468 1707 3544 1753 se
3596 1707 3611 1750 :

2802 1810 2904 1874 ¹4·
2961 1787 3329 1877 Quoniam
3363 1791 3513 1882 ipse
3544 1790 3881 1883 cognovit
3905 1790 4330 1881 figmentum

3055 1915 3411 1968 nostrum:

2973 2001 3419 2073 Recordatus
3486 2024 3593 2076 est
3677 2006 4027 2098 quoniam
4089 2008 4334 2102 pulvis

3057 2130 3311 2178 sumus
3364 2133 3380 2178 :

2802 2219 2906 2285 15.
2964 2215 3233 2293 Homo,
3302 2216 3488 2287 sicut
3561 2217 3840 2288 soenum
3915 2220 4071 2290 dies
4109 2221 4326 2311 ejus:

3051 2341 3423 2416 tamquam
3472 2324 3605 2395 flos
3660 2326 3812 2419 agri
3889 2327 3992 2399 sic
4049 2328 4336 2401 efflore-

3054 2430 3183 2500 bit.

2797 2539 2904 2608 16.
2940 2536 3311 2629 Quoniam
3368 2540 3669 2634 spiritus
3727 2545 4200 2636 pertransibit
4256 2547 4328 2617 in

3052 2646 3199 2729 illo,
3235 2667 3301 2717 et
3357 2670 3500 2718 non
3552 2650 3903 2722 subsistet
3967 2675 3983 2721 ε
4054 2673 4124 2725 et
4186 2676 4332 2723 non

3048 2774 3431 2845 cognoscet
3459 2755 3775 2850 amplius
3809 2758 4050 2830 locum
4082 2783 4326 2831 suum.

2795 2882 2899 2951 ¹7·
2953 2859 3446 2932 Misericordia
3525 2881 3772 2934 autem
3862 2865 4160 2937 Domini
4236 2869 4329 2938 ab

3048 2984 3343 3050 aeterno,
3401 2986 3472 3040 et
3535 2992 3766 3062 usque
3837 2970 3910 3042 in
3976 2990 4330 3045 aeternum

3049 3095 3267 3166 super
3314 3073 3654 3146 timentes
3690 3098 3887 3148 eum.

2964 3175 3053 3246 Et
3092 3176 3366 3265 justitia
3400 3180 3595 3251 iilius
3647 3180 3718 3252 in
3758 3182 3945 3253 filios
3980 3182 4325 3266 filiorum,

2793 3284 2897 3352 18.
2956 3283 3091 3353 His
3113 3284 3239 3375 qui
3273 3306 3558 3358 servant
3594 3306 4110 3360 testamentum
4143 3291 4325 3380 ejus,

2962 3389 3051 3460 Et
3084 3413 3441 3465 memores
3471 3413 3642 3467 sunt
3670 3397 4186 3470 mandatorum
4215 3400 4333 3494 ip-

3046 3499 3224 3585 sius,
3259 3500 3350 3570 ad
3399 3501 3811 3575 faciendum
3842 3526 3949 3575 ea.

2790 3630 2897 3700 ¹9·
2956 3606 3312 3678 Dominus
3375 3608 3447 3679 in
3499 3611 3687 3682 coelo
3744 3612 4022 3703 paravit
4076 3614 4326 3687 sedem

3046 3736 3280 3794 suam,
3338 3732 3408 3786 et
3458 3737 3763 3809 regnum
3815 3719 4051 3811 ipsius
4088 3722 4321 3794 omni·

3048 3822 3182 3894 bus
3219 3823 3739 3898 dominabitur.

2783 3948 2898 4000 ao.
2957 3929 3365 4003 Benedicite
3410 3932 3751 4019 Domino,
3783 3956 4042 4007 omnes
4079 3937 4320 4031 angeli

3045 4035 3224 4125 ejus.
3287 4057 3619 4132 potentes
3643 4040 3939 4124 virtute,
3980 4041 4325 4116 facientes

3044 4144 3345 4215 verbum
3415 4144 3639 4229 iilius.
3718 4147 3811 4217 ad
3883 4147 4326 4220 audiendam

3043 4270 3290 4320 vocem
3314 4271 3740 4323 sermonum
3779 4253 3963 4344 eius.

2781 4378 2896 4430 αι.
2955 4359 3364 4432 Benedicite
3420 4360 4046 4447 Domino,omnes
4094 4365 4327 4439 virtu-

3041 4481 3149 4535 tes
3168 4464 3351 4557 ejus,
3374 4465 3694 4539 ministri
3728 4465 3912 4559 ejus,
3938 4468 4066 4562 qui
4090 4469 4326 4543 facitis

3041 4573 3487 4646 voluntatem
3525 4572 3710 4664 eius.

2779 4698 2896 4750 υ.
2951 4680 3362 4753 Benedicite
3400 4681 3745 4765 Domino,
3799 4683 4049 4755 omnia
4102 4706 4325 4779 opera

3039 4785 3218 4874 ejus,
3299 4787 3371 4859 in
3410 4787 3614 4860 omni
3672 4789 3832 4860 loco
3879 4789 4329 4863 dominatio-

3041 4895 3155 4966 nis
3201 4893 3382 4986 ejus.

2959 5000 3299 5089 Benedic,
3340 5001 3586 5075 anima
3614 5025 3804 5089 mea,
3841 5005 4185 5078 Domino.
