5008 6329
1963 364 2673 435 COMMENTARIUS
2723 365 2816 431 1Ν
2864 366 3302 436 PSALMUM
3353 368 3628 436 CXVII.

1194 533 1386 612 tudo,
1438 543 1504 602 et
1558 535 1737 603 bona
1803 540 2138 628 operatio,
2184 561 2334 629 quae
2385 541 2453 605 in
2483 536 2750 605 Cheru-
2853 558 3164 626 reguum.
3244 536 3408 605 Luc.
3467 562 3655 619 xxiv,
3728 539 3816 605 6:
3901 538 4227 628 Oportuit
4248 540 4408 628 pati

1191 639 1362 720 bim,
1397 651 1463 709 et
1493 643 1721 733 palma
1766 654 2185 715 monstratur
2215 651 2255 712 ¹.

1285 776 1317 815 α
1361 754 1721 842 Inqressus
1797 759 1868 824 in
1943 781 2082 836 eas,
2151 784 2183 818 n
2227 763 2292 821 et
2355 755 2557 820 sicin
2615 752 2745 819 fide

1189 856 1512 936 existens,
1597 886 1631 922 «
1683 861 2055 949 confitebor
2109 859 2434 936 Domino,
2478 884 2510 917 υ
2577 877 2745 923 008-

1186 963 1480 1032 sessione
1518 965 1701 1047 fidei,
1745 976 1811 1035 et
1839 967 2087 1049 laudiS,
2130 964 2211 1032 de
2262 986 2397 1054 qua
2442 963 2745 1053 Aposto-

1184 1069 1314 1150 lus,
1351 1074 1436 1143 ad
1467 1074 1761 1143 Roman.
1806 1098 1872 1152 x,
1915 1075 2035 1141 10:
2077 1072 2292 1141 Corde
2320 1071 2622 1138 creditur
2649 1072 2747 1138 ad

1171 1179 1563 1268 justitiam,
1596 1204 1714 1248 ore
1752 1189 1985 1247 autem
2023 1179 2353 1268 consessio
2390 1178 2474 1266 fit
2504 1177 2601 1244 ad
2631 1201 2741 1245 sa-

1186 1285 1423 1354 lutem.
1487 1288 1685 1354 Fides
1760 1287 1944 1353 euim
1993 1307 2079 1352 ex
2118 1285 2353 1353 auditu
2390 1305 2734 1352 sacrarum

1184 1393 1694 1484 Scripturarum
1748 1400 1873 1461 est.
1920 1392 2104 1462 Psal.
2155 1416 2271 1472 κν,
2322 1392 2404 1458 7:
2441 1390 2736 1458 Benedi-

1180 1523 1334 1567 cam
1364 1501 1766 1577 Dominum,
1800 1502 1925 1590 qui
1959 1499 2204 1566 tribuit
2251 1498 2425 1564 milli
2459 1495 2733 1564 intelle-

1057 1629 1088 1687 ·,
1176 1619 1387 1687 ctum,
1426 1608 1811 1700 Scripturas
1849 1608 2244 1700 aperiendo,
2299 1629 2499 1674 suum
2548 1607 2731 1673 euim

1176 1726 1300 1785 est.
1338 1718 1500 1786 Luc.
1547 1742 1735 1798 xxiv,
1771 1719 1901 1785 27:
1944 1715 2538 1808 Interpretabatur
2584 1714 2732 1782 illis

1177 1826 1247 1891 in
1287 1825 1606 1893 omnibus
1634 1825 2040 1916 Scripturis,
2084 1831 2210 1892 etc.

929 2161 1057 2229 ’o
1269 2173 1302 2214 ι
1334 2147 1498 2215 llaec
1546 2156 1752 2238 porta
1807 2145 2114 2214 Domini.
2163 2169 2194 2209 ι
2255 2143 2383 2212 1110
2420 2145 2722 2219 tertium,

829 2261 1019 2374 &2¹3
1037 2275 1147 2362 ¹333
1174 2256 1244 2323 in
1275 2278 1414 2346 quo
1445 2255 1887 2345 subjungitur
1915 2251 2269 2342 cujusdam
2299 2261 2514 2341 portae
2544 2272 2729 2318 com-

852 2369 917 2414 ·d
954 2372 1115 2416 ⁰⁸⁰oe-
1173 2364 1546 2442 mendati0,
1589 2363 1675 2430 ad
1714 2385 1923 2453 quam
1974 2361 2228 2428 ducunt
2255 2357 2410 2428 itlae.

1262 2470 1470 2551 Quasi
1532 2471 1826 2539 diceret:
1893 2467 2009 2537 Sic
2065 2469 2410 2558 ingressus
2441 2464 2726 2534 confite-

1171 2577 1297 2645 bor
1349 2577 1680 2656 Domino,
1741 2574 2040 2658 Christo,
2102 2581 2167 2642 et
2224 2603 2255 2636 «
2300 2573 2461 2650 liaec,
2519 2596 2552 2637 ι
2623 2581 2726 2640 est

1171 2708 1204 2749 ι
1227 2692 1440 2774 porta
1470 2682 1783 2761 Domini,
1820 2705 1853 2746 ι
1892 2682 2037 2771 ipse
2073 2679 2330 2748 scilicet
2384 2677 2716 2747 Christus.

1163 2794 1318 2881 qu
1346 2813 1502 2859 sum
1531 2791 1811 2860 ostium.
1845 2791 1984 2857 Per
2012 2811 2120 2856 me
2142 2790 2207 2856 si
2241 2789 2397 2879 quis
2440 2788 2721 2855 introie-

1159 2900 1277 2979 rit,
1335 2897 1771 2966 svalvabitur
1798 2894 1847 2965 ⁸.
1893 2924 1928 2961 α
1993 2897 2183 2965 lusti
2241 2894 2595 2964 intrabunt
2647 2897 2717 2962 in

1158 3028 1338 3086 eam,
1377 3030 1410 3071 ι
1462 3005 1922 3098 ingredientes
1969 3004 2054 3073 ad
2102 3012 2425 3073 aeternam
2473 3003 2710 3071 vitam.

1158 3112 1443 3205 Apocal.
1477 3136 1645 3195 xxu,
1697 3113 1818 3181 14:
1872 3113 2076 3181 Beati
2123 3112 2247 3204 qui
2297 3109 2534 3180 lavant
2575 3121 2714 3179 sto·

1160 3222 1266 3290 las
1301 3245 1467 3290 suas
1494 3223 1563 3288 in
1600 3222 1945 3311 sanquine
1972 3220 2181 3310 Aqui,
2225 3229 2382 3287 ut...
2410 3241 2537 3310 per
2556 3241 2718 3310 por-

1155 3340 1262 3395 tas
1290 3331 1568 3410 intrent,
1602 3326 1950 3396 Christum
2010 3326 2287 3405 scilicet,
2332 3327 2403 3393 in
2467 3328 2714 3394 civita-

1155 3450 1312 3506 teen.
1353 3438 1526 3506 vide
1556 3461 1722 3529 ergo
1766 3437 2155 3527 diligenter,
2206 3436 2391 3527 quod
2437 3435 2711 3527 Scripu-

1154 3570 1243 3614 rae
1299 3555 1460 3614 sunt
1526 3555 1741 3636 portui
1818 3544 2138 3612 veniendi
2185 3544 2270 3611 ad
2324 3542 2479 3611 fidei
2510 3544 2711 3633 justi-

1150 3655 1345 3721 tiam.
1384 3653 1580 3722 Fides
1613 3674 1846 3721 rursus
1875 3660 2073 3744 porta
2110 3659 2213 3719 est
2258 3651 2576 3720 veniendi
2621 3652 2707 3720 ad

1150 3761 1521 3837 Christum,
1558 3770 1625 3829 et
1656 3759 1967 3828 Christus
2008 3768 2205 3851 porta
2257 3758 2572 3827 veniendi
2620 3759 2706 3827 ad

1146 3870 1397 3939 Deum.
1440 3869 1581 3937 llas
1620 3891 1864 3938 omnes
1893 3877 2127 3960 portas
2154 3865 2287 3935 hoc
2324 3866 2562 3936 ordine
2592 3868 2706 3936 in-

1143 3979 1453 4071 greditur
1479 3979 1712 4046 anima
1733 3977 1946 4066 justa.
1991 3974 2259 4057 Esther,
2315 3998 2431 4056 xv,
2463 3980 2506 4044 9
2533 3997 2549 4042 :
2582 3977 2705 4057 In-

1139 4111 1376 4179 qressa
1440 4097 1684 4155 cuncta
1744 4108 1871 4177 per
1925 4085 2235 4153 ordinem
2277 4085 2479 4162 ostia.
2517 4088 2704 4153 stetit

1143 4206 1305 4264 ante
1358 4218 1607 4287 reqem.
1653 4193 1936 4284 Legitur
1971 4202 2039 4261 et
2077 4192 2160 4261 de
2190 4199 2387 4284 porta
2416 4191 2701 4262 tribula-

1141 4304 1376 4385 tionis,
1436 4325 1644 4395 quam
1699 4302 1933 4370 Sancti
1981 4300 2109 4369 sibi
2153 4308 2390 4391 petunt
2421 4302 2693 4391 aperiri,

1138 4416 1429 4482 scientes
1458 4434 1580 4503 per
1609 4414 1827 4502 ipsam
1859 4410 2214 4479 introitum
2252 4432 2398 4479 esse
2453 4409 2541 4479 ad
2587 4434 2698 4480 re-

1136 4542 1374 4611 gnum.
1403 4520 1556 4586 Act.
1590 4539 1733 4597 xiv,
1766 4518 1844 4585 21
1879 4538 1896 4585 :
1942 4518 2077 4584 I’er
2104 4515 2365 4584 mnltas
2392 4514 2698 4586 tribula-

1136 4630 1352 4695 tiones
1379 4634 1645 4718 oportet
1680 4648 1804 4693 nos
1843 4626 2107 4692 intrare
2134 4625 2205 4691 in
2228 4646 2516 4715 reqnum
2534 4626 2688 4695 Dei.

1137 4734 1278 4804 1188
1308 4735 1595 4827 ingressi
1615 4734 1785 4824 justi
1813 4731 2094 4802 laudaut
2136 4732 2378 4803 Deum.
2428 4733 2584 4805 Act.
2621 4757 2689 4813 v,

1133 4843 1210 4911 4¹
1288 4865 1304 4910 :
1374 4842 1582 4910 Ibant
1633 4840 1957 4934 Apostoli
2003 4839 2381 4933 qaudentes
2434 4863 2480 4910 a
2534 4865 2692 4910 con-

1127 4959 1361 5043 speetu
1387 4948 1692 5029 concilii,
1719 4949 2076 5040 quoniam,
2104 4956 2234 5019 etc.
2257 4945 2498 5018 Jacob.
2529 4971 2575 5029 1,
2601 4951 2641 5015 2
2668 4971 2685 5017 :

1135 5060 1354 5128 Omne
1383 5057 1731 5149 qaudinm
1770 5058 2189 5138 existimate,
2220 5060 2503 5149 fratres,
2553 5065 2684 5126 etc.

1134 5165 1214 5235 Et
1245 5167 1389 5236 liaec
1431 5167 1576 5257 ipsa
1607 5172 1710 5235 est
1746 5173 1944 5255 porta
1998 5165 2302 5242 Domini,
2354 5165 2513 5256 quia
2569 5187 2688 5256 per

1130 5274 1645 5345 tribulationem
1721 5281 1791 5341 et
1860 5281 2153 5341 mortem
2224 5273 2533 5342 introivit
2616 5275 2685 5341 in

4279 371 4403 437 231

2856 644 3227 726 Christum,
3252 656 3314 712 et
3343 647 3440 713 ita
3465 649 3724 714 intrare
3745 651 3814 714 in
3833 647 4139 737 qloriam
4167 669 4396 714 suam.

2939 988 2972 1029 ι
3036 965 3420 1053 Confitebor
3466 966 3614 1049 tibi,
3665 968 3981 1035 Domine.
4031 994 4061 1030 α
4093 968 4220 1037 Hic
4281 991 4395 1036 se-

2844 1072 3170 1152 cundum,
3215 1074 3284 1140 18
3315 1097 3450 1165 quo
3490 1075 3876 1143 confitendo
3929 1084 3994 1143 et
4048 1076 4394 1145 laudando

2842 1179 3084 1246 asserit
3119 1202 3190 1246 se
3229 1181 3642 1260 exauditam,
3706 1182 4127 1250 ostendendo
4188 1185 4395 1251 etiam

2841 1307 2880 1350 a
2920 1307 3082 1375 qu0,
3128 1293 3192 1353 et
3234 1309 3355 1377 per
3420 1311 3665 1379 quem:
3703 1296 3770 1357 et
3835 1290 4212 1358 secundum
4266 1290 4399 1358 hoc

2840 1391 3158 1461 dicuntur
3186 1392 3296 1461 hic
3334 1397 3487 1463 tria.
3533 1397 3794 1479 Primo,
3827 1398 4247 1478 confitendO,
4283 1420 4398 1465 as-

2836 1501 2999 1568 serit
3060 1524 3133 1568 se
3198 1503 3613 1572 exauditam.
3687 1503 4029 1582 Secundo,
4097 1504 4397 1572 ostendit

2833 1630 2956 1697 per
2994 1630 3198 1698 quem
3228 1611 3316 1678 sit
3363 1611 3702 1692 exaudita,
3752 1612 3867 1691 ibi,
3909 1620 3974 1689 ᾗ.
4011 1615 4141 1681 22;
4185 1641 4218 1675 «
4249 1616 4397 1681 La-

2826 1717 3063 1806 pidem
3110 1741 3311 1808 quem
3357 1719 3912 1810 reprobaverunt.
3961 1746 3995 1785 »
4044 1721 4300 1803 TertiO,
4353 1744 4395 1788 8

2834 1846 2996 1913 quo,
3033 1826 3195 1915 quia
3232 1849 3271 1893 a
3311 1826 3635 1908 Domino,
3665 1828 3784 1908 ibi,
3818 1835 3882 1904 5.
3917 1829 4042 1897 23:
4086 1854 4119 1895 ι
4151 1831 4212 1897 Α
4253 1832 4395 1896 Do-

2830 1934 3018 2000 mino
3053 1934 3324 2023 sactum
3353 1945 3468 2005 est.
3510 1960 3543 2001 ι

2921 2038 3001 2105 18
3038 2040 3261 2129 prima
3297 2040 3458 2109 duo.
3504 2040 3764 2121 Prim0,
3789 2043 4128 2132 promittit
4165 2041 4388 2109 laudis

2828 2144 3352 2215 consessionem.
3399 2147 3743 2232 Secunde,
3786 2148 3971 2217 addit
4007 2148 4390 2217 consessio-

2829 2253 2935 2319 nis
2996 2254 3357 2334 rationem,
3392 2255 3510 2335 ibi,
3565 2284 3596 2320 α
3637 2257 3982 2341 Quoniam
4030 2256 4388 2324 exaudisti

2828 2382 2957 2427 me.
2995 2384 3028 2425 ι

2915 2465 3096 2534 Dicit
3133 2490 3338 2560 ergo:
3377 2467 3492 2538 Sic
3520 2470 3709 2560 petii,
3753 2478 3820 2537 et
3839 2471 3985 2558 jam
4032 2476 4213 2539 certa
4261 2492 4381 2560 spe

2824 2576 3240 2665 promissum
3262 2584 3522 2656 tenens,
3540 2578 3690 2646 dico
3705 2580 3741 2644 Ἰ
3759 2577 3814 2645 Ο
3841 2577 4210 2670 «2Domine,
4228 2601 4385 2646 con-

2820 2683 3068 2771 fitebor
3092 2686 3246 2766 tibi,
3291 2713 3327 2749 >2
3368 2686 3795 2756 consessione
3834 2687 4078 2757 laudis».

2914 2925 2948 2959 «
2987 2897 3330 2981 Quoniam
3376 2900 3725 2967 exaudisti
3775 2922 3903 2968 me.
3942 2924 3975 2965 ι
4054 2899 4186 2970 Hic
4225 2907 4382 2969 tan-

2819 3006 2920 3095 git
2991 3007 3436 3075 confessionis
3490 3006 3792 3087 laudem,
3871 3010 3942 3076 in
4009 3032 4148 3099 quo
4208 3008 4371 3078 duo.

2820 3110 3080 3193 Primo,
3117 3115 3487 3187 exauditio,
3540 3114 3881 3196 Secund0,
3919 3118 3990 3185 18
4048 3139 4213 3209 quo,
4249 3116 4373 3196 ibi,

2821 3245 2854 3286 ι
2889 3223 2985 3289 Et
3016 3226 3249 3312 sactus
3276 3247 3344 3292 es
3374 3224 3568 3292 milii.
3609 3249 3642 3290 ι

2903 3328 3018 3395 Ait
3057 3329 3286 3398 enim:
3344 3328 3459 3399 Sic
3508 3331 3911 3410 confitebor,
3958 3340 4026 3399 et
4083 3329 4372 3422 dignum

2813 3443 2939 3512 est,
2985 3462 3017 3500 ι
3045 3438 3375 3527 quoniam
3413 3438 3767 3507 exausditi
3802 3462 3930 3506 me.
3969 3467 4001 3501 n
4040 3436 4119 3505 18
4174 3461 4313 3530 quo
4338 3440 4375 3507 P

2825 3567 2855 3604 ιι
2883 3544 2979 3609 Et
3002 3545 3236 3631 laetus
3272 3567 3340 3612 es
3377 3544 3551 3612 milii
3580 3545 3652 3612 in
3686 3545 4013 3624 salutem,
4051 3569 4084 3610 ι
4127 3543 4214 3612 ab
4270 3567 4375 3613 er—

2810 3671 2962 3717 rore
3020 3649 3459 3730 infidelitatis,
3528 3675 3568 3720 8
3649 3660 3867 3720 morte
3956 3652 4363 3742 iniquitatis.

2807 3752 2979 3824 Ecce
3064 3755 3310 3825 iterum
3366 3757 3750 3827 confitetur.
3836 3757 4042 3845 Joan.
4113 3780 4212 3839 ιι,
4264 3759 4304 3826 Ἰ
4347 3779 4364 3826 :

2803 3864 3074 3932 Eamus
3103 3865 3173 3932 in
3199 3866 3516 3935 Judaeam
3548 3869 3822 3944 iterum,
3848 3867 3915 3935 id
3945 3875 4073 3947 est,
4101 3868 4171 3935 18
4200 3889 4368 3936 con·

2803 3968 3196 4041 sessionem.
3231 3971 3317 4042 Et
3351 3975 3608 4065 optime
3655 3975 4044 4066 junguntur
4091 3976 4365 4044 confes·

2803 4079 2934 4162 sio,
3009 4091 3079 4150 et
3149 4084 3522 4161 exauditio,
3591 4085 3828 4152 fratres
3912 4085 4097 4152 enim
4174 4090 4361 4152 suut.

2798 4185 3148 4271 Judicum,
3210 4213 3255 4269 1,
3311 4193 3401 4260 3:
3436 4192 3534 4259 Et
3569 4191 3673 4260 ait
3729 4191 3955 4260 ,ludas
4015 4190 4355 4269 Simeoni,

2797 4297 3016 4385 fratri
3039 4320 3206 4367 suo:
3255 4298 3558 4369 Ascende
3585 4321 3871 4368 mecum.
3919 4297 4005 4368 Et
4054 4300 4358 4369 maxime

2798 4425 2925 4494 pro
2963 4404 3180 4475 salute
3217 4406 3278 4476 ei
3317 4405 3808 4490 confitendum,
3840 4407 4003 4499 quia
4049 4406 4197 4498 ipse
4238 4429 4361 4476 so-

2799 4511 2906 4580 lus
2933 4512 3175 4582 salvat.
3210 4513 3340 4583 lsa.
3374 4537 3558 4599 xuu,
3599 4517 3669 4583 ¹¹
3705 4534 3723 4585 :
3757 4517 3911 4585 Non
3948 4525 4049 4584 est
4097 4514 4359 4607 absque

2797 4642 2906 4687 me
2928 4619 3260 4689 salvator.
3294 4620 3402 4702 Et,
3437 4644 3624 4702 mn,
3654 4623 3697 4690 8
3725 4630 3791 4691 et
3828 4625 3912 4690 9:
3959 4624 4221 4693 Faetus
4257 4634 4358 4693 est

2795 4729 2893 4798 eis
2915 4728 3229 4798 salvator
3255 4731 3328 4799 in
3364 4732 3556 4800 omni
3592 4729 4047 4800 tribulatione
4071 4731 4122 4801 ⁸.

2883 5096 2917 5136 ι
2971 5070 3308 5162 Lapidem
3387 5095 3586 5165 quem
3679 5071 4242 5165 reprobaverunt.
4310 5101 4344 5137 »

2791 5174 2918 5245 1110
2944 5176 3297 5269 subjungit
3332 5202 3454 5269 per
3489 5200 3692 5269 quem
3722 5178 4036 5247 exaudita
4076 5178 4164 5247 sit
4201 5202 4350 5247 om-

2787 5283 2980 5365 nino,
3013 5281 3146 5353 hoc
3190 5293 3318 5365 est,
3360 5308 3484 5377 per
3527 5307 3734 5376 quem
3780 5284 3967 5353 salus
4009 5285 4099 5355 sit
4135 5285 4340 5369 facta,

1202 5525 1220 5564 ¹
1248 5523 1335 5584 Cf.
1359 5522 1408 5581 11
1430 5524 1573 5597 neg.
1604 5540 1680 5597 vn,
1710 5523 1769 5594 2,
1800 5529 1862 5581 et
1889 5520 2175 5580 Ezechiel.
2203 5539 2364 5592 xuu,
2402 5523 2438 5579 2
2464 5526 2526 5581 et
2552 5538 2679 5596 seq.
2781 5524 3047 5584 salvator.
3080 5525 3146 5581 18
3175 5527 3326 5582 omni·
3356 5524 3722 5582 tribulatione
3747 5541 3935 5583 eorum
3963 5542 4076 5583 non
4123 5534 4203 5584 est
4234 5529 4341 5585 tri·

1197 5615 1222 5652 ’
1248 5614 1420 5672 toan.
1448 5630 1510 5684 x,
1538 5617 1597 5671 9.
2208 5688 2213 5694 .

1196 5706 1221 5744 ⁸
1254 5703 1421 5780 vulg.
1451 5702 1655 5773 habet,
1687 5703 1800 5761 lsa.
1831 5720 1987 5773 uui,
2018 5702 2052 5760 8
2080 5707 2141 5761 et
2165 5705 2239 5761 ⁹:
2269 5701 2466 5761 Pactu
2494 5707 2574 5761 est
2600 5704 2680 5762 eis

2784 5613 3023 5684 bulaeus,
3044 5618 3159 5671 etc.
