5008 6329
637 370 760 437 166

729 533 806 601 In
835 537 1054 626 prima
1083 536 1245 615 duc,
1289 529 1665 599 secundum
1697 530 1834 598 duo
1867 552 2017 622 quae
2045 539 2187 598 tan-

644 649 897 731 guntur
925 643 1004 708 de
1043 638 1289 707 Christi
1331 637 1709 705 divinitate.
1742 636 2055 704 Primum
2088 643 2189 703 est

643 747 866 813 unitas
905 768 1058 814 cum
1080 743 1282 811 Patre
1312 742 1384 810 in
1413 743 1733 812 creando.
1764 743 2184 822 Secundum,

643 861 894 921 aeterna
939 851 1283 942 generatio
1360 852 1576 942 ipsius
1635 876 1720 920 ex
1776 851 2004 930 Patre,
2065 850 2186 926 ibi,

647 985 681 1025 a
721 963 838 1027 E'x
877 968 1086 1026 utera.
1120 984 1154 1022 »

731 1068 810 1134 In
837 1067 1059 1156 prima
1085 1069 1390 1160 tangitur
1444 1072 1672 1137 unitas
1731 1069 1802 1134 in
1868 1062 2186 1135 creando.

646 1176 982 1255 Secundo,
1015 1185 1216 1245 tantae
1242 1179 1524 1246 unitatis
1563 1173 2193 1268 imperceptibilitas

644 1285 714 1350 in
753 1291 930 1351 statu
986 1283 1340 1362 moderno,
1403 1283 1524 1350 sed
1588 1291 1753 1351 tunc
1808 1283 1879 1349 in
1934 1279 2190 1364 sutum,

645 1391 764 1471 ibi,
802 1418 836 1457 s
871 1393 954 1459 In
984 1391 1095 1458 die
1125 1392 1401 1458 virtutis
1431 1401 1589 1459 tuae.
1629 1417 1663 1458 ι)

734 1497 913 1564 Dicit
941 1518 1100 1585 ergo
1136 1517 1151 1561 :
1182 1494 1296 1565 Sic
1335 1496 1508 1565 dixit
1537 1497 1743 1566 Pater
1765 1498 1963 1577 Filio,
1994 1507 2070 1565 ut
2098 1520 2199 1566 se-

651 1602 836 1670 deret
864 1600 949 1669 ad
979 1600 1353 1682 dexteram,
1405 1612 1475 1672 et
1519 1626 1812 1695 regnum
1862 1605 2010 1692 ejus
2068 1605 2201 1672 itc-

649 1731 799 1777 rum
855 1707 1186 1789 dilataret,
1230 1713 1587 1801 assignans
1625 1713 1964 1780 rationem
1996 1712 2194 1790 hanc,

651 1824 716 1883 et
744 1816 970 1884 dicens
1014 1837 1030 1884 :
1073 1815 1129 1884 Ο
1160 1825 1258 1898 tu,
1292 1817 1416 1898 fili,
1449 1841 1579 1909 ego
1638 1842 1793 1886 sum
1852 1845 1886 1885 a
1943 1820 2200 1911 princi·

640 1927 840 2016 pium
872 1952 907 1989 n
940 1948 1181 2011 unum,
1210 1933 1277 1993 et
1308 1926 1494 1995 idem
1529 1955 1561 1990 «
1603 1936 1851 1997 tecum.
1889 1953 1922 1994 n
1990 1928 2193 1997 Joan.

647 2055 717 2111 x,
758 2032 843 2101 30
885 2054 903 2099 :
945 2034 1097 2122 qu
1128 2043 1192 2099 et
1217 2035 1436 2101 Pater
1474 2057 1692 2103 unum
1718 2059 1985 2116 sumus,
2066 2059 2204 2103 una

648 2140 937 2208 essentia
975 2148 1041 2207 et
1070 2149 1334 2208 natura.
1402 2141 1632 2210 Unum
1683 2144 1893 2213 etiam
1945 2143 2206 2234 princi-

652 2247 841 2337 pium
906 2269 1172 2315 mecum
1259 2249 1868 2337 manifestandum,
1934 2273 2075 2319 non
2133 2251 2205 2317 in

657 2354 787 2423 hoc
824 2356 1191 2424 miserabili
1222 2364 1559 2448 tempore,
1614 2359 1733 2429 sed
1786 2388 1821 2425 α
1856 2362 1929 2428 in
1995 2361 2130 2439 die,
2168 2388 2202 2423 ι»

660 2461 789 2530 hoc
818 2471 941 2546 est,
975 2464 1045 2532 in
1083 2463 1386 2534 claritate
1421 2492 1454 2531 α
1497 2469 1779 2537 virtutis
1816 2478 1976 2552 tuse,
2040 2494 2073 2535 n
2107 2469 2209 2537 tui

661 2567 935 2652 scilicet,
980 2572 1095 2661 qui
1125 2573 1341 2640 virtus
1382 2597 1533 2642 mea
1573 2596 1669 2644 es.
1706 2575 1738 2642 1
1769 2575 1856 2644 ad
1892 2575 2204 2646 Corinth.

662 2699 709 2755 ι,
751 2679 834 2745 23
865 2685 930 2744 et
977 2680 1060 2744 24
1095 2701 1110 2745 ε
1163 2680 1304 2747 Nos
1361 2681 1827 2771 praedicamus
1858 2680 2210 2750 Christum

661 2785 1179 2872 crucifioeum,...
1245 2787 1598 2857 Christum
1664 2791 1801 2857 Dei
1858 2790 2207 2870 virtutem,

659 2903 783 2964 etc.
828 2894 1322 2964 Manifestando
1362 2927 1394 2962 α
1430 2900 1502 2966 in
1529 2897 2016 2989 splendoribus
2042 2921 2213 2966 san-

657 3010 947 3084 ctorum,
975 3027 1008 3068 n
1032 3003 1307 3094 quando
1337 3006 1553 3073 sancti
1584 3004 1967 3074 efficientur
1992 3004 2216 3097 splen-

659 3110 822 3189 didi.
856 3112 1031 3181 etin
1087 3112 1342 3196 anima,
1392 3113 1773 3184 secundum
1843 3113 2010 3182 illud
2078 3113 2209 3183 lsa.

647 3242 848 3304 mviii,
928 3222 1000 3287 11
1051 3219 1437 3311 :Implebit
1512 3220 2001 3313 splendoribus
2057 3223 2219 3288 ani-

673 3337 1132 3395 mamtuam:
1181 3336 1247 3395 et
1322 3330 1392 3397 in
1466 3352 1778 3421 corpore,
1840 3329 2216 3398 secundum

676 3434 844 3503 illud
865 3434 1034 3503 Tob.
1067 3457 1212 3518 xin,
1259 3437 1383 3504 13:
1419 3439 1603 3504 Luce
1639 3435 2011 3529 splendida
2075 3437 2224 3527 lul-

676 3540 884 3633 qcbis.
921 3541 1001 3609 Et
1028 3541 1193 3610 illud
1213 3541 1456 3611 Matth.
1493 3566 1641 3628 xm,
1682 3546 1802 3613 ¹3:
1844 3547 1901 3614 Τ
1896 3568 2027 3613 unc
2032 3544 2225 3635 justi

675 3648 1070 3742 sulqcbunt,
1099 3652 1277 3719 sicut
1296 3649 1411 3718 sol
1445 3652 1518 3719 in
1555 3674 1766 3743 reqno
1796 3655 2034 3722 Patris
2106 3677 2226 3722 eo-

676 3780 852 3828 rum.
890 3757 973 3826 Et
992 3768 1152 3827 nota
1191 3757 1534 3840 Glossam‚
1577 3782 1730 3852 quae
1757 3762 2062 3853 assignat
2111 3785 2226 3830 ra-

674 3868 955 3950 tionem,
1015 3890 1223 3959 quare
1280 3869 1444 3939 dicit
1477 3893 1493 3938 :
1566 3870 1714 3963 Ego
1774 3895 1930 3940 sum
1996 3880 2221 3942 tecum

668 3975 1103 4066 principium,
1138 3999 1300 4045 nam
1342 3986 1417 4047 tu
1449 4001 1522 4047 es
1552 4000 1815 4049 meum.

762 4216 798 4254 ι
818 4192 936 4259 Εει·
956 4202 1170 4260 utero.
1193 4216 1228 4256 ιι
1267 4191 1393 4262 llic
1424 4195 1728 4285 tangitur
1746 4203 2002 4264 oeterna
2019 4218 2226 4286 gene-

675 4294 845 4361 ratio
871 4317 957 4362 cx
995 4293 1219 4376 Patre,
1253 4305 1535 4387 propter
1570 4296 1758 4389 quod
1787 4292 2215 4368 exaltandus.

760 4401 966 4480 Quasi
1003 4401 1257 4471 diceret
1289 4424 1306 4472 ε
1343 4402 1458 4473 Sic
1496 4403 2005 4492 sublimaberis,
2058 4406 2220 4500 quia

669 4506 871 4574 etiam
904 4536 938 4571 α
966 4509 1180 4599 qenui
1205 4518 1293 4591 te,
1337 4536 1375 4574 ι
1419 4510 1535 4579 illa
1601 4510 2044 4583 inenarrabili
2095 4538 2223 4606 ge-

673 4617 1042 4699 neratione,
1075 4617 1157 4685 de
1186 4639 1323 4709 qua
1343 4616 1475 4689 Isa.
1507 4642 1648 4701 ιιιι.
1681 4623 1724 4691 8
1759 4644 1777 4690 :
1824 4623 2224 4692 Generatio-

670 4744 818 4790 nem
856 4721 1012 4813 ejus
1036 4724 1193 4815 quis
1227 4726 1585 4794 enarrabit
1615 4726 1660 4796 ?
1688 4758 1721 4792 α
1764 4731 1887 4798 Ex
1923 4741 2143 4811 utero,
2180 4757 2215 4794 n

668 4851 750 4897 ex
788 4852 940 4899 mea
966 4839 1222 4901 secreta
1259 4830 1641 4904 substantia
1671 4845 1741 4906 et
1777 4838 2069 4909 occulta.
2113 4839 2217 4907 Ex

672 4935 869 5007 Patre
893 4939 1075 5008 enim
1100 4938 1349 5009 dicitur
1393 4940 1632 5024 Filius,
1684 4946 1880 5036 quasi
1930 4946 2220 5039 triplici-

672 5054 792 5115 ter.
827 5044 930 5115 Ex
957 5068 1099 5126 ore,
1140 5046 1351 5117 Eccli.
1381 5072 1571 5129 xxiv,
1605 5053 1646 5119 5
1690 5074 1707 5119 :
1750 5054 1907 5145 qu
1961 5078 2049 5122 ea:
2105 5076 2222 5123 ore

670 5152 1015 5223 Altissimi
1038 5154 1346 5247 prodivi,
1369 5158 1870 5250 primogenita,
1914 5170 2045 5231 etc.
2114 5161 2220 5231 Ex

670 5259 897 5345 corde,
974 5260 1154 5329 Psal.
1262 5285 1446 5344 κων,
1518 5266 1559 5332 2
1591 5286 1609 5333 :
1678 5268 2050 5337 Eructavit
2102 5290 2221 5337 cor

671 5390 894 5437 meum
949 5369 1227 5438 verbum
1287 5370 1568 5446 bonum.
1626 5402 1662 5440 α
1729 5377 1850 5444 Ex
1896 5387 2114 5460 utero,
2171 5404 2204 5443 ι

671 5476 831 5567 quia
874 5476 1479 5562 consubstantiale,
1539 5490 1606 5550 et
1678 5506 1912 5553 secum
1968 5508 2212 5557 unum.

671 5582 757 5651 Et
783 5581 937 5664 hoc,
987 5612 1021 5647 α
1048 5593 1209 5652 ante
1263 5583 1663 5678 luciferum,
1719 5616 1754 5656 ιι
1814 5600 1882 5661 et
1925 5615 2048 5684 per
2084 5591 2219 5664 hoc

673 5701 826 5763 ante
872 5714 1147 5764 omnem
1204 5705 1614 5770 creaturam.
1673 5698 2004 5771 Proverb.
2066 5726 2211 5787 viu,

1633 364 1720 431 D.
1772 363 1973 429 ALB.
2025 360 2242 429 MAG.

2299 360 2507 428 ORD.
2561 360 2856 427 PRAED.

2299 530 2435 597 23:
2478 527 2583 596 Ab
2620 537 2867 595 aeterno
2926 525 3249 593 ordinata
3302 548 3569 603 sum,...
3643 535 3841 590 ante-

2300 660 2513 725 quam
2553 645 2733 703 terra
2768 636 2983 724 fieret.
3023 632 3589 700 Aliamlecturam
3619 631 3837 719 tangit

2301 742 2543 811 Glossa
2580 744 2664 811 de
2712 743 2931 811 David
2967 740 3320 810 materiali.

2394 1081 2426 1121 α
2467 1056 2748 1124 Juravit
2773 1055 3138 1122 Dominus.
3185 1077 3218 1118 n
3265 1054 3391 1121 Hic
3436 1051 3836 1131 secundum,

2299 1166 2372 1233 in
2410 1187 2548 1256 quo
2578 1164 2786 1231 sumit
2817 1164 3112 1231 rationes
3142 1184 3181 1229 a
3217 1169 3405 1252 parte
3450 1159 3839 1228 humanita-

2301 1274 2412 1340 tis,
2448 1271 2648 1340 Ratio
2681 1278 2907 1339 autem
2943 1269 3094 1349 fuit,
3135 1269 3345 1360 ipsius
3402 1265 3843 1335 humanitatis

2305 1376 2688 1446 immolatio
2735 1377 2807 1443 in
2862 1398 2980 1444 ara
3036 1375 3274 1444 crucis,
3333 1373 3670 1441 Dicuntur
3718 1394 3847 1438 au-

2303 1497 2442 1556 tem
2504 1495 2800 1577 quatuor
2863 1486 2933 1552 in
3017 1484 3145 1552 hac
3199 1492 3410 1575 parte,
3473 1480 3845 1550 secundum

2305 1602 2603 1685 quatuor
2651 1614 2802 1683 quae
2847 1589 2934 1658 ad
2975 1588 3154 1658 hano
3201 1588 3615 1657 oblationem
3681 1609 3850 1655 con-

2307 1708 2686 1769 currerunt.
2732 1698 2993 1783 PrimO,
3047 1698 3197 1789 quis
3262 1696 3601 1776 sacerdos,
3672 1716 3851 1785 quo-

2307 1810 2495 1876 niam
2528 1810 2834 1898 ipsemet,
2870 1808 2986 1897 qui
3025 1808 3321 1897 seipsum
3389 1803 3658 1872 obtulit.
3724 1801 3854 1869 Se-

2309 1919 2559 1996 cundo,
2615 1919 2765 2009 quis
2831 1917 2988 1985 finis
3054 1925 3120 1985 et
3173 1915 3451 1995 fructus,
3537 1913 3644 1982 vel
3704 1933 3854 2003 quae

2312 2028 2527 2095 virtus
2575 2025 2795 2116 magis
2849 2024 3055 2114 hujus
3110 2022 3474 2092 oblationis
3521 2020 3670 2099 fuit,
3729 2017 3848 2096 ibi,

2308 2146 2374 2215 ὴ.
2411 2139 2497 2204 5:
2541 2164 2573 2198 «
2639 2136 2985 2203 Dominus
3050 2157 3092 2201 α
3158 2132 3439 2200 dextris.
3506 2157 3541 2194 ι)
3598 2130 3850 2208 Tertio,

2312 2253 2583 2334 tempus
2621 2240 2822 2333 hujus
2860 2241 3249 2320 oblationiS,
3290 2237 3398 2307 vel
3428 2237 3700 2321 moduS,
3735 2235 3852 2316 ibi,

2312 2360 2377 2430 ἵ.
2422 2354 2460 2419 ’1
2497 2375 2514 2419 :
2562 2379 2597 2416 α
2631 2353 2734 2420 De
2761 2361 3077 2419 torrente.
3115 2376 3149 2413 n
3183 2348 3438 2429 Quarto
3477 2355 3544 2415 et
3583 2346 3854 2428 ultimo,

2313 2470 2455 2529 tam
2494 2459 2837 2529 fructuose
2867 2466 2935 2528 et
2960 2459 3259 2526 virtuose
3286 2455 3629 2524 offerentis
3667 2451 3860 2522 exal-

2313 2569 2509 2651 tati0,
2544 2568 2664 2648 ibi,
2711 2595 2742 2632 ι
2780 2570 3177 2659 Propterea.
3223 2590 3256 2631 n

2409 2680 2588 2748 Dicit
2618 2701 2782 2771 ergo
2830 2679 2900 2746 in
2930 2679 3177 2769 prima,
3218 2673 3400 2767 quod
3437 2697 3526 2743 ex
3578 2672 3705 2741 Dei
3735 2671 3863 2740 do·-

2318 2813 2410 2858 no
2440 2787 2747 2856 Christus
2776 2787 2987 2856 homo
3016 2785 3145 2853 fuit
3197 2782 3510 2854 sacerdos
3574 2781 3865 2850 oss'erens

2320 2898 2620 2987 seipsum
2655 2917 2671 2963 :
2707 2904 2772 2963 et
2799 2902 3180 2987 tanguntur
3202 2893 3355 2960 tria.
3391 2889 3653 2970 Primo,
3700 2889 3870 2957 divi-

2320 3027 2410 3073 na
2456 3003 2847 3095 promissio.
2913 2999 3231 3071 Secundo
3297 2998 3696 3067 irrevocatio
3747 2996 3871 3063 tir-

2325 3121 2527 3183 matae
2558 3111 3060 3205 promissionis»,
3102 3108 3221 3189 ibi,
3279 3133 3314 3174 ι
3345 3109 3441 3176 Et
3485 3130 3621 3175 non
3657 3105 3873 3198 poeni·

2323 3220 2515 3288 tebit.
2586 3246 2619 3281 »
2697 3219 2950 3297 Tertio,
3030 3218 3314 3286 materia
3366 3214 3869 3306 promissionis,

2322 3326 2445 3412 ibi,
2489 3353 2525 3390 α
2573 3327 2630 3394 T
2624 3348 2670 3393 u
2696 3349 2762 3395 es
2794 3325 3131 3394 sacerdos.
3167 3351 3201 3386 »

2417 3436 2599 3504 Dicit
2635 3457 2798 3527 ergo
2841 3433 3004 3504 :Sic
3070 3432 3354 3524 dignum
3394 3437 3496 3498 est
3543 3428 3727 3521 quod
3775 3449 3877 3497 se-

2329 3544 2516 3624 deas,
2559 3544 2720 3635 quia
2749 3564 2964 3611 unum
2994 3564 3067 3610 es
3094 3539 3502 3633 principium
3541 3560 3696 3605 cum
3727 3536 3874 3605 Deo

2330 3652 2533 3722 Patre
2580 3648 2954 3720 secundum
3003 3647 3188 3741 quod
3249 3647 3458 3725 Deus,
3527 3653 3595 3714 et
3667 3646 3874 3714 etiam

2331 3770 2670 3856 quantum
2699 3760 2783 3829 ad
2822 3757 3346 3837 humanitatem,
3384 3781 3419 3821 ι
3469 3755 3813 3823 Dominus
3843 3782 3875 3815 ›.

2330 3871 2518 3940 Deus
2556 3868 2760 3938 Pater
2789 3898 2823 3933 α
2854 3868 3161 3959 furavit,
3191 3895 3222 3931 ι
3287 3864 3571 3933 firmiter
3621 3862 3876 3956 promi·

2330 3980 2441 4048 sit.
2484 3978 2594 4048 Ad
2621 3977 2831 4047 llebr.
2865 4000 2987 4058 vn,
3021 3978 3107 4045 20
3137 3986 3204 4047 et
3233 3976 3310 4045 21
3353 3998 3369 4044 :
3410 3974 3561 4044 Alii
3596 3971 3875 4065 quidem

2327 4087 2475 4153 sine
2499 4082 2980 4174 jurejurando
3042 4080 3418 4150 sacerdotes
3451 4080 3631 4171 sacti
3660 4087 3823 4147 sunt
3854 4100 3877 4146 .·

2327 4191 2441 4260 liic
2469 4200 2700 4260 autem
2773 4212 2929 4259 cum
2965 4187 3469 4280 jurejurando,
3540 4210 3669 4278 per
3723 4207 3876 4254 eum

2329 4302 2454 4392 qui
2490 4299 2672 4369 dixit
2698 4301 2798 4370 ad
2812 4298 3023 4368 illum
3062 4322 3087 4368 .·
3111 4297 3391 4368 Iuravit
3415 4295 3781 4375 Dominus,
3814 4304 3881 4363 et

2327 4433 2464 4479 non
2496 4407 2858 4504 poenitebit
2915 4431 3073 4477 eum
3115 4431 3138 4477 .·
3181 4408 3280 4477 Tu
3323 4428 3392 4476 es
3443 4403 3759 4473 sacerdos
3808 4402 3879 4471 in

2325 4528 2680 4589 oetemum.
2701 4517 2741 4587 J
2750 4518 2973 4587 uravit
2990 4524 3218 4584 autem
3248 4538 3369 4606 per
3404 4512 3876 4605 semetipsum,

2329 4628 2577 4697 Genes.
2619 4650 2785 4710 xxn,
2823 4628 2950 4696 16:
2985 4628 3123 4695 Per
3149 4625 3623 4715 memetipsum
3666 4621 3882 4714 jura-

2327 4736 2422 4817 vi,
2464 4735 2634 4805 dicit
2661 4733 3032 4805 Dominus.

2422 4977 2454 5012 α
2492 4952 2589 5018 Et
2615 4970 2749 5016 non
2770 4943 3129 5039 poenitcbit
3163 4968 3343 5015 eum.
3379 4969 3415 5012 ι
3466 4942 3638 5012 Ecce
3708 4942 3882 5010 irre-

2327 5054 2730 5124 vocabilitas
2772 5076 2790 5124 ε
2832 5077 2974 5123 non
3028 5054 3212 5122 enim
3270 5051 3447 5122 cadit
3483 5049 3591 5119 vel
3640 5048 3879 5119 cadere

2327 5172 2553 5255 potest
2589 5163 2659 5231 in
2690 5161 2913 5232 Deum
2950 5161 3373 5254 poenitentia.
3434 5157 3464 5227 1
3515 5157 3687 5249 neg.
3754 5179 3873 5243 xv,

2330 5272 2416 5339 29
2450 5293 2468 5341 :
2500 5273 2735 5363 Neque
2762 5270 2944 5339 enim
2973 5271 3178 5339 homo
3206 5279 3307 5338 est
3345 5275 3420 5336 ut
3458 5275 3628 5358 aqat
3646 5264 3883 5358 poeni-

2328 5383 2639 5451 tentiam.
2683 5380 2962 5461 Contra,
3015 5379 3264 5450 Genes.
3295 5400 3392 5458 vi,
3442 5377 3483 5446 7
3526 5376 3875 5448 :Poenitet

2327 5514 2436 5561 me
2468 5492 2709 5583 secisse
2735 5514 2872 5573 eos,
2912 5489 3173 5559 scilicet
3248 5485 3590 5556 homines.
3624 5482 3653 5552 1
3693 5482 3868 5575 Reg.

2322 5622 2440 5680 xit,
2488 5602 2562 5668 11
2602 5620 2621 5670 :
2657 5601 2950 5669 Poenitet
2984 5620 3095 5666 me
3155 5595 3345 5689 quod
3399 5592 3871 5667 constituerim

2323 5706 2512 5778 Saul
2545 5730 2796 5803 reqem.
2829 5705 2940 5788 Et,
2974 5705 3045 5774 in
3064 5703 3331 5786 eodem,
3365 5706 3437 5775 in
3459 5704 3596 5775 fine
3631 5707 3699 5781 5.
3735 5701 3870 5773 35:

4004 1073 4065 1139 4
