5008 6329
1836 315 2553 388 COMMENTARIUS
2600 315 2698 384 IN
2744 317 3185 388 PSALMUM
3235 319 3548 389 CXVIII.

1085 497 1501 592 praeponitur
1577 493 1826 572 littera,
1906 492 1992 559 ad
2067 491 2201 559 hoc
2278 488 2649 558 exhortans
2753 488 3001 567 cordis,
3057 489 3223 579 quid
3251 491 3617 558 strenuitas
3658 490 3905 580 operiS,
3945 488 4104 580 quid
4145 512 4315 556 con-

1090 630 1238 686 nOS,
1273 607 1433 673 zm
1463 603 1742 684 scilicet,
1781 605 1931 698 (ἶ),
1958 600 2143 691 quod
2167 601 2649 686 interpretatur

1084 719 1240 798 huc,
1274 716 1383 784 vel
1444 714 1575 783 duc
1612 726 1714 782 te:
1763 722 1828 781 et
1856 713 2100 801 junge,
2180 707 2316 773 huc
2369 705 2502 771 duc
2555 712 2640 772 te.

1089 824 1297 904 Quasi
1337 823 1627 892 diceret:
1669 821 1770 887 Tu
1820 818 2237 907 quicumque
2274 835 2346 879 es
2385 812 2500 902 qui
2541 811 2646 878 vis

1090 931 1442 1022 proficere,
1486 928 1572 997 ad
1610 927 1755 994 ltaec
1794 946 1947 1014 quae
1978 921 2091 988 hic
2129 919 2350 998 audis,
2394 918 2525 986 duc
2580 924 2645 984 te

1088 1037 1172 1106 ad
1210 1034 1738 1127 promissionem
1769 1028 2100 1110 divinam,
2137 1034 2205 1094 et
2225 1024 2644 1115 judiciorum

1090 1143 1522 1220 memoriam,
1557 1146 1683 1207 etc.

1673 1670 1884 1739 Hm
1909 1669 2045 1765 (Π)

1095 2109 1210 2198 57.
1258 2102 1508 2175 Portio
1546 2124 1732 2183 mea,
1784 2100 2122 2180 Domine,
2182 2099 2358 2179 dixi,
2405 2116 2645 2170 custo-

1359 2210 1514 2280 dire
1546 2211 1778 2303 legem
1812 2227 2037 2279 tuam.

1091 2319 1208 2391 58.
1262 2322 1698 2409 Deprecatus
1754 2337 1920 2386 sum
1965 2313 2225 2386 faciem
2287 2332 2490 2387 tuam
2565 2316 2639 2386 in

1357 2441 1511 2493 toto
1577 2424 1790 2493 corde
1847 2443 2015 2492 meo
2061 2444 2078 2491 ε
2120 2422 2462 2492 miserere
2491 2419 2636 2492 mei

1353 2531 1755 2601 secundum
1803 2527 2184 2621 eloquium
2227 2548 2465 2599 tuum.

1091 2644 1209 2732 59.
1261 2636 1595 2731 Cogitavi
1646 2637 1797 2708 vias
1866 2659 2094 2719 meas,
2185 2655 2255 2709 et
2318 2636 2640 2708 converti

1341 2746 1579 2838 ‘pedes
1625 2767 1827 2816 meos
1884 2745 1959 2816 in
2019 2745 2438 2817 testimonia
2486 2763 2634 2815 tua.

1088 2856 1205 2924 60.
1264 2854 1567 2924 Paratus
1606 2875 1798 2939 sum,
1839 2872 1910 2924 et
1968 2875 2114 2924 non
2165 2874 2332 2924 sum
2389 2853 2640 2924 turba-

1355 2978 1498 3040 tus,
1551 2977 1631 3031 ut
1676 2960 2085 3031 custodiam
2116 2959 2457 3032 mandata
2486 2978 2638 3030 tua.

1090 3071 1209 3140 61.
1267 3067 1506 3137 Funes
1603 3085 2063 3159 peccatorum
2170 3065 2637 3160 circumplexi

1357 3192 1527 3246 sunt
1591 3197 1734 3255 me,
1799 3193 1869 3247 et
1926 3176 2161 3271 legem
2232 3193 2433 3247 tuam
2494 3196 2639 3246 non

1357 3304 1521 3353 sum
1552 3283 1848 3353 oblitus.

1090 3391 1206 3462 62.
1261 3389 1504 3460 Media
1546 3407 1750 3459 nocte
1791 3390 2206 3485 surgebam,
2257 3389 2348 3460 ad
2414 3391 2644 3462 confi-

1358 3495 1661 3568 tendum
1700 3495 1828 3568 tibi
1870 3518 2091 3589 super
2134 3495 2402 3588 judicia
2423 3496 2642 3592 justi·

1356 3602 1712 3674 ficationis
1743 3621 1910 3673 tuae.

1090 3710 1210 3783 63.
1268 3709 1638 3802 Particeps
1703 3732 1835 3802 ego
1907 3731 2076 3781 sum
2145 3711 2479 3783 omnium
2545 3711 2643 3782 ti-

1358 3816 1721 3889 mentium
1785 3836 1882 3898 te,
1935 3836 2006 3890 et
2070 3816 2644 3891 custodientium

1356 3923 1699 3994 mandata
1728 3942 1875 3994 tua.

1095 4032 1213 4119 64.
1266 4028 1769 4101 Misericordia
1834 4049 1986 4115 tua,
2043 4030 2383 4116 Domine,
2432 4033 2646 4127 plena

1362 4155 1473 4209 est
1538 4154 1727 4209 terra
1795 4161 1812 4206 :
1884 4137 2434 4224 justificationes
2483 4161 2646 4212 tuas

1358 4245 1536 4318 doce
1573 4265 1714 4317 me.

1683 4794 1854 4839 um
1901 4770 2070 4869 (Π)·

1186 5234 1223 5278 ι
1262 5208 1506 5280 Portio
1534 5230 1712 5287 mea,
1751 5205 2070 5275 Domine.
2109 5231 2144 5269 n
2178 5203 2258 5273 In
2287 5202 2421 5276 hoc
2448 5227 2652 5297 quar-

1095 5327 1165 5388 to
1202 5317 1558 5388 octonario
1586 5316 1813 5409 agitur
1867 5313 1951 5383 de
2018 5322 2266 5407 quarto
2333 5313 2518 5407 quod
2548 5323 2652 5385 est

1090 5424 1578 5505 necessarium,
1611 5444 1857 5513 nempe
1902 5421 2432 5511 perseverantiae
2482 5443 2655 5513 pro-

1091 5532 1344 5626 posito,
1406 5551 1557 5622 quae
1610 5530 1833 5622 primo
1873 5527 2247 5620 requiritur
2310 5528 2383 5596 in
2437 5528 2649 5618 proli·

1092 5640 1339 5710 ciente.
1384 5635 1567 5719 Quid
1618 5637 1802 5705 enim
1856 5634 2116 5705 valeret
2178 5633 2646 5726 promptitudo

4181 323 4299 388 271

2752 594 2996 675 solatio
3037 594 3438 685 spiritualis,
3481 596 3538 663 si
3578 619 3718 664 non
3772 596 3960 664 daret
3999 597 4313 685 proposi-

2711 729 2714 733 ·
2752 709 2898 769 tum
2929 702 3414 792 perseverandi
3454 703 3720 793 agendo
3755 703 4040 781 bonum,
4074 711 4140 770 et
4169 726 4311 770 sus-

2752 810 3034 878 tinendo
3087 812 3404 879 malum?
3442 810 3654 879 Nihil.
3718 812 4007 901 Propter
4053 810 4183 879 hoc
4241 812 4308 877 in

2751 915 2882 984 hoc
2913 919 3268 984 octonario
3312 925 3556 1008 quarto
3597 918 3823 1007 agitur
3859 916 3942 984 de
3990 917 4309 1005 proposi-

2752 1033 2822 1091 to
2852 1024 3361 1113 perseverandi.
3394 1024 3484 1092 Et
3519 1024 3775 1113 primo,
3819 1023 3902 1092 de
3955 1024 4305 1114 proposito

2752 1131 3234 1221 perseverandi
3274 1132 3346 1198 iu
3385 1130 3651 1222 agendo
3683 1130 3965 1199 bonum.
3990 1128 4307 1200 Secundo

2752 1241 2959 1307 etiam
2991 1241 3064 1307 in
3093 1240 3495 1308 sustinendo
3528 1239 3813 1322 malum,
3837 1248 3913 1307 ut
3930 1263 4306 1331 numquam

2750 1353 3029 1437 propter
3077 1344 3213 1414 hoc
3277 1346 3581 1416 desistat.
3625 1346 3711 1414 Et
3747 1345 4120 1415 secundum
4178 1346 4309 1416 hoc

2752 1452 3072 1520 dicuntur
3127 1452 3264 1520 duo
3306 1451 3441 1520 hic.
3515 1453 3776 1531 Primo,
3840 1453 4198 1522 confitetur
4235 1476 4306 1521 se

2750 1558 3005 1627 habere
3057 1560 3487 1649 propositum
3547 1560 3962 1651 adimplendi
4045 1560 4302 1629 bonum

2751 1666 3176 1757 simpliciter,
3228 1675 3298 1735 et
3333 1668 3809 1758 perseverandi
3861 1670 3931 1735 in
3968 1667 4085 1737 illo
4134 1670 4305 1736 sim-

2749 1775 3039 1866 pliciter.
3076 1774 3421 1857 Secundo,
3465 1777 3670 1844 etiam
3744 1778 4100 1868 ingruente
4146 1800 4305 1867 per-

2751 1885 3099 1952 secutione
3130 1884 3538 1976 specialiter,
3570 1883 3689 1965 ibi,
3721 1892 3787 1963 ἵ.
3822 1887 3906 1955 60
3940 1907 3955 1955 :
4005 1914 4038 1950 «
4071 1889 4303 1956 Para-

2750 2002 2863 2061 tus
2889 2016 3075 2074 sum,
3116 2002 3183 2062 et
3208 2016 3346 2062 non
3382 2015 3538 2062 sum
3569 1992 3913 2063 turbatus.
3950 2022 3982 2057 »ι

2839 2099 2917 2189 In
2946 2103 3168 2192 prima
3204 2101 3568 2170 confitetur
3627 2103 4051 2193 propositum
4081 2104 4302 2194 persi-

2748 2207 2995 2275 stendi.
3067 2206 3412 2290 Secundo,
3463 2209 3907 2277 monstrando
3945 2208 4124 2278 unde
4169 2208 4301 2278 ha-

2745 2316 2902 2385 beat
2929 2317 3251 2386 fiduciam
3282 2316 3707 2409 persistendi,
3741 2340 3827 2387 ne
3856 2321 4296 2411 praesumptio

2735 2425 3082 2515 judicetur
3145 2423 3279 2493 tale
3354 2427 3812 2516 propositum,
3882 2425 4001 2512 ibi,
4044 2435 4106 2506 ὴ.
4153 2428 4239 2495 Ξί8
4272 2449 4288 2497 :

2747 2559 2782 2596 α
2815 2535 3236 2625 Deprecatus
3259 2554 3445 2603 sum.
3491 2559 3524 2600 s

2835 2848 3013 2916 Dicit
3041 2872 3206 2940 ergo
3241 2871 3257 2917 z
3291 2849 3682 2920 Affectuoso
3720 2849 4007 2942 loquens
4036 2852 4120 2920 ad
4150 2852 4294 2921 Ilo-

2745 2958 3038 3034 minum,
3087 2957 3187 3025 sic
3224 2957 3619 3027 consolatus
3692 2981 3846 3027 sum
3898 2981 3915 3027 :
3960 2957 4106 3039 sed,
4139 2982 4182 3028 o
4220 2968 4293 3027 tu

2743 3065 3064 3145 Domine,
3099 3066 3217 3158 qui
3257 3089 3329 3136 es
3368 3096 3402 3130 ιι
3428 3069 3660 3159 portio
3698 3091 3873 3139 mea.
3919 3094 3952 3135 ι
3997 3067 4156 3138 Alia
4184 3069 4297 3138 lit-

2743 3181 2914 3251 tera,
2953 3200 2987 3235 ι
3039 3172 3208 3241 I‘ars
3261 3197 3440 3257 mea,
3485 3200 3520 3241 n
3556 3174 3740 3267 quod
3786 3177 3966 3245 idem
4033 3184 4159 3245 est.
4219 3176 4297 3244 In

2746 3277 2928 3349 I’sal.
2988 3302 3163 3362 oxu,
3197 3281 3264 3360 6,
3324 3280 3500 3350 infra
3558 3284 3785 3352 :Dixi
3839 3307 3863 3351 .·
3905 3285 4007 3353 Tu
4059 3306 4303 3376 esspes

2745 3410 2922 3468 mea,
2957 3390 3191 3480 portio
3222 3412 3400 3471 mea,
3459 3398 3586 3458 etc.
3636 3389 3716 3458 Et
3762 3413 3992 3482 supra.
4030 3394 4097 3460 in
4164 3392 4298 3461 alio

2745 3491 3024 3562 Psalmo
3053 3516 3172 3573 xv,
3205 3496 3247 3561 5
3281 3516 3300 3561 ε
3340 3496 3686 3563 Dominus
3740 3519 3911 3586 pars
3945 3497 4305 3567 heredita-

2744 3602 2835 3669 tis
2853 3623 3039 3669 meae.
3065 3598 3321 3670 Thren.
3351 3623 3453 3684 nt,
3476 3602 3563 3670 24
3604 3625 3621 3672 ε
3662 3604 3846 3673 Pars
3874 3626 4023 3674 mea
4051 3608 4303 3675 Domt’-

2745 3729 2900 3790 nus,
2943 3706 3129 3775 dixit
3156 3708 3399 3777 anima
3427 3731 3602 3778 mea.
3661 3708 3842 3780 Volo
3885 3732 4033 3782 essa
4071 3711 4154 3781 de
4184 3735 4304 3781 or-

2748 3811 2905 3882 dine
2968 3812 3389 3883 Levitarum.
3468 3814 3743 3885 Denter.
3803 3839 3999 3897 xvnt,
4048 3818 4134 3888 20
4168 3842 4186 3889 :
4216 3821 4302 3888 In

2748 3933 2932 3990 terra
2960 3943 3199 3990 eorum
3254 3921 3443 3991 nihil
3495 3922 3957 4015 possidebitis,
4016 3949 4136 3996 nec
4170 3927 4305 3996 lm-

2751 4029 2990 4099 bebitt's
3012 4039 3288 4122 partem
3319 4032 3498 4100 inter
3521 4053 3634 4101 eos
3663 4055 3687 4100 .·
3724 4055 3850 4123 eqo
3883 4057 4055 4127 pars
4079 4044 4146 4105 el
4171 4036 4306 4106 ltae-

2751 4137 3009 4206 reditas
3034 4145 3189 4206 lua.
3222 4136 3312 4208 Et
3356 4137 3535 4207 sicut
3598 4140 3902 4232 tangitur
3931 4143 4004 4211 in
4034 4141 4301 4221 Glossa.

2750 4242 2931 4311 idem
2962 4250 3067 4313 est
3113 4265 3194 4313 ac
3236 4243 3294 4313 si
3333 4243 3586 4315 diceret
3621 4269 3639 4316 z
3680 4245 3792 4316 Me
3857 4269 3998 4318 non
4026 4247 4307 4318 inflam-

2750 4359 2895 4419 mat
2930 4348 3171 4431 libido,
3203 4373 3360 4444 quae
3392 4362 3496 4422 est
3523 4375 3681 4445 pars
3718 4353 4052 4426 luxuriosi
4092 4378 4111 4426 ε
4164 4379 4307 4429 non

2750 4455 3060 4525 stimulat
3104 4458 3420 4537 avaritia,
3472 4482 3630 4551 quas
3695 4471 3799 4531 est
3852 4484 4009 4555 pars
4062 4467 4304 4537 avari:

2749 4587 2893 4634 nou
2920 4564 3329 4633 exterminat
3346 4562 3650 4651 lascivia,
3685 4591 3836 4661 quae
3873 4578 4150 4663 estpars
4176 4573 4307 4642 dis·

2751 4672 3009 4742 soluti:
3043 4694 3188 4742 non
3242 4671 3593 4744 decolorat
3638 4674 3937 4759 luxuria,
3996 4701 4153 4772 quae
4203 4692 4308 4752 est

2751 4804 2909 4874 pars
2945 4780 3174 4874 gulosi
3230 4800 3249 4852 ε
3308 4803 3451 4851 non
3505 4785 3748 4854 sternit
3798 4784 4111 4870 ambitio,
4152 4812 4304 4881 quae

2753 4896 2856 4957 est
2891 4908 3050 4979 pars
3077 4883 3354 4978 superbi
3388 4908 3407 4956 ε
3458 4910 3600 4958 non
3654 4900 3955 4962 macerat
4017 4895 4301 4982 invidia,

2753 5018 2906 5088 quae
2961 5002 3250 5088 estpars
3305 4994 3524 5065 invidi
3571 5017 3591 5068 t
3650 5021 3791 5069 non
3856 5000 4090 5095 aliqua
4141 5026 4306 5074 cura

2751 5102 3182 5173 saecularium
3213 5103 3344 5172 erit
3388 5102 3789 5190 sollicitans,
3830 5129 3982 5200 quae
4018 5119 4122 5179 est
4147 5133 4304 5202 pars

2752 5210 3002 5281 curiosi
3045 5232 3064 5280 ε
3095 5207 3218 5278 sed
3244 5216 3322 5277 tu
3357 5212 3583 5301 portio
3622 5235 3777 5283 mea
3812 5202 4095 5306 optima.
4134 5216 4302 5293 Luc.

2750 5341 2824 5401 x,
2886 5319 3024 5389 43:
3066 5316 3303 5387 Maria
3339 5318 3680 5410 optimam
3736 5331 4010 5411 partem
4067 5324 4298 5417 eleqt’t,

2750 5448 2904 5518 φα
2931 5448 3068 5494 non
3097 5425 3461 5514 auferetur
3480 5423 3571 5494 ab
3598 5448 3695 5495 ea.

2839 5531 3053 5623 Ergo,-
3092 5552 3135 5599 o
3204 5554 3239 5596 ι
3291 5533 3605 5612 Domine,
3649 5536 3881 5626 portio
3954 5561 4133 5620 mea,
4192 5540 4308 5608 da·-

2748 5641 2853 5720 sci,
2899 5666 2936 5703 s
2997 5636 3285 5705 firmiter
3339 5642 3693 5729 proposui,
3733 5668 3768 5709 a
3826 5646 4169 5714 custodire
4207 5645 4309 5714 Ie-

4420 2874 4548 2937 Εἴ
