<?xml version="1.0" encoding="UTF-8"?>
<!DOCTYPE html PUBLIC "-//W3C//DTD XHTML 1.0 Transitional//EN"
    "http://www.w3.org/TR/xhtml1/DTD/xhtml1-transitional.dtd">
<html xmlns="http://www.w3.org/1999/xhtml" xml:lang="en" lang="en">
 <head>
  <title>
</title>
<meta http-equiv="Content-Type" content="text/html;charset=utf-8" />
  <meta name='ocr-system' content='tesseract 3.04.00' />
  <meta name='ocr-capabilities' content='ocr_page ocr_carea ocr_par ocr_line ocrx_word'/>
</head>
<body>
  <div class='ocr_page' id='page_1' title='image "balbertimagnira02chgoog_0354.png"; bbox 0 0 5008 6329; ppageno 0'>
   <div class='ocr_carea' id='block_1_1' title="bbox 670 279 799 349">
    <p class='ocr_par' dir='ltr' id='par_1_1' title="bbox 670 279 799 349">
     <span class='ocr_line' id='line_1_1' title="bbox 670 279 799 349; baseline 0.023 -3"><span class='ocrx_word' id='word_1_1' title='bbox 670 279 799 349; x_wconf 67' lang='lat'><strong>344</strong></span> 
     </span>
    </p>
   </div>
   <div class='ocr_carea' id='block_1_2' title="bbox 668 453 2220 766">
    <p class='ocr_par' dir='ltr' id='par_1_2' title="bbox 668 453 2220 766">
     <span class='ocr_line' id='line_1_2' title="bbox 670 453 2217 561; baseline 0.013 -41"><span class='ocrx_word' id='word_1_2' title='bbox 670 453 787 532; x_wconf 82' lang='lat' dir='ltr'><strong>ibi,</strong></span> <span class='ocrx_word' id='word_1_3' title='bbox 833 463 1228 550; x_wconf 83' lang='lat' dir='ltr'><strong>peregrinus</strong></span> <span class='ocrx_word' id='word_1_4' title='bbox 1258 485 1296 528; x_wconf 91' lang='lat' dir='ltr'><strong>a</strong></span> <span class='ocrx_word' id='word_1_5' title='bbox 1332 462 1479 531; x_wconf 90' lang='lat' dir='ltr'><strong>Deo</strong></span> <span class='ocrx_word' id='word_1_6' title='bbox 1523 472 1590 532; x_wconf 90' lang='lat' dir='ltr'><strong>et</strong></span> <span class='ocrx_word' id='word_1_7' title='bbox 1621 469 1841 557; x_wconf 86' lang='lat' dir='ltr'><strong>patria</strong></span> <span class='ocrx_word' id='word_1_8' title='bbox 1882 491 2005 538; x_wconf 87' lang='lat' dir='ltr'><strong>sua</strong></span> <span class='ocrx_word' id='word_1_9' title='bbox 2054 494 2217 561; x_wconf 91' lang='lat' dir='ltr'><strong>pro-</strong></span> 
     </span>
     <span class='ocr_line' id='line_1_3' title="bbox 668 564 2220 653; baseline 0.014 -26"><span class='ocrx_word' id='word_1_10' title='bbox 668 564 835 653; x_wconf 86' lang='lat' dir='ltr'><strong>pria.</strong></span> <span class='ocrx_word' id='word_1_11' title='bbox 883 566 945 631; x_wconf 85' lang='grc' dir='ltr'>Π</span> <span class='ocrx_word' id='word_1_12' title='bbox 971 567 1055 633; x_wconf 85' lang='lat' dir='ltr'><strong>ad</strong></span> <span class='ocrx_word' id='word_1_13' title='bbox 1086 567 1394 636; x_wconf 85' lang='lat' dir='ltr'><strong>Corinth.</strong></span> <span class='ocrx_word' id='word_1_14' title='bbox 1438 595 1506 649; x_wconf 87' lang='lat' dir='ltr'><strong>v,</strong></span> <span class='ocrx_word' id='word_1_15' title='bbox 1555 574 1594 640; x_wconf 82' lang='lat'>6</span> <span class='ocrx_word' id='word_1_16' title='bbox 1664 598 1679 642; x_wconf 76' lang='grc' dir='ltr'><strong><em>ε</em></strong></span> <span class='ocrx_word' id='word_1_17' title='bbox 1743 579 1933 645; x_wconf 88' lang='lat' dir='ltr'><strong>Dum</strong></span> <span class='ocrx_word' id='word_1_18' title='bbox 1986 603 2220 648; x_wconf 84' lang='lat' dir='ltr'><strong>sumus</strong></span> 
     </span>
     <span class='ocr_line' id='line_1_4' title="bbox 669 670 2069 766; baseline 0.013 -32"><span class='ocrx_word' id='word_1_19' title='bbox 669 670 741 734; x_wconf 85' lang='lat' dir='ltr'><strong>in</strong></span> <span class='ocrx_word' id='word_1_20' title='bbox 779 692 1076 762; x_wconf 85' lang='lat' dir='ltr'><strong>corpore,</strong></span> <span class='ocrx_word' id='word_1_21' title='bbox 1104 680 1635 766; x_wconf 81' lang='lat' dir='ltr'><strong>pereqrinamur</strong></span> <span class='ocrx_word' id='word_1_22' title='bbox 1666 708 1708 750; x_wconf 87' lang='lat' dir='ltr'><strong>a</strong></span> <span class='ocrx_word' id='word_1_23' title='bbox 1746 687 2069 752; x_wconf 80' lang='lat' dir='ltr'><strong>Domino.</strong></span> 
     </span>
    </p>
   </div>
   <div class='ocr_carea' id='block_1_3' title="bbox 631 1017 2215 2618">
    <p class='ocr_par' dir='ltr' id='par_1_3' title="bbox 655 1017 2215 1650">
     <span class='ocr_line' id='line_1_5' title="bbox 760 1017 2214 1111; baseline 0.01 -32"><span class='ocrx_word' id='word_1_24' title='bbox 760 1043 795 1081; x_wconf 88' lang='lat'>«</span> <span class='ocrx_word' id='word_1_25' title='bbox 831 1017 1005 1086; x_wconf 88' lang='lat' dir='ltr'><strong>Cum</strong></span> <span class='ocrx_word' id='word_1_26' title='bbox 1034 1019 1144 1088; x_wconf 81' lang='lat' dir='ltr'><strong>his</strong></span> <span class='ocrx_word' id='word_1_27' title='bbox 1182 1022 1309 1111; x_wconf 89' lang='lat' dir='ltr'><strong>qui</strong></span> <span class='ocrx_word' id='word_1_28' title='bbox 1346 1022 1661 1089; x_wconf 86' lang='lat' dir='ltr'><strong>oderunt.</strong></span> <span class='ocrx_word' id='word_1_29' title='bbox 1708 1047 1742 1088; x_wconf 67' lang='lat' dir='ltr'><strong>n</strong></span> <span class='ocrx_word' id='word_1_30' title='bbox 1803 1023 1933 1092; x_wconf 89' lang='lat' dir='ltr'><strong>Hic</strong></span> <span class='ocrx_word' id='word_1_31' title='bbox 1970 1047 2214 1093; x_wconf 86' lang='lat' dir='ltr'><strong>secun-</strong></span> 
     </span>
     <span class='ocr_line' id='line_1_6' title="bbox 665 1122 2215 1218; baseline 0.008 -28"><span class='ocrx_word' id='word_1_32' title='bbox 665 1122 851 1204; x_wconf 88' lang='lat' dir='ltr'><strong>dum,</strong></span> <span class='ocrx_word' id='word_1_33' title='bbox 887 1125 956 1192; x_wconf 92' lang='lat' dir='ltr'><strong>in</strong></span> <span class='ocrx_word' id='word_1_34' title='bbox 997 1150 1133 1215; x_wconf 91' lang='lat' dir='ltr'><strong>quo</strong></span> <span class='ocrx_word' id='word_1_35' title='bbox 1175 1127 1473 1195; x_wconf 83' lang='lat' dir='ltr'><strong>ostendit</strong></span> <span class='ocrx_word' id='word_1_36' title='bbox 1511 1128 1802 1218; x_wconf 81' lang='lat' dir='ltr'>qualiter</span> <span class='ocrx_word' id='word_1_37' title='bbox 1848 1154 1919 1200; x_wconf 88' lang='lat' dir='ltr'><strong>se</strong></span> <span class='ocrx_word' id='word_1_38' title='bbox 1966 1131 2215 1202; x_wconf 86' lang='lat' dir='ltr'><strong>habue-</strong></span> 
     </span>
     <span class='ocr_line' id='line_1_7' title="bbox 663 1233 2206 1329; baseline 0.006 -29"><span class='ocrx_word' id='word_1_39' title='bbox 663 1233 750 1300; x_wconf 89' lang='lat' dir='ltr'><strong>rit</strong></span> <span class='ocrx_word' id='word_1_40' title='bbox 776 1256 931 1301; x_wconf 91' lang='lat' dir='ltr'><strong>cum</strong></span> <span class='ocrx_word' id='word_1_41' title='bbox 963 1234 1096 1302; x_wconf 93' lang='lat' dir='ltr'><strong>illis</strong></span> <span class='ocrx_word' id='word_1_42' title='bbox 1124 1235 1350 1314; x_wconf 82' lang='lat' dir='ltr'><strong>maliS,</strong></span> <span class='ocrx_word' id='word_1_43' title='bbox 1386 1258 1542 1303; x_wconf 90' lang='lat' dir='ltr'><strong>cum</strong></span> <span class='ocrx_word' id='word_1_44' title='bbox 1576 1238 1823 1329; x_wconf 88' lang='lat' dir='ltr'><strong>quibus</strong></span> <span class='ocrx_word' id='word_1_45' title='bbox 1854 1237 2206 1323; x_wconf 80' lang='lat' dir='ltr'><strong>habitavit,</strong></span> 
     </span>
     <span class='ocr_line' id='line_1_8' title="bbox 662 1340 2212 1435; baseline 0.008 -30"><span class='ocrx_word' id='word_1_46' title='bbox 662 1340 822 1429; x_wconf 88' lang='lat' dir='ltr'><strong>quia</strong></span> <span class='ocrx_word' id='word_1_47' title='bbox 874 1342 1230 1431; x_wconf 82' lang='lat' dir='ltr'><strong>patienter.</strong></span> <span class='ocrx_word' id='word_1_48' title='bbox 1315 1341 1513 1411; x_wconf 91' lang='lat' dir='ltr'><strong>Unde</strong></span> <span class='ocrx_word' id='word_1_49' title='bbox 1595 1346 1847 1435; x_wconf 90' lang='lat' dir='ltr'><strong>primo,</strong></span> <span class='ocrx_word' id='word_1_50' title='bbox 1919 1349 2212 1418; x_wconf 80' lang='lat' dir='ltr'>ostendit</span> 
     </span>
     <span class='ocr_line' id='line_1_9' title="bbox 655 1447 2210 1543; baseline 0.006 -29"><span class='ocrx_word' id='word_1_51' title='bbox 655 1447 1077 1538; x_wconf 89' lang='lat' dir='ltr'><strong>patientiam.</strong></span> <span class='ocrx_word' id='word_1_52' title='bbox 1163 1449 1509 1534; x_wconf 82' lang='lat' dir='ltr'><strong>Secundo,</strong></span> <span class='ocrx_word' id='word_1_53' title='bbox 1579 1456 1925 1543; x_wconf 70' lang='lat' dir='ltr'><strong>patientiae</strong></span> <span class='ocrx_word' id='word_1_54' title='bbox 1998 1456 2210 1525; x_wconf 81' lang='lat' dir='ltr'><strong>vehe-</strong></span> 
     </span>
     <span class='ocr_line' id='line_1_10' title="bbox 655 1555 2113 1650; baseline 0.007 -30"><span class='ocrx_word' id='word_1_55' title='bbox 655 1556 1009 1639; x_wconf 88' lang='lat' dir='ltr'><strong>mentiam,</strong></span> <span class='ocrx_word' id='word_1_56' title='bbox 1054 1555 1172 1638; x_wconf 88' lang='lat' dir='ltr'><strong>ibi,</strong></span> <span class='ocrx_word' id='word_1_57' title='bbox 1209 1585 1244 1621; x_wconf 73' lang='grc' dir='ltr'><strong>α</strong></span> <span class='ocrx_word' id='word_1_58' title='bbox 1294 1560 1467 1627; x_wconf 86' lang='lat' dir='ltr'><strong>Cum</strong></span> <span class='ocrx_word' id='word_1_59' title='bbox 1504 1559 1835 1650; x_wconf 82' lang='lat' dir='ltr'><em>loquebar</em></span> <span class='ocrx_word' id='word_1_60' title='bbox 1873 1563 2046 1630; x_wconf 87' lang='lat' dir='ltr'><strong>illis.</strong></span> <span class='ocrx_word' id='word_1_61' title='bbox 2081 1589 2113 1630; x_wconf 66' lang='lat' dir='ltr'>n</span> 
     </span>
    </p>

    <p class='ocr_par' dir='ltr' id='par_1_4' title="bbox 631 1661 2206 2618">
     <span class='ocr_line' id='line_1_11' title="bbox 740 1661 2206 1755; baseline 0.008 -28"><span class='ocrx_word' id='word_1_62' title='bbox 740 1661 856 1727; x_wconf 82' lang='lat' dir='ltr'><strong>Ait</strong></span> <span class='ocrx_word' id='word_1_63' title='bbox 893 1685 1054 1755; x_wconf 86' lang='lat' dir='ltr'><strong>ergo</strong></span> <span class='ocrx_word' id='word_1_64' title='bbox 1090 1686 1105 1732; x_wconf 73' lang='grc' dir='ltr'><em>τ</em></span> <span class='ocrx_word' id='word_1_65' title='bbox 1146 1662 1261 1732; x_wconf 88' lang='lat' dir='ltr'><strong>Sic</strong></span> <span class='ocrx_word' id='word_1_66' title='bbox 1299 1663 1604 1734; x_wconf 82' lang='lat' dir='ltr'><strong>habitavi</strong></span> <span class='ocrx_word' id='word_1_67' title='bbox 1646 1691 1804 1736; x_wconf 92' lang='lat' dir='ltr'><strong>cum</strong></span> <span class='ocrx_word' id='word_1_68' title='bbox 1835 1668 2206 1738; x_wconf 88' lang='lat' dir='ltr'><strong>habitanti-</strong></span> 
     </span>
     <span class='ocr_line' id='line_1_12' title="bbox 651 1766 2201 1861; baseline 0.005 -27"><span class='ocrx_word' id='word_1_69' title='bbox 651 1766 775 1836; x_wconf 89' lang='lat' dir='ltr'><strong>bus</strong></span> <span class='ocrx_word' id='word_1_70' title='bbox 830 1769 1070 1855; x_wconf 88' lang='lat' dir='ltr'><strong>Cedar,</strong></span> <span class='ocrx_word' id='word_1_71' title='bbox 1126 1780 1192 1839; x_wconf 86' lang='lat' dir='ltr'><strong>ct</strong></span> <span class='ocrx_word' id='word_1_72' title='bbox 1242 1780 1473 1840; x_wconf 87' lang='lat' dir='ltr'><strong>tamen</strong></span> <span class='ocrx_word' id='word_1_73' title='bbox 1523 1802 1556 1837; x_wconf 78' lang='grc' dir='ltr'><strong>α</strong></span> <span class='ocrx_word' id='word_1_74' title='bbox 1607 1797 1764 1842; x_wconf 84' lang='lat' dir='ltr'><strong>cum</strong></span> <span class='ocrx_word' id='word_1_75' title='bbox 1812 1776 1943 1861; x_wconf 63' lang='lat' dir='ltr'><strong>leis,</strong></span> <span class='ocrx_word' id='word_1_76' title='bbox 1989 1784 2112 1846; x_wconf 89' lang='lat' dir='ltr'><strong>etc.</strong></span> <span class='ocrx_word' id='word_1_77' title='bbox 2165 1805 2201 1842; x_wconf 68' lang='lat' dir='ltr'><strong>s</strong></span> 
     </span>
     <span class='ocr_line' id='line_1_13' title="bbox 649 1874 2205 1970; baseline 0.008 -29"><span class='ocrx_word' id='word_1_78' title='bbox 649 1874 778 1943; x_wconf 81' lang='lat' dir='ltr'><strong>Vel</strong></span> <span class='ocrx_word' id='word_1_79' title='bbox 822 1899 837 1942; x_wconf 75' lang='grc' dir='ltr'>ε</span> <span class='ocrx_word' id='word_1_80' title='bbox 877 1876 989 1944; x_wconf 90' lang='lat' dir='ltr'><strong>Sic</strong></span> <span class='ocrx_word' id='word_1_81' title='bbox 1029 1877 1278 1970; x_wconf 83' lang='lat' dir='ltr'><strong>longus</strong></span> <span class='ocrx_word' id='word_1_82' title='bbox 1311 1880 1438 1947; x_wconf 83' lang='lat' dir='ltr'><strong>fuit</strong></span> <span class='ocrx_word' id='word_1_83' title='bbox 1480 1880 1843 1962; x_wconf 78' lang='lat' dir='ltr'><strong>incolatu8‚</strong></span> <span class='ocrx_word' id='word_1_84' title='bbox 1888 1906 2012 1952; x_wconf 88' lang='lat' dir='ltr'><strong>nec</strong></span> <span class='ocrx_word' id='word_1_85' title='bbox 2046 1907 2205 1953; x_wconf 91' lang='lat' dir='ltr'><strong>mo-</strong></span> 
     </span>
     <span class='ocr_line' id='line_1_14' title="bbox 646 1981 2200 2082; baseline 0.008 -34"><span class='ocrx_word' id='word_1_86' title='bbox 646 1981 871 2052; x_wconf 90' lang='lat' dir='ltr'><strong>dicum</strong></span> <span class='ocrx_word' id='word_1_87' title='bbox 930 1986 1183 2076; x_wconf 86' lang='lat' dir='ltr'><strong>gravis,</strong></span> <span class='ocrx_word' id='word_1_88' title='bbox 1236 1989 1397 2077; x_wconf 91' lang='lat' dir='ltr'><strong>quia</strong></span> <span class='ocrx_word' id='word_1_89' title='bbox 1463 2015 1498 2054; x_wconf 81' lang='lat'>«</span> <span class='ocrx_word' id='word_1_90' title='bbox 1548 2012 1706 2058; x_wconf 90' lang='lat' dir='ltr'><strong>cum</strong></span> <span class='ocrx_word' id='word_1_91' title='bbox 1746 1991 1857 2058; x_wconf 76' lang='lat' dir='ltr'><strong>liis</strong></span> <span class='ocrx_word' id='word_1_92' title='bbox 1894 1993 2019 2082; x_wconf 91' lang='lat' dir='ltr'><strong>qui</strong></span> <span class='ocrx_word' id='word_1_93' title='bbox 2045 1994 2200 2061; x_wconf 88' lang='lat' dir='ltr'><strong>ode·</strong></span> 
     </span>
     <span class='ocr_line' id='line_1_15' title="bbox 642 2095 2201 2182; baseline 0.007 -24"><span class='ocrx_word' id='word_1_94' title='bbox 642 2100 808 2159; x_wconf 84' lang='lat' dir='ltr'><strong>runt</strong></span> <span class='ocrx_word' id='word_1_95' title='bbox 827 2114 1093 2182; x_wconf 82' lang='lat' dir='ltr'><strong><em>pacem,</em></strong></span> <span class='ocrx_word' id='word_1_96' title='bbox 1130 2122 1163 2156; x_wconf 70' lang='grc' dir='ltr'><strong>»ι</strong></span> <span class='ocrx_word' id='word_1_97' title='bbox 1199 2118 1356 2164; x_wconf 89' lang='lat' dir='ltr'><strong>cum</strong></span> <span class='ocrx_word' id='word_1_98' title='bbox 1409 2095 1887 2180; x_wconf 80' lang='lat' dir='ltr'><strong>schismaticis,</strong></span> <span class='ocrx_word' id='word_1_99' title='bbox 1948 2107 2016 2168; x_wconf 86' lang='lat' dir='ltr'><strong>et</strong></span> <span class='ocrx_word' id='word_1_100' title='bbox 2060 2101 2201 2169; x_wconf 92' lang='lat' dir='ltr'><strong>dis-</strong></span> 
     </span>
     <span class='ocr_line' id='line_1_16' title="bbox 643 2198 2199 2295; baseline 0.006 -28"><span class='ocrx_word' id='word_1_101' title='bbox 643 2198 985 2280; x_wconf 79' lang='lat' dir='ltr'><strong>cordibuS,</strong></span> <span class='ocrx_word' id='word_1_102' title='bbox 1053 2232 1083 2264; x_wconf 88' lang='lat'>«</span> <span class='ocrx_word' id='word_1_103' title='bbox 1143 2225 1332 2270; x_wconf 84' lang='lat' dir='ltr'><strong>eram</strong></span> <span class='ocrx_word' id='word_1_104' title='bbox 1356 2205 1718 2295; x_wconf 80' lang='lat' dir='ltr'><strong>pacificus,</strong></span> <span class='ocrx_word' id='word_1_105' title='bbox 1758 2231 1791 2272; x_wconf 69' lang='grc' dir='ltr'><strong><em>ι</em></strong></span> <span class='ocrx_word' id='word_1_106' title='bbox 1848 2207 2199 2277; x_wconf 87' lang='lat' dir='ltr'><strong>attendens</strong></span> 
     </span>
     <span class='ocr_line' id='line_1_17' title="bbox 641 2305 2200 2402; baseline 0.007 -29"><span class='ocrx_word' id='word_1_107' title='bbox 641 2305 807 2374; x_wconf 89' lang='lat' dir='ltr'><strong>illud</strong></span> <span class='ocrx_word' id='word_1_108' title='bbox 835 2307 1181 2400; x_wconf 79' lang='lat' dir='ltr'><strong>Apostoli,</strong></span> <span class='ocrx_word' id='word_1_109' title='bbox 1213 2311 1300 2379; x_wconf 86' lang='lat' dir='ltr'><strong>ad</strong></span> <span class='ocrx_word' id='word_1_110' title='bbox 1331 2310 1583 2402; x_wconf 86' lang='lat' dir='ltr'><strong>Ephes.</strong></span> <span class='ocrx_word' id='word_1_111' title='bbox 1628 2335 1722 2392; x_wconf 79' lang='grc' dir='ltr'><strong>ιν,</strong></span> <span class='ocrx_word' id='word_1_112' title='bbox 1767 2315 1807 2383; x_wconf 93' lang='grc'>3</span> <span class='ocrx_word' id='word_1_113' title='bbox 1842 2335 1858 2383; x_wconf 86' lang='lat'>:</span> <span class='ocrx_word' id='word_1_114' title='bbox 1894 2315 2200 2384; x_wconf 79' lang='lat' dir='ltr'><strong>Solliciti</strong></span> 
     </span>
     <span class='ocr_line' id='line_1_18' title="bbox 633 2418 2195 2513; baseline 0.006 -32"><span class='ocrx_word' id='word_1_115' title='bbox 633 2437 902 2483; x_wconf 87' lang='lat' dir='ltr'><strong>servare</strong></span> <span class='ocrx_word' id='word_1_116' title='bbox 927 2418 1262 2486; x_wconf 80' lang='lat' dir='ltr'><strong>unitatem</strong></span> <span class='ocrx_word' id='word_1_117' title='bbox 1300 2418 1592 2511; x_wconf 80' lang='lat' dir='ltr'><strong>spiritus</strong></span> <span class='ocrx_word' id='word_1_118' title='bbox 1629 2420 1701 2487; x_wconf 82' lang='lat' dir='ltr'><strong>in</strong></span> <span class='ocrx_word' id='word_1_119' title='bbox 1749 2421 2025 2490; x_wconf 81' lang='lat' dir='ltr'><strong>viuculo</strong></span> <span class='ocrx_word' id='word_1_120' title='bbox 2057 2446 2195 2513; x_wconf 84' lang='lat' dir='ltr'><strong>pa-</strong></span> 
     </span>
     <span class='ocr_line' id='line_1_19' title="bbox 631 2524 2182 2618; baseline 0.005 -26"><span class='ocrx_word' id='word_1_121' title='bbox 631 2524 749 2592; x_wconf 89' lang='lat' dir='ltr'><strong>cis.</strong></span> <span class='ocrx_word' id='word_1_122' title='bbox 793 2524 878 2593; x_wconf 88' lang='lat' dir='ltr'><strong>Et</strong></span> <span class='ocrx_word' id='word_1_123' title='bbox 909 2524 1073 2594; x_wconf 88' lang='lat' dir='ltr'><strong>illud</strong></span> <span class='ocrx_word' id='word_1_124' title='bbox 1116 2525 1453 2618; x_wconf 86' lang='lat' dir='ltr'><strong>ejusdem,</strong></span> <span class='ocrx_word' id='word_1_125' title='bbox 1489 2526 1574 2595; x_wconf 88' lang='lat' dir='ltr'><strong>ad</strong></span> <span class='ocrx_word' id='word_1_126' title='bbox 1613 2527 1826 2597; x_wconf 88' lang='lat' dir='ltr'><strong>Hebr.</strong></span> <span class='ocrx_word' id='word_1_127' title='bbox 1869 2553 1991 2612; x_wconf 84' lang='lat' dir='ltr'><strong>xu,</strong></span> <span class='ocrx_word' id='word_1_128' title='bbox 2048 2532 2124 2597; x_wconf 69' lang='lat'><strong>14</strong></span> <span class='ocrx_word' id='word_1_129' title='bbox 2166 2553 2182 2599; x_wconf 87' lang='lat'>:</span> 
     </span>
    </p>
   </div>
   <div class='ocr_carea' id='block_1_4' title="bbox 1686 298 2896 369">
    <p class='ocr_par' dir='ltr' id='par_1_5' title="bbox 1686 298 2896 369">
     <span class='ocr_line' id='line_1_20' title="bbox 1686 298 2896 369; baseline 0.003 -4"><span class='ocrx_word' id='word_1_130' title='bbox 1686 299 1771 366; x_wconf 87' lang='lat' dir='ltr'><strong>D.</strong></span> <span class='ocrx_word' id='word_1_131' title='bbox 1824 299 2023 367; x_wconf 85' lang='lat' dir='ltr'><strong>ALB.</strong></span> <span class='ocrx_word' id='word_1_132' title='bbox 2077 300 2290 367; x_wconf 88' lang='lat' dir='ltr'><strong>MAG.</strong></span> <span class='ocrx_word' id='word_1_133' title='bbox 2346 298 2549 367; x_wconf 85' lang='lat' dir='ltr'><strong>ORD.</strong></span> <span class='ocrx_word' id='word_1_134' title='bbox 2601 301 2896 369; x_wconf 88' lang='lat' dir='ltr'><strong>PRAED.</strong></span> 
     </span>
    </p>
   </div>
   <div class='ocr_carea' id='block_1_5' title="bbox 2326 474 3855 563">
    <p class='ocr_par' dir='ltr' id='par_1_6' title="bbox 2326 474 3855 563">
     <span class='ocr_line' id='line_1_21' title="bbox 2326 474 3855 563; baseline 0 -23"><span class='ocrx_word' id='word_1_135' title='bbox 2326 476 2744 552; x_wconf 66' lang='lat' dir='ltr'><strong>aimonium,</strong></span> <span class='ocrx_word' id='word_1_136' title='bbox 2775 475 2920 540; x_wconf 77' lang='lat' dir='ltr'><strong>sinc</strong></span> <span class='ocrx_word' id='word_1_137' title='bbox 2948 496 3085 563; x_wconf 89' lang='lat' dir='ltr'><strong>qua</strong></span> <span class='ocrx_word' id='word_1_138' title='bbox 3114 494 3306 540; x_wconf 81' lang='lat' dir='ltr'><strong>nemo</strong></span> <span class='ocrx_word' id='word_1_139' title='bbox 3329 474 3585 542; x_wconf 83' lang='lat' dir='ltr'><strong>videbit</strong></span> <span class='ocrx_word' id='word_1_140' title='bbox 3600 477 3855 542; x_wconf 88' lang='lat' dir='ltr'><strong>Deum.</strong></span> 
     </span>
    </p>
   </div>
   <div class='ocr_carea' id='block_1_6' title="bbox 2299 580 3874 2618">
    <p class='ocr_par' dir='ltr' id='par_1_7' title="bbox 2318 580 3874 1079">
     <span class='ocr_line' id='line_1_22' title="bbox 2325 580 3874 671; baseline 0 -24"><span class='ocrx_word' id='word_1_141' title='bbox 2325 581 2431 648; x_wconf 86' lang='lat' dir='ltr'><strong>Ad</strong></span> <span class='ocrx_word' id='word_1_142' title='bbox 2462 580 2748 648; x_wconf 87' lang='lat' dir='ltr'><strong>Roman.</strong></span> <span class='ocrx_word' id='word_1_143' title='bbox 2783 603 2904 662; x_wconf 81' lang='lat' dir='ltr'><strong>xu,</strong></span> <span class='ocrx_word' id='word_1_144' title='bbox 2951 580 3071 646; x_wconf 87' lang='lat'><strong>18:</strong></span> <span class='ocrx_word' id='word_1_145' title='bbox 3105 581 3186 648; x_wconf 87' lang='lat' dir='ltr'><strong>Si</strong></span> <span class='ocrx_word' id='word_1_146' title='bbox 3209 580 3367 668; x_wconf 83' lang='lat' dir='ltr'><strong>fieri</strong></span> <span class='ocrx_word' id='word_1_147' title='bbox 3393 591 3640 671; x_wconf 85' lang='lat' dir='ltr'><strong>potest,</strong></span> <span class='ocrx_word' id='word_1_148' title='bbox 3683 581 3874 671; x_wconf 87' lang='lat' dir='ltr'><strong>quod</strong></span> 
     </span>
     <span class='ocr_line' id='line_1_23' title="bbox 2326 687 3870 768; baseline 0.001 -14"><span class='ocrx_word' id='word_1_149' title='bbox 2326 712 2409 754; x_wconf 79' lang='lat' dir='ltr'><strong>ea:</strong></span> <span class='ocrx_word' id='word_1_150' title='bbox 2444 688 2633 756; x_wconf 85' lang='lat' dir='ltr'><strong>vobis</strong></span> <span class='ocrx_word' id='word_1_151' title='bbox 2681 697 2801 768; x_wconf 89' lang='lat' dir='ltr'><strong>cst,</strong></span> <span class='ocrx_word' id='word_1_152' title='bbox 2871 710 3024 756; x_wconf 89' lang='lat' dir='ltr'><strong>cum</strong></span> <span class='ocrx_word' id='word_1_153' title='bbox 3097 687 3412 755; x_wconf 81' lang='lat' dir='ltr'><strong>omnibus</strong></span> <span class='ocrx_word' id='word_1_154' title='bbox 3466 688 3870 756; x_wconf 74' lang='lat' dir='ltr'><strong>hominibus</strong></span> 
     </span>
     <span class='ocr_line' id='line_1_24' title="bbox 2318 794 3861 886; baseline 0.001 -25"><span class='ocrx_word' id='word_1_155' title='bbox 2318 818 2556 884; x_wconf 83' lang='lat' dir='ltr'><strong>pacem</strong></span> <span class='ocrx_word' id='word_1_156' title='bbox 2617 795 2934 864; x_wconf 74' lang='lat' dir='ltr'><strong>habentes</strong></span> <span class='ocrx_word' id='word_1_157' title='bbox 2978 820 3000 863; x_wconf 94' lang='lat'><strong>.·</strong></span> <span class='ocrx_word' id='word_1_158' title='bbox 3059 796 3240 886; x_wconf 87' lang='lat' dir='ltr'><strong>quia,</strong></span> <span class='ocrx_word' id='word_1_159' title='bbox 3289 794 3530 863; x_wconf 88' lang='lat' dir='ltr'><strong>Matth.</strong></span> <span class='ocrx_word' id='word_1_160' title='bbox 3591 819 3662 875; x_wconf 88' lang='lat' dir='ltr'><strong>v,</strong></span> <span class='ocrx_word' id='word_1_161' title='bbox 3733 799 3772 863; x_wconf 81' lang='lat'>9</span> <span class='ocrx_word' id='word_1_162' title='bbox 3845 819 3861 863; x_wconf 74' lang='grc' dir='ltr'><strong><em>ε</em></strong></span> 
     </span>
     <span class='ocr_line' id='line_1_25' title="bbox 2324 905 3867 997; baseline 0.001 -26"><span class='ocrx_word' id='word_1_163' title='bbox 2324 906 2524 971; x_wconf 82' lang='lat' dir='ltr'><strong>Beati</strong></span> <span class='ocrx_word' id='word_1_164' title='bbox 2543 906 2842 996; x_wconf 85' lang='lat' dir='ltr'><strong>pacifici,</strong></span> <span class='ocrx_word' id='word_1_165' title='bbox 2905 907 3229 997; x_wconf 82' lang='lat' dir='ltr'><strong>quoniam</strong></span> <span class='ocrx_word' id='word_1_166' title='bbox 3283 905 3427 994; x_wconf 82' lang='lat' dir='ltr'><strong>filii</strong></span> <span class='ocrx_word' id='word_1_167' title='bbox 3482 907 3616 974; x_wconf 90' lang='lat' dir='ltr'><strong>Dei</strong></span> <span class='ocrx_word' id='word_1_168' title='bbox 3665 928 3867 972; x_wconf 86' lang='lat' dir='ltr'><strong>voca-</strong></span> 
     </span>
     <span class='ocr_line' id='line_1_26' title="bbox 2326 1010 2600 1079; baseline -0.004 -1"><span class='ocrx_word' id='word_1_169' title='bbox 2326 1010 2600 1079; x_wconf 83' lang='lat' dir='ltr'><strong>buntur.</strong></span> 
     </span>
    </p>

    <p class='ocr_par' dir='ltr' id='par_1_8' title="bbox 2299 1118 3864 2618">
     <span class='ocr_line' id='line_1_27' title="bbox 2410 1118 3860 1211; baseline 0.001 -25"><span class='ocrx_word' id='word_1_170' title='bbox 2410 1119 2553 1188; x_wconf 89' lang='lat' dir='ltr'><strong>Nec</strong></span> <span class='ocrx_word' id='word_1_171' title='bbox 2607 1127 2869 1188; x_wconf 86' lang='lat' dir='ltr'><strong>tantum</strong></span> <span class='ocrx_word' id='word_1_172' title='bbox 2909 1142 3140 1211; x_wconf 89' lang='lat' dir='ltr'><strong>pacem</strong></span> <span class='ocrx_word' id='word_1_173' title='bbox 3207 1119 3416 1188; x_wconf 90' lang='lat' dir='ltr'><strong>habui</strong></span> <span class='ocrx_word' id='word_1_174' title='bbox 3473 1118 3559 1187; x_wconf 90' lang='lat' dir='ltr'><strong>ad</strong></span> <span class='ocrx_word' id='word_1_175' title='bbox 3623 1119 3860 1203; x_wconf 86' lang='lat' dir='ltr'><strong>verba,</strong></span> 
     </span>
     <span class='ocr_line' id='line_1_28' title="bbox 2319 1228 3864 1320; baseline 0.001 -26"><span class='ocrx_word' id='word_1_176' title='bbox 2319 1228 2435 1295; x_wconf 88' lang='lat' dir='ltr'><strong>sed</strong></span> <span class='ocrx_word' id='word_1_177' title='bbox 2475 1229 2680 1297; x_wconf 86' lang='lat' dir='ltr'><strong>etiam</strong></span> <span class='ocrx_word' id='word_1_178' title='bbox 2720 1228 2805 1297; x_wconf 90' lang='lat' dir='ltr'><strong>ad</strong></span> <span class='ocrx_word' id='word_1_179' title='bbox 2842 1228 3014 1297; x_wconf 83' lang='lat' dir='ltr'><strong>facta</strong></span> <span class='ocrx_word' id='word_1_180' title='bbox 3065 1253 3079 1296; x_wconf 92' lang='lat'>:</span> <span class='ocrx_word' id='word_1_181' title='bbox 3137 1230 3298 1320; x_wconf 91' lang='lat' dir='ltr'><strong>quia</strong></span> <span class='ocrx_word' id='word_1_182' title='bbox 3337 1238 3404 1297; x_wconf 89' lang='lat' dir='ltr'><strong>et</strong></span> <span class='ocrx_word' id='word_1_183' title='bbox 3455 1229 3585 1319; x_wconf 90' lang='lat' dir='ltr'><strong>ipsi</strong></span> <span class='ocrx_word' id='word_1_184' title='bbox 3628 1256 3663 1291; x_wconf 82' lang='grc' dir='ltr'><strong>α</strong></span> <span class='ocrx_word' id='word_1_185' title='bbox 3724 1228 3864 1295; x_wconf 87' lang='lat' dir='ltr'><strong>im-</strong></span> 
     </span>
     <span class='ocr_line' id='line_1_29' title="bbox 2311 1338 3859 1429; baseline 0.001 -26"><span class='ocrx_word' id='word_1_186' title='bbox 2311 1338 2722 1427; x_wconf 82' lang='lat' dir='ltr'><strong>puqnabant</strong></span> <span class='ocrx_word' id='word_1_187' title='bbox 2771 1361 2878 1407; x_wconf 90' lang='lat' dir='ltr'><strong>me</strong></span> <span class='ocrx_word' id='word_1_188' title='bbox 2936 1341 3181 1429; x_wconf 82' lang='lat' dir='ltr'><strong>qratis,</strong></span> <span class='ocrx_word' id='word_1_189' title='bbox 3251 1364 3288 1402; x_wconf 71' lang='lat' dir='ltr'><strong>n</strong></span> <span class='ocrx_word' id='word_1_190' title='bbox 3348 1339 3631 1406; x_wconf 89' lang='lat' dir='ltr'><strong>omnino</strong></span> <span class='ocrx_word' id='word_1_191' title='bbox 3713 1340 3859 1404; x_wconf 88' lang='lat' dir='ltr'><strong>sine</strong></span> 
     </span>
     <span class='ocr_line' id='line_1_30' title="bbox 2316 1445 3860 1536; baseline 0 -23"><span class='ocrx_word' id='word_1_192' title='bbox 2316 1468 2543 1521; x_wconf 81' lang='lat' dir='ltr'><strong>causa,</strong></span> <span class='ocrx_word' id='word_1_193' title='bbox 2590 1471 2623 1512; x_wconf 71' lang='grc' dir='ltr'>ι</span> <span class='ocrx_word' id='word_1_194' title='bbox 2656 1468 2809 1514; x_wconf 86' lang='lat' dir='ltr'><strong>cum</strong></span> <span class='ocrx_word' id='word_1_195' title='bbox 2840 1446 3168 1536; x_wconf 80' lang='lat' dir='ltr'><strong>loquebar</strong></span> <span class='ocrx_word' id='word_1_196' title='bbox 3211 1445 3385 1525; x_wconf 89' lang='lat' dir='ltr'><strong>illis,</strong></span> <span class='ocrx_word' id='word_1_197' title='bbox 3435 1471 3468 1512; x_wconf 69' lang='grc' dir='ltr'><strong><em>ι</em></strong></span> <span class='ocrx_word' id='word_1_198' title='bbox 3519 1445 3675 1513; x_wconf 89' lang='lat' dir='ltr'><strong>illos</strong></span> <span class='ocrx_word' id='word_1_199' title='bbox 3727 1468 3860 1513; x_wconf 88' lang='lat' dir='ltr'><strong>vo-</strong></span> 
     </span>
     <span class='ocr_line' id='line_1_31' title="bbox 2315 1553 3851 1646; baseline -0.001 -25"><span class='ocrx_word' id='word_1_200' title='bbox 2315 1553 2458 1623; x_wconf 88' lang='lat' dir='ltr'><strong>lens</strong></span> <span class='ocrx_word' id='word_1_201' title='bbox 2496 1556 2834 1646; x_wconf 82' lang='lat' dir='ltr'><strong>corripere</strong></span> <span class='ocrx_word' id='word_1_202' title='bbox 2882 1555 2964 1623; x_wconf 89' lang='lat' dir='ltr'><strong>de</strong></span> <span class='ocrx_word' id='word_1_203' title='bbox 3023 1556 3196 1623; x_wconf 88' lang='lat' dir='ltr'><strong>male</strong></span> <span class='ocrx_word' id='word_1_204' title='bbox 3262 1556 3491 1646; x_wconf 85' lang='lat' dir='ltr'><strong>gestis.</strong></span> <span class='ocrx_word' id='word_1_205' title='bbox 3535 1553 3668 1622; x_wconf 88' lang='lat' dir='ltr'><strong>Isa.</strong></span> <span class='ocrx_word' id='word_1_206' title='bbox 3739 1577 3851 1633; x_wconf 74' lang='grc' dir='ltr'><strong>ιιι,</strong></span> 
     </span>
     <span class='ocr_line' id='line_1_32' title="bbox 2313 1661 3854 1755; baseline -0.001 -26"><span class='ocrx_word' id='word_1_207' title='bbox 2313 1663 2354 1729; x_wconf 74' lang='lat'>4</span> <span class='ocrx_word' id='word_1_208' title='bbox 2422 1685 2438 1729; x_wconf 74' lang='grc' dir='ltr'>ε</span> <span class='ocrx_word' id='word_1_209' title='bbox 2511 1664 2593 1731; x_wconf 83' lang='lat' dir='ltr'><strong>In</strong></span> <span class='ocrx_word' id='word_1_210' title='bbox 2667 1665 3060 1755; x_wconf 77' lang='lat' dir='ltr'><strong>AEqyptum</strong></span> <span class='ocrx_word' id='word_1_211' title='bbox 3145 1662 3485 1730; x_wconf 85' lang='lat' dir='ltr'><strong>descendit</strong></span> <span class='ocrx_word' id='word_1_212' title='bbox 3544 1661 3854 1753; x_wconf 85' lang='lat' dir='ltr'><strong>populus</strong></span> 
     </span>
     <span class='ocr_line' id='line_1_33' title="bbox 2311 1770 3857 1862; baseline -0.001 -23"><span class='ocrx_word' id='word_1_213' title='bbox 2311 1794 2608 1852; x_wconf 86' lang='lat' dir='ltr'><strong>meus‚...</strong></span> <span class='ocrx_word' id='word_1_214' title='bbox 2653 1781 2717 1840; x_wconf 90' lang='lat' dir='ltr'><strong>et</strong></span> <span class='ocrx_word' id='word_1_215' title='bbox 2753 1774 2967 1840; x_wconf 83' lang='lat' dir='ltr'><strong>Assur</strong></span> <span class='ocrx_word' id='word_1_216' title='bbox 3004 1771 3257 1862; x_wconf 79' lang='lat' dir='ltr'><strong>absque</strong></span> <span class='ocrx_word' id='word_1_217' title='bbox 3286 1770 3441 1839; x_wconf 93' lang='lat' dir='ltr'><strong>ulla</strong></span> <span class='ocrx_word' id='word_1_218' title='bbox 3487 1793 3698 1839; x_wconf 90' lang='lat' dir='ltr'><strong>causa</strong></span> <span class='ocrx_word' id='word_1_219' title='bbox 3735 1793 3857 1838; x_wconf 86' lang='lat' dir='ltr'><strong>ca-</strong></span> 
     </span>
     <span class='ocr_line' id='line_1_34' title="bbox 2314 1879 3852 1970; baseline 0.001 -25"><span class='ocrx_word' id='word_1_220' title='bbox 2314 1879 2695 1949; x_wconf 81' lang='lat' dir='ltr'><strong>lumniatus</strong></span> <span class='ocrx_word' id='word_1_221' title='bbox 2731 1890 2830 1947; x_wconf 80' lang='lat' dir='ltr'><strong>est</strong></span> <span class='ocrx_word' id='word_1_222' title='bbox 2877 1903 3056 1959; x_wconf 89' lang='lat' dir='ltr'><strong>eum,</strong></span> <span class='ocrx_word' id='word_1_223' title='bbox 3117 1903 3257 1948; x_wconf 90' lang='lat' dir='ltr'><strong>non</strong></span> <span class='ocrx_word' id='word_1_224' title='bbox 3313 1879 3443 1947; x_wconf 89' lang='lat' dir='ltr'><strong>nisi</strong></span> <span class='ocrx_word' id='word_1_225' title='bbox 3501 1881 3662 1970; x_wconf 88' lang='lat' dir='ltr'><strong>quia</strong></span> <span class='ocrx_word' id='word_1_226' title='bbox 3692 1901 3852 1946; x_wconf 90' lang='lat' dir='ltr'><strong>eum</strong></span> 
     </span>
     <span class='ocr_line' id='line_1_35' title="bbox 2309 1985 3853 2076; baseline -0.001 -23"><span class='ocrx_word' id='word_1_227' title='bbox 2309 1985 2735 2076; x_wconf 84' lang='lat' dir='ltr'><strong>corripiebat.</strong></span> <span class='ocrx_word' id='word_1_228' title='bbox 2781 1986 3104 2054; x_wconf 81' lang='lat' dir='ltr'><strong>Proverb.</strong></span> <span class='ocrx_word' id='word_1_229' title='bbox 3139 2009 3235 2071; x_wconf 84' lang='lat' dir='ltr'><strong>tx,</strong></span> <span class='ocrx_word' id='word_1_230' title='bbox 3270 1988 3308 2053; x_wconf 80' lang='grc' dir='ltr'><strong><em>Ἰ</em></strong></span> <span class='ocrx_word' id='word_1_231' title='bbox 3346 2004 3364 2054; x_wconf 74' lang='lat'>2</span> <span class='ocrx_word' id='word_1_232' title='bbox 3430 1986 3568 2071; x_wconf 86' lang='lat' dir='ltr'><strong>Qui</strong></span> <span class='ocrx_word' id='word_1_233' title='bbox 3613 1987 3853 2076; x_wconf 76' lang='lat' dir='ltr'><strong>arquit</strong></span> 
     </span>
     <span class='ocr_line' id='line_1_36' title="bbox 2308 2093 3846 2188; baseline -0.001 -26"><span class='ocrx_word' id='word_1_234' title='bbox 2308 2095 2624 2188; x_wconf 84' lang='lat' dir='ltr'><strong>impium,</strong></span> <span class='ocrx_word' id='word_1_235' title='bbox 2673 2094 2808 2163; x_wconf 86' lang='lat' dir='ltr'><strong>sibi</strong></span> <span class='ocrx_word' id='word_1_236' title='bbox 2842 2095 3189 2164; x_wconf 85' lang='lat' dir='ltr'><strong>maculam</strong></span> <span class='ocrx_word' id='word_1_237' title='bbox 3232 2103 3542 2185; x_wconf 64' lang='lat' dir='ltr'><strong>generat.</strong></span> <span class='ocrx_word' id='word_1_238' title='bbox 3583 2093 3691 2169; x_wconf 83' lang='lat' dir='ltr'><strong>Et,</strong></span> <span class='ocrx_word' id='word_1_239' title='bbox 3727 2115 3846 2172; x_wconf 84' lang='lat' dir='ltr'><strong>xv,</strong></span> 
     </span>
     <span class='ocr_line' id='line_1_37' title="bbox 2311 2204 3847 2296; baseline -0.001 -24"><span class='ocrx_word' id='word_1_240' title='bbox 2311 2208 2389 2272; x_wconf 80' lang='lat'><strong>12</strong></span> <span class='ocrx_word' id='word_1_241' title='bbox 2426 2228 2442 2273; x_wconf 76' lang='grc' dir='ltr'>ε</span> <span class='ocrx_word' id='word_1_242' title='bbox 2473 2207 2625 2274; x_wconf 86' lang='lat' dir='ltr'><strong>Nou</strong></span> <span class='ocrx_word' id='word_1_243' title='bbox 2657 2214 2847 2272; x_wconf 90' lang='lat' dir='ltr'><strong>amat</strong></span> <span class='ocrx_word' id='word_1_244' title='bbox 2866 2204 3191 2296; x_wconf 79' lang='lat' dir='ltr'><strong>pestilens</strong></span> <span class='ocrx_word' id='word_1_245' title='bbox 3234 2226 3390 2271; x_wconf 89' lang='lat' dir='ltr'><strong>eum</strong></span> <span class='ocrx_word' id='word_1_246' title='bbox 3435 2204 3655 2294; x_wconf 85' lang='lat' dir='ltr'><strong>quise</strong></span> <span class='ocrx_word' id='word_1_247' title='bbox 3689 2225 3847 2271; x_wconf 88' lang='lat' dir='ltr'><strong>cor-</strong></span> 
     </span>
     <span class='ocr_line' id='line_1_38' title="bbox 2302 2310 3840 2404; baseline -0.001 -24"><span class='ocrx_word' id='word_1_248' title='bbox 2302 2314 2492 2404; x_wconf 84' lang='lat' dir='ltr'><strong>ripit.</strong></span> <span class='ocrx_word' id='word_1_249' title='bbox 2534 2311 2861 2381; x_wconf 84' lang='lat' dir='ltr'><strong>Proverb.</strong></span> <span class='ocrx_word' id='word_1_250' title='bbox 2898 2334 3041 2392; x_wconf 86' lang='lat' dir='ltr'><strong>xm,</strong></span> <span class='ocrx_word' id='word_1_251' title='bbox 3092 2313 3119 2378; x_wconf 86' lang='lat'><strong>1</strong></span> <span class='ocrx_word' id='word_1_252' title='bbox 3160 2333 3176 2377; x_wconf 78' lang='lat'>2</span> <span class='ocrx_word' id='word_1_253' title='bbox 3215 2311 3353 2395; x_wconf 81' lang='lat' dir='ltr'><strong>Qui</strong></span> <span class='ocrx_word' id='word_1_254' title='bbox 3399 2310 3653 2378; x_wconf 80' lang='lat' dir='ltr'><strong>illusor</strong></span> <span class='ocrx_word' id='word_1_255' title='bbox 3716 2319 3840 2390; x_wconf 85' lang='lat' dir='ltr'><strong>est,</strong></span> 
     </span>
     <span class='ocr_line' id='line_1_39' title="bbox 2299 2418 3838 2510; baseline -0.001 -23"><span class='ocrx_word' id='word_1_256' title='bbox 2299 2443 2433 2488; x_wconf 81' lang='lat' dir='ltr'><strong>non</strong></span> <span class='ocrx_word' id='word_1_257' title='bbox 2462 2421 2686 2499; x_wconf 85' lang='lat' dir='ltr'><strong>audit,</strong></span> <span class='ocrx_word' id='word_1_258' title='bbox 2728 2443 2884 2488; x_wconf 89' lang='lat' dir='ltr'><strong>cum</strong></span> <span class='ocrx_word' id='word_1_259' title='bbox 2926 2420 3272 2510; x_wconf 76' lang='lat' dir='ltr'><strong>arquitur.</strong></span> <span class='ocrx_word' id='word_1_260' title='bbox 3304 2419 3546 2504; x_wconf 83' lang='lat' dir='ltr'><strong>Amos,</strong></span> <span class='ocrx_word' id='word_1_261' title='bbox 3577 2441 3647 2498; x_wconf 79' lang='grc' dir='ltr'><strong>ν,</strong></span> <span class='ocrx_word' id='word_1_262' title='bbox 3698 2418 3778 2485; x_wconf 85' lang='grc'><strong>10</strong></span> <span class='ocrx_word' id='word_1_263' title='bbox 3821 2439 3838 2485; x_wconf 85' lang='lat'>:</span> 
     </span>
     <span class='ocr_line' id='line_1_40' title="bbox 2302 2527 3839 2618; baseline -0.003 -21"><span class='ocrx_word' id='word_1_264' title='bbox 2302 2527 2476 2597; x_wconf 85' lang='lat' dir='ltr'><strong>Odia</strong></span> <span class='ocrx_word' id='word_1_265' title='bbox 2530 2527 2918 2597; x_wconf 75' lang='lat' dir='ltr'><strong>habueruut</strong></span> <span class='ocrx_word' id='word_1_266' title='bbox 2972 2527 3444 2618; x_wconf 79' lang='lat' dir='ltr'><strong>corripientem</strong></span> <span class='ocrx_word' id='word_1_267' title='bbox 3511 2528 3582 2594; x_wconf 85' lang='lat' dir='ltr'><strong>iu</strong></span> <span class='ocrx_word' id='word_1_268' title='bbox 3604 2536 3839 2617; x_wconf 85' lang='lat' dir='ltr'><strong>porta,</strong></span> 
     </span>
    </p>
   </div>
   <div class='ocr_carea' id='block_1_7' title="bbox 627 2633 3746 2728">
    <p class='ocr_par' dir='ltr' id='par_1_9' title="bbox 627 2633 3746 2728">
     <span class='ocr_line' id='line_1_41' title="bbox 627 2633 3746 2728; baseline 0 -28"><span class='ocrx_word' id='word_1_269' title='bbox 627 2633 877 2701; x_wconf 84' lang='lat' dir='ltr'><strong>Pacem</strong></span> <span class='ocrx_word' id='word_1_270' title='bbox 913 2634 1287 2725; x_wconf 82' lang='lat' dir='ltr'><strong>sequimini</strong></span> <span class='ocrx_word' id='word_1_271' title='bbox 1311 2656 1468 2702; x_wconf 85' lang='lat' dir='ltr'><strong>cum</strong></span> <span class='ocrx_word' id='word_1_272' title='bbox 1517 2634 1861 2722; x_wconf 83' lang='lat' dir='ltr'><strong>omnibus,</strong></span> <span class='ocrx_word' id='word_1_273' title='bbox 1907 2645 1973 2705; x_wconf 90' lang='lat' dir='ltr'><strong>et</strong></span> <span class='ocrx_word' id='word_1_274' title='bbox 2020 2661 2185 2707; x_wconf 83' lang='lat' dir='ltr'><strong>san-</strong></span> <span class='ocrx_word' id='word_1_275' title='bbox 2293 2648 2357 2704; x_wconf 88' lang='lat' dir='ltr'><strong>ct</strong></span> <span class='ocrx_word' id='word_1_276' title='bbox 2387 2638 2770 2728; x_wconf 79' lang='lat' dir='ltr'><strong>loquentem</strong></span> <span class='ocrx_word' id='word_1_277' title='bbox 2813 2638 3110 2728; x_wconf 82' lang='lat' dir='ltr'><strong>perfecte</strong></span> <span class='ocrx_word' id='word_1_278' title='bbox 3139 2635 3527 2704; x_wconf 85' lang='lat' dir='ltr'><strong>abominati</strong></span> <span class='ocrx_word' id='word_1_279' title='bbox 3559 2644 3746 2704; x_wconf 81' lang='lat' dir='ltr'><strong>sunt.</strong></span> 
     </span>
    </p>
   </div>
   <div class='ocr_carea' id='block_1_8' title="bbox 1862 3097 2598 3174">
    <p class='ocr_par' dir='ltr' id='par_1_10' title="bbox 1862 3097 2598 3174">
     <span class='ocr_line' id='line_1_42' title="bbox 1862 3097 2598 3174; baseline -0.003 -3"><span class='ocrx_word' id='word_1_280' title='bbox 1862 3097 2326 3174; x_wconf 87' lang='lat' dir='ltr'>PSALMUS</span> <span class='ocrx_word' id='word_1_281' title='bbox 2377 3097 2598 3174; x_wconf 88' lang='lat' dir='ltr'><strong>CXX.</strong></span> 
     </span>
    </p>
   </div>
   <div class='ocr_carea' id='block_1_9' title="bbox 1598 3439 2847 3534">
    <p class='ocr_par' dir='ltr' id='par_1_11' title="bbox 1598 3439 2847 3534">
     <span class='ocr_line' id='line_1_43' title="bbox 1598 3439 2847 3534; baseline -0.002 -22"><span class='ocrx_word' id='word_1_282' title='bbox 1598 3443 1913 3512; x_wconf 83' lang='lat' dir='ltr'><strong>Securus</strong></span> <span class='ocrx_word' id='word_1_283' title='bbox 1957 3440 2081 3534; x_wconf 87' lang='lat' dir='ltr'><strong>qui</strong></span> <span class='ocrx_word' id='word_1_284' title='bbox 2122 3463 2195 3511; x_wconf 89' lang='lat' dir='ltr'><strong>se</strong></span> <span class='ocrx_word' id='word_1_285' title='bbox 2249 3449 2389 3514; x_wconf 88' lang='lat' dir='ltr'><strong>Deo</strong></span> <span class='ocrx_word' id='word_1_286' title='bbox 2436 3439 2847 3512; x_wconf 84' lang='lat' dir='ltr'><strong>committit.</strong></span> 
     </span>
    </p>
   </div>
   <div class='ocr_carea' id='block_1_10' title="bbox 652 3772 2174 4524">
    <p class='ocr_par' dir='ltr' id='par_1_12' title="bbox 652 3772 2174 4524">
     <span class='ocr_line' id='line_1_44' title="bbox 792 3772 1606 3873; baseline 0.006 -29"><span class='ocrx_word' id='word_1_287' title='bbox 792 3772 1179 3847; x_wconf 80' lang='lat' dir='ltr'><strong>Canticum</strong></span> <span class='ocrx_word' id='word_1_288' title='bbox 1218 3779 1606 3873; x_wconf 83' lang='lat' dir='ltr'><strong>graduum.</strong></span> 
     </span>
     <span class='ocr_line' id='line_1_45' title="bbox 666 3885 2174 3980; baseline 0.003 -26"><span class='ocrx_word' id='word_1_289' title='bbox 666 3906 729 3954; x_wconf 80' lang='lat' dir='ltr'><strong>t.</strong></span> <span class='ocrx_word' id='word_1_290' title='bbox 795 3885 1070 3959; x_wconf 82' lang='lat' dir='ltr'><strong>Levavi</strong></span> <span class='ocrx_word' id='word_1_291' title='bbox 1125 3891 1381 3962; x_wconf 86' lang='lat' dir='ltr'><strong>oculos</strong></span> <span class='ocrx_word' id='word_1_292' title='bbox 1446 3913 1654 3963; x_wconf 87' lang='lat' dir='ltr'><strong>meos</strong></span> <span class='ocrx_word' id='word_1_293' title='bbox 1710 3890 1785 3963; x_wconf 88' lang='lat' dir='ltr'><strong>in</strong></span> <span class='ocrx_word' id='word_1_294' title='bbox 1861 3910 2174 3980; x_wconf 88' lang='lat' dir='ltr'><strong>montes,</strong></span> 
     </span>
     <span class='ocr_line' id='line_1_46' title="bbox 877 3994 2081 4071; baseline 0.007 -8"><span class='ocrx_word' id='word_1_295' title='bbox 877 3994 1069 4067; x_wconf 89' lang='lat' dir='ltr'><strong>unde</strong></span> <span class='ocrx_word' id='word_1_296' title='bbox 1119 3998 1363 4069; x_wconf 85' lang='lat' dir='ltr'><strong>veniet</strong></span> <span class='ocrx_word' id='word_1_297' title='bbox 1409 4000 1767 4070; x_wconf 85' lang='lat' dir='ltr'><strong>auxilium</strong></span> <span class='ocrx_word' id='word_1_298' title='bbox 1810 4000 1992 4071; x_wconf 87' lang='lat' dir='ltr'><strong>mihi</strong></span> <span class='ocrx_word' id='word_1_299' title='bbox 2036 4003 2081 4070; x_wconf 83' lang='lat'><strong>¹.</strong></span> 
     </span>
     <span class='ocr_line' id='line_1_47' title="bbox 655 4101 2167 4201; baseline 0.007 -31"><span class='ocrx_word' id='word_1_300' title='bbox 655 4121 722 4170; x_wconf 82' lang='lat'><strong>2.</strong></span> <span class='ocrx_word' id='word_1_301' title='bbox 786 4101 1163 4174; x_wconf 82' lang='lat' dir='ltr'><strong>Auxilium</strong></span> <span class='ocrx_word' id='word_1_302' title='bbox 1227 4128 1477 4177; x_wconf 87' lang='lat' dir='ltr'><strong>meum</strong></span> <span class='ocrx_word' id='word_1_303' title='bbox 1537 4130 1577 4177; x_wconf 88' lang='lat' dir='ltr'><strong>a</strong></span> <span class='ocrx_word' id='word_1_304' title='bbox 1645 4107 1989 4191; x_wconf 88' lang='lat' dir='ltr'><strong>Domino,</strong></span> <span class='ocrx_word' id='word_1_305' title='bbox 2044 4109 2167 4201; x_wconf 91' lang='lat' dir='ltr'><strong>qui</strong></span> 
     </span>
     <span class='ocr_line' id='line_1_48' title="bbox 871 4208 1772 4286; baseline 0.009 -8"><span class='ocrx_word' id='word_1_306' title='bbox 871 4208 1037 4281; x_wconf 81' lang='lat' dir='ltr'><strong>fecit</strong></span> <span class='ocrx_word' id='word_1_307' title='bbox 1069 4211 1337 4283; x_wconf 88' lang='lat' dir='ltr'><strong>coelum</strong></span> <span class='ocrx_word' id='word_1_308' title='bbox 1371 4232 1441 4284; x_wconf 87' lang='lat' dir='ltr'><strong>ct</strong></span> <span class='ocrx_word' id='word_1_309' title='bbox 1477 4232 1772 4286; x_wconf 86' lang='lat' dir='ltr'><strong>terram.</strong></span> 
     </span>
     <span class='ocr_line' id='line_1_49' title="bbox 652 4315 2163 4416; baseline 0.007 -32"><span class='ocrx_word' id='word_1_310' title='bbox 652 4315 721 4384; x_wconf 89' lang='grc'><strong>3.</strong></span> <span class='ocrx_word' id='word_1_311' title='bbox 778 4315 943 4385; x_wconf 90' lang='lat' dir='ltr'><strong>Non</strong></span> <span class='ocrx_word' id='word_1_312' title='bbox 986 4316 1108 4387; x_wconf 88' lang='lat' dir='ltr'><strong>det</strong></span> <span class='ocrx_word' id='word_1_313' title='bbox 1149 4316 1222 4388; x_wconf 91' lang='lat' dir='ltr'><strong>in</strong></span> <span class='ocrx_word' id='word_1_314' title='bbox 1283 4322 1855 4394; x_wconf 87' lang='lat' dir='ltr'><strong>commotionem</strong></span> <span class='ocrx_word' id='word_1_315' title='bbox 1906 4324 2163 4416; x_wconf 87' lang='lat' dir='ltr'><strong>pedem</strong></span> 
     </span>
     <span class='ocr_line' id='line_1_50' title="bbox 873 4427 2166 4524; baseline 0.009 -31"><span class='ocrx_word' id='word_1_316' title='bbox 873 4440 1109 4507; x_wconf 86' lang='lat' dir='ltr'><strong>tuum,</strong></span> <span class='ocrx_word' id='word_1_317' title='bbox 1155 4447 1392 4518; x_wconf 83' lang='lat' dir='ltr'><strong>neque</strong></span> <span class='ocrx_word' id='word_1_318' title='bbox 1441 4427 1790 4502; x_wconf 84' lang='lat' dir='ltr'><strong>dormitet</strong></span> <span class='ocrx_word' id='word_1_319' title='bbox 1848 4431 1977 4524; x_wconf 91' lang='lat' dir='ltr'><strong>qui</strong></span> <span class='ocrx_word' id='word_1_320' title='bbox 2034 4454 2166 4504; x_wconf 93' lang='lat' dir='ltr'><strong>cu-</strong></span> 
     </span>
    </p>
   </div>
   <div class='ocr_carea' id='block_1_11' title="bbox 646 4532 2164 4737">
    <p class='ocr_par' dir='ltr' id='par_1_13' title="bbox 646 4532 2164 4737">
     <span class='ocr_line' id='line_1_51' title="bbox 870 4532 1230 4604; baseline 0.008 -3"><span class='ocrx_word' id='word_1_321' title='bbox 870 4532 1092 4603; x_wconf 85' lang='lat' dir='ltr'><strong>stodit</strong></span> <span class='ocrx_word' id='word_1_322' title='bbox 1134 4550 1230 4604; x_wconf 88' lang='lat' dir='ltr'><strong>tc.</strong></span> 
     </span>
     <span class='ocr_line' id='line_1_52' title="bbox 646 4636 2164 4737; baseline 0.008 -32"><span class='ocrx_word' id='word_1_323' title='bbox 646 4658 721 4726; x_wconf 88' lang='lat'><strong>4.</strong></span> <span class='ocrx_word' id='word_1_324' title='bbox 773 4636 956 4707; x_wconf 83' lang='lat' dir='ltr'><strong>Ecce</strong></span> <span class='ocrx_word' id='word_1_325' title='bbox 1014 4661 1160 4709; x_wconf 94' lang='lat' dir='ltr'><strong>non</strong></span> <span class='ocrx_word' id='word_1_326' title='bbox 1208 4639 1639 4714; x_wconf 86' lang='lat' dir='ltr'><strong>dormitabit</strong></span> <span class='ocrx_word' id='word_1_327' title='bbox 1705 4665 1945 4737; x_wconf 83' lang='lat' dir='ltr'><strong>neque</strong></span> <span class='ocrx_word' id='word_1_328' title='bbox 1992 4646 2164 4718; x_wconf 88' lang='lat' dir='ltr'><strong>dor·</strong></span> 
     </span>
    </p>
   </div>
   <div class='ocr_carea' id='block_1_12' title="bbox 648 4744 2156 4943">
    <p class='ocr_par' dir='ltr' id='par_1_14' title="bbox 648 4744 2156 4943">
     <span class='ocr_line' id='line_1_53' title="bbox 869 4744 1831 4840; baseline 0.006 -25"><span class='ocrx_word' id='word_1_329' title='bbox 869 4744 1046 4817; x_wconf 88' lang='lat' dir='ltr'><strong>miet</strong></span> <span class='ocrx_word' id='word_1_330' title='bbox 1075 4745 1204 4840; x_wconf 90' lang='lat' dir='ltr'><strong>qui</strong></span> <span class='ocrx_word' id='word_1_331' title='bbox 1231 4749 1547 4821; x_wconf 84' lang='lat' dir='ltr'><strong>custodit</strong></span> <span class='ocrx_word' id='word_1_332' title='bbox 1579 4751 1831 4823; x_wconf 85' lang='lat' dir='ltr'><strong>Israel.</strong></span> 
     </span>
     <span class='ocr_line' id='line_1_54' title="bbox 648 4852 2156 4943; baseline 0.005 -20"><span class='ocrx_word' id='word_1_333' title='bbox 648 4856 714 4923; x_wconf 83' lang='lat'><strong>5.</strong></span> <span class='ocrx_word' id='word_1_334' title='bbox 770 4852 1127 4925; x_wconf 81' lang='lat' dir='ltr'><strong>Dominus</strong></span> <span class='ocrx_word' id='word_1_335' title='bbox 1203 4857 1524 4929; x_wconf 81' lang='lat' dir='ltr'><strong>custodit</strong></span> <span class='ocrx_word' id='word_1_336' title='bbox 1608 4876 1703 4943; x_wconf 84' lang='lat' dir='ltr'><strong>te,</strong></span> <span class='ocrx_word' id='word_1_337' title='bbox 1795 4860 2156 4932; x_wconf 84' lang='lat' dir='ltr'><strong>Dominus</strong></span> 
     </span>
    </p>
   </div>
   <div class='ocr_carea' id='block_1_13' title="bbox 669 5115 1306 5195">
    <p class='ocr_par' dir='ltr' id='par_1_15' title="bbox 669 5115 1306 5195">
     <span class='ocr_line' id='line_1_55' title="bbox 669 5115 1306 5195; baseline 0.011 -22"><span class='ocrx_word' id='word_1_338' title='bbox 669 5115 687 5152; x_wconf 74' lang='lat'>⁸</span> <span class='ocrx_word' id='word_1_339' title='bbox 717 5117 767 5173; x_wconf 90' lang='lat'><strong>11</strong></span> <span class='ocrx_word' id='word_1_340' title='bbox 797 5118 1053 5195; x_wconf 84' lang='lat' dir='ltr'><strong>Paralip.</strong></span> <span class='ocrx_word' id='word_1_341' title='bbox 1085 5138 1185 5193; x_wconf 83' lang='lat' dir='ltr'><strong>xx,</strong></span> <span class='ocrx_word' id='word_1_342' title='bbox 1218 5124 1306 5181; x_wconf 80' lang='grc' dir='ltr'><strong>Π.</strong></span> 
     </span>
    </p>
   </div>
   <div class='ocr_carea' id='block_1_14' title="bbox 2325 3778 3826 4392">
    <p class='ocr_par' dir='ltr' id='par_1_16' title="bbox 2552 3778 3825 3962">
     <span class='ocr_line' id='line_1_56' title="bbox 2553 3778 3825 3874; baseline -0.003 -22"><span class='ocrx_word' id='word_1_343' title='bbox 2553 3779 2900 3873; x_wconf 88' lang='lat' dir='ltr'><strong>protectio</strong></span> <span class='ocrx_word' id='word_1_344' title='bbox 2942 3798 3063 3852; x_wconf 87' lang='lat' dir='ltr'><strong>tua</strong></span> <span class='ocrx_word' id='word_1_345' title='bbox 3084 3801 3303 3874; x_wconf 84' lang='lat' dir='ltr'><strong>super</strong></span> <span class='ocrx_word' id='word_1_346' title='bbox 3321 3801 3625 3853; x_wconf 88' lang='lat' dir='ltr'><strong>manum</strong></span> <span class='ocrx_word' id='word_1_347' title='bbox 3657 3778 3825 3850; x_wconf 81' lang='lat' dir='ltr'><strong>dex·</strong></span> 
     </span>
     <span class='ocr_line' id='line_1_57' title="bbox 2552 3909 3033 3962; baseline -0.002 0"><span class='ocrx_word' id='word_1_348' title='bbox 2552 3909 2778 3962; x_wconf 86' lang='lat' dir='ltr'><strong>teram</strong></span> <span class='ocrx_word' id='word_1_349' title='bbox 2809 3909 3033 3962; x_wconf 87' lang='lat' dir='ltr'><strong>tuam.</strong></span> 
     </span>
    </p>

    <p class='ocr_par' dir='ltr' id='par_1_17' title="bbox 2327 3995 3820 4199">
     <span class='ocr_line' id='line_1_58' title="bbox 2327 3995 3820 4090; baseline -0.001 -22"><span class='ocrx_word' id='word_1_350' title='bbox 2327 4000 2396 4068; x_wconf 79' lang='lat'><strong>6.</strong></span> <span class='ocrx_word' id='word_1_351' title='bbox 2450 3995 2590 4068; x_wconf 87' lang='lat' dir='ltr'><strong>Per</strong></span> <span class='ocrx_word' id='word_1_352' title='bbox 2616 3998 2811 4069; x_wconf 87' lang='lat' dir='ltr'><strong>diem</strong></span> <span class='ocrx_word' id='word_1_353' title='bbox 2841 4000 2948 4070; x_wconf 84' lang='lat' dir='ltr'><strong>sol</strong></span> <span class='ocrx_word' id='word_1_354' title='bbox 2999 4022 3142 4071; x_wconf 90' lang='lat' dir='ltr'><strong>non</strong></span> <span class='ocrx_word' id='word_1_355' title='bbox 3212 4016 3370 4070; x_wconf 85' lang='lat' dir='ltr'><strong>uret</strong></span> <span class='ocrx_word' id='word_1_356' title='bbox 3417 4016 3514 4080; x_wconf 87' lang='lat' dir='ltr'><strong>te,</strong></span> <span class='ocrx_word' id='word_1_357' title='bbox 3583 4018 3820 4090; x_wconf 83' lang='lat' dir='ltr'><strong>neque</strong></span> 
     </span>
     <span class='ocr_line' id='line_1_59' title="bbox 2547 4106 3236 4199; baseline 0 -23"><span class='ocrx_word' id='word_1_358' title='bbox 2547 4106 2718 4176; x_wconf 85' lang='lat' dir='ltr'><strong>luna</strong></span> <span class='ocrx_word' id='word_1_359' title='bbox 2759 4126 2886 4199; x_wconf 88' lang='lat' dir='ltr'><strong>per</strong></span> <span class='ocrx_word' id='word_1_360' title='bbox 2925 4125 3236 4177; x_wconf 88' lang='lat' dir='ltr'><strong>noctem.</strong></span> 
     </span>
    </p>

    <p class='ocr_par' dir='ltr' id='par_1_18' title="bbox 2325 4211 3826 4392">
     <span class='ocr_line' id='line_1_60' title="bbox 2325 4211 3823 4304; baseline 0.001 -24"><span class='ocrx_word' id='word_1_361' title='bbox 2325 4236 2390 4304; x_wconf 93' lang='lat'><strong>7.</strong></span> <span class='ocrx_word' id='word_1_362' title='bbox 2448 4211 2804 4284; x_wconf 84' lang='lat' dir='ltr'><strong>Dominus</strong></span> <span class='ocrx_word' id='word_1_363' title='bbox 2844 4212 3159 4284; x_wconf 85' lang='lat' dir='ltr'><strong>custodit</strong></span> <span class='ocrx_word' id='word_1_364' title='bbox 3188 4231 3255 4285; x_wconf 88' lang='lat' dir='ltr'><strong>te</strong></span> <span class='ocrx_word' id='word_1_365' title='bbox 3292 4213 3385 4284; x_wconf 86' lang='lat' dir='ltr'><strong>ab</strong></span> <span class='ocrx_word' id='word_1_366' title='bbox 3416 4211 3620 4284; x_wconf 89' lang='lat' dir='ltr'><strong>omni</strong></span> <span class='ocrx_word' id='word_1_367' title='bbox 3657 4233 3823 4283; x_wconf 87' lang='lat' dir='ltr'><strong>ma-</strong></span> 
     </span>
     <span class='ocr_line' id='line_1_61' title="bbox 2542 4319 3826 4392; baseline -0.001 -1"><span class='ocrx_word' id='word_1_368' title='bbox 2542 4320 2655 4392; x_wconf 89' lang='lat' dir='ltr'><strong>lo:</strong></span> <span class='ocrx_word' id='word_1_369' title='bbox 2691 4319 3050 4392; x_wconf 85' lang='lat' dir='ltr'><strong>custodiat</strong></span> <span class='ocrx_word' id='word_1_370' title='bbox 3078 4319 3396 4391; x_wconf 86' lang='lat' dir='ltr'><strong>animam</strong></span> <span class='ocrx_word' id='word_1_371' title='bbox 3423 4338 3627 4392; x_wconf 88' lang='lat' dir='ltr'><strong>tuam</strong></span> <span class='ocrx_word' id='word_1_372' title='bbox 3671 4320 3826 4390; x_wconf 92' lang='lat' dir='ltr'><strong>Do-</strong></span> 
     </span>
    </p>
   </div>
   <div class='ocr_carea' id='block_1_15' title="bbox 2315 4449 3812 4605">
    <p class='ocr_par' dir='ltr' id='par_1_19' title="bbox 2315 4449 3812 4605">
     <span class='ocr_line' id='line_1_62' title="bbox 2537 4449 3265 4498; baseline 0.004 -1"><span class='ocrx_word' id='word_1_373' title='bbox 2537 4449 2806 4498; x_wconf 70' lang='lat' dir='ltr'><strong>minus.</strong></span> <span class='ocrx_word' id='word_1_374' title='bbox 3255 4480 3265 4490; x_wconf 80' lang='grc'><strong>.</strong></span> 
     </span>
     <span class='ocr_line' id='line_1_63' title="bbox 2315 4531 3812 4605; baseline 0 0"><span class='ocrx_word' id='word_1_375' title='bbox 2315 4534 2384 4605; x_wconf 90' lang='grc'><strong>8.</strong></span> <span class='ocrx_word' id='word_1_376' title='bbox 2440 4534 2797 4605; x_wconf 82' lang='lat' dir='ltr'><strong>Dominus</strong></span> <span class='ocrx_word' id='word_1_377' title='bbox 2816 4531 3174 4605; x_wconf 85' lang='lat' dir='ltr'><strong>custodiat</strong></span> <span class='ocrx_word' id='word_1_378' title='bbox 3195 4531 3575 4604; x_wconf 85' lang='lat' dir='ltr'><strong>introitum</strong></span> <span class='ocrx_word' id='word_1_379' title='bbox 3599 4550 3812 4605; x_wconf 89' lang='lat' dir='ltr'><strong>tuum</strong></span> 
     </span>
    </p>
   </div>
   <div class='ocr_carea' id='block_1_16' title="bbox 2534 4642 3814 4843">
    <p class='ocr_par' dir='ltr' id='par_1_20' title="bbox 2534 4642 3814 4843">
     <span class='ocr_line' id='line_1_64' title="bbox 2535 4642 3814 4721; baseline -0.001 -8"><span class='ocrx_word' id='word_1_380' title='bbox 2535 4660 2612 4714; x_wconf 83' lang='lat' dir='ltr'><strong>et</strong></span> <span class='ocrx_word' id='word_1_381' title='bbox 2651 4642 2925 4714; x_wconf 84' lang='lat' dir='ltr'><strong>exitum</strong></span> <span class='ocrx_word' id='word_1_382' title='bbox 2977 4660 3210 4721; x_wconf 86' lang='lat' dir='ltr'><strong>tuum,</strong></span> <span class='ocrx_word' id='word_1_383' title='bbox 3280 4662 3365 4712; x_wconf 83' lang='lat' dir='ltr'><strong>ex</strong></span> <span class='ocrx_word' id='word_1_384' title='bbox 3422 4642 3561 4713; x_wconf 89' lang='lat' dir='ltr'><strong>hoc</strong></span> <span class='ocrx_word' id='word_1_385' title='bbox 3617 4662 3814 4713; x_wconf 86' lang='lat' dir='ltr'><strong>nunc</strong></span> 
     </span>
     <span class='ocr_line' id='line_1_65' title="bbox 2534 4748 3400 4843; baseline 0 -23"><span class='ocrx_word' id='word_1_386' title='bbox 2534 4767 2606 4821; x_wconf 87' lang='lat' dir='ltr'><strong>et</strong></span> <span class='ocrx_word' id='word_1_387' title='bbox 2642 4772 2872 4843; x_wconf 88' lang='lat' dir='ltr'><strong>usque</strong></span> <span class='ocrx_word' id='word_1_388' title='bbox 2922 4748 2993 4821; x_wconf 88' lang='lat' dir='ltr'><strong>in</strong></span> <span class='ocrx_word' id='word_1_389' title='bbox 3025 4748 3400 4820; x_wconf 84' lang='lat' dir='ltr'><strong>saeculum.</strong></span> 
     </span>
    </p>
   </div>
  </div>
 </body>
</html>
