5008 6329
390 1710 708 1810 “essen

740 337 869 403 5¹2

735 505 1127 573 inferiorem
1194 503 1536 571 admonet.
1647 503 1986 586 Secundo,
2083 504 2281 574 docet

738 610 1084 701 quomodo
1140 612 1388 700 poterit
1444 611 1738 692 laudare,
1784 614 1835 680 si
1870 614 1938 680 in
1971 616 2114 704 ipso
2146 612 2279 680 sei-

736 718 894 784 licet
929 716 1073 784 solo
1114 739 1302 810 spem
1367 721 1689 809 posuerit,
1759 720 1877 801 ibi,
1952 746 1983 786 α
2046 719 2281 787 Nolite

718 824 1093 913 confidere.
1134 854 1166 889 »

826 931 903 999 ln
936 936 1155 1025 prima
1193 937 1352 1004 duo.
1389 936 1646 1019 Primo,
1691 934 2067 1002 exhortatio
2129 956 2283 1022 par-

735 1037 822 1105 tis
876 1038 1212 1108 inferioris
1252 1062 1290 1106 a
1344 1040 1698 1129 superiori.
1756 1037 2095 1116 Secunde,
2172 1059 2282 1104 re-

736 1146 1011 1234 sponsio
1043 1145 1378 1212 inferioris
1400 1144 1730 1233 superiori
1762 1144 2276 1222 consentientiS,

738 1251 855 1336 ibi,
895 1279 929 1315 α
960 1250 1293 1318 Laudabo
1332 1252 1734 1319 Dominum.
1778 1276 1810 1315 n

825 1562 1006 1631 Dicit
1041 1585 1203 1654 ergo
1249 1585 1263 1630 :
1304 1563 1416 1632 Sic
1473 1565 1780 1655 superius
1839 1566 2119 1655 promisi
2175 1587 2283 1631 me

739 1674 1096 1766 magnifiee
1136 1673 1595 1751 laudaturum,
1629 1682 1694 1740 et
1728 1683 2004 1764 propter
2031 1673 2187 1751 hoc,
2243 1695 2283 1739 o

738 1809 774 1847 «
816 1783 1055 1851 anima
1094 1804 1267 1861 mea,
1308 1805 1340 1846 n
1376 1778 1805 1847 inferioribus
1837 1779 2036 1847 rebus
2068 1781 2287 1847 inten-

731 1898 824 1969 ta,
851 1905 898 1956 ἀ
935 1888 1153 1956 lauda
1181 1887 1585 1955 Dominum.
1624 1910 1656 1951 ι
1695 1884 1940 1975 Supra,
1986 1886 2054 1952 in
2099 1885 2279 1953 Psal.

729 2021 840 2078 cu,
875 1999 914 2063 2
951 1995 1311 2076 :Benedic,
1363 1995 1599 2062 anima
1641 2016 1815 2077 mea,
1866 1994 2183 2073 Domino,
2222 2003 2287 2061 et

730 2104 990 2183 omnia,
1038 2110 1165 2170 eto.
1200 2101 1369 2169 Tob.
1413 2123 1560 2184 xm,
1608 2101 1686 2168 19
1733 2123 1748 2168 ε
1790 2101 2045 2169 Anima
2102 2122 2280 2179 mea,

732 2211 1007 2279 benedic
1060 2210 1462 2278 Dominum.
1526 2206 1761 2275 Glossa
1839 2206 2277 2276 Cassiodori:

735 2346 768 2386 α
800 2317 957 2387 Vox
979 2319 1131 2401 ista,
1166 2318 1235 2384 in
1267 2340 1399 2409 qua
1429 2318 1719 2408 seipsam
1750 2318 1991 2384 invitat
2021 2317 2277 2394 anima,

734 2429 1064 2497 «musica
1101 2427 1416 2497 salutaris
1471 2436 1595 2509 est,
1638 2450 1787 2519 quae
1846 2449 1984 2495 non
2056 2425 2280 2494 solum

739 2566 771 2601 α
801 2536 1192 2606 mortalium
1287 2534 1658 2626 permulcet
1762 2534 2098 2614 auditum,
2163 2534 2281 2604 sed

736 2671 769 2711 α
802 2646 1007 2713 etiam
1057 2643 1474 2712 intellectum
1541 2642 1823 2712 delectat
1862 2642 2275 2735 angelicum.

736 2782 765 2812 <c
805 2750 1000 2821 Dicat
1051 2775 1215 2846 ergo
1264 2752 1574 2844 superior
1610 2773 1764 2842 pars
1805 2751 2105 2820 inferiori
2163 2774 2285 2842 per

747 2885 776 2922 α
805 2857 1227 2928 diversarum
1270 2881 1496 2928 rerum
1528 2867 1905 2926 creatarum
1948 2859 2281 2927 distractae

737 2990 767 3030 ι
803 2965 1159 3048 desideria,
1204 2964 1334 3036 Isa.
1380 2988 1570 3045 xxm,
1612 2965 1691 3032 16
1729 2988 1744 3033 1
1800 2964 2013 3033 Sume
2059 2965 2284 3033 cillia-

716 3098 766 3169 ,α
800 3096 978 3155 ram,
1044 3074 1262 3142 circui
1318 3073 1690 3153 civitatem,
1746 3073 2069 3139 meretrix
2098 3070 2283 3140 obli-

734 3209 767 3246 «
802 3182 990 3249 vioni
1053 3181 1317 3250 tradita
1373 3205 1396 3249 .·
1447 3179 1607 3249 bene
1661 3203 1849 3263 eane,
1915 3181 2281 3272 frequenta

733 3311 769 3354 ι
799 3291 1167 3370 canticum,
1213 3299 1289 3359 ut
1317 3290 1656 3358 memoria
1686 3290 1793 3355 tui
1826 3290 1940 3356 sit.
1989 3313 2021 3353 n

825 3532 857 3570 α
920 3503 1255 3575 Laudabo
1321 3504 1713 3573 Dominum.
1753 3528 1786 3567 n
1856 3502 1982 3572 llic
2048 3526 2287 3574 secun·

738 3616 929 3695 dum,
963 3614 1221 3684 scilieet
1251 3612 1590 3682 inferioris
1619 3614 1971 3704 responsio
2016 3636 2031 3681 z
2079 3622 2144 3684 et
2176 3614 2286 3682 di-

734 3732 984 3794 cuntur
1010 3722 1146 3792 duo
1189 3720 1414 3790 inhao
1477 3723 1943 3814 responsione.
2013 3721 2277 3801 Prim0,

733 3830 1070 3922 promittit
1127 3852 1199 3899 se
1240 3828 1673 3898 laudaturum
1738 3828 2084 3897 veraciter.
2150 3828 2284 3898 Se-

732 3936 983 4016 cundo,
1019 3934 1203 4028 quod
1238 3942 1773 4026 perseveranter,
1807 3933 1925 4014 ibi,
1991 3958 2026 3999 ι
2082 3934 2287 4003 Psal-

735 4043 877 4112 lam
901 4045 1073 4113 Deo.
1120 4069 1153 4110 ι
2246 4041 2253 4045 ’

822 4151 1000 4221 Dicit
1054 4174 1218 4243 ergo
1289 4173 1305 4219 ε
1371 4150 1486 4220 Sic
1543 4175 1783 4221 mones
1858 4162 1933 4221 ut
2008 4152 2282 4222 laudem

721 4259 981 4343 Deum.
1029 4282 1071 4327 o
1116 4281 1275 4350 pars
1327 4260 1658 4349 superior.
1709 4268 1775 4327 et
1830 4284 1959 4351 ego
2006 4284 2286 4353 respon·-

730 4367 908 4436 deo:
949 4394 983 4429 α
1015 4364 1350 4434 Laudabo
1396 4367 1789 4451 Dominum,
1857 4395 1891 4432 a
1941 4392 2082 4438 non
2129 4378 2287 4439 tan-

731 4483 876 4543 tum
907 4497 1047 4559 ore,
1084 4474 1258 4542 sicut
1287 4472 1411 4555 illi,
1445 4473 1528 4543 de
1559 4474 1826 4567 quibus,
1876 4476 2118 4550 matth.
2164 4502 2281 4564 xv,

733 4583 773 4651 8
818 4580 1185 4674 :Populus
1237 4582 1349 4649 lu‘c
1406 4580 1612 4650 labiis
1665 4606 1772 4653 me
1817 4585 2137 4669 honorat,
2171 4612 2286 4658 eor

733 4698 990 4771 aulem,
1057 4682 1250 4766 otest,
1300 4686 1419 4756 sed
1451 4715 1484 4752 ι(
1528 4689 1597 4756 in
1629 4690 1771 4758 vila
1815 4714 1964 4759 mea
1997 4715 2021 4761 .·
2053 4719 2089 4755 »
2125 4696 2285 4785 quia

737 4793 938 4864 Eocli.
1000 4816 1166 4874 xvn,
1243 4796 1354 4874 27,
1432 4794 1677 4864 dieitur
1749 4819 1765 4864 ε
1843 4798 2283 4888 Confiteberis

732 4905 983 4983 vivens,
1016 4903 1210 4970 vivus
1236 4912 1302 4971 el
1325 4926 1536 4973 sanus
1562 4904 2013 4995 confiteberis,
2047 4906 2285 4975 Domi·

735 5034 824 5080 no
888 5009 1164 5087 scilieet,
1207 5020 1271 5080 et
1332 5011 1655 5081 laudabis
1703 5017 1947 5084 Deum.
1985 5014 2091 5096 Et,
2143 5014 2276 5084 Isa.

734 5141 1018 5201 xxxvm,
1067 5121 1145 5187 19
1191 5139 1206 5187 ε
1255 5120 1512 5200 Vivens,
1542 5121 1793 5206 vivens,
1824 5125 1966 5191 vita
2020 5132 2278 5194 naturae

732 5235 799 5295 et
844 5229 1102 5318 gratiae,
1167 5228 1310 5320 ipse
1364 5228 1797 5316 confitebitur
1848 5230 1999 5312 tibi,
2060 5230 2280 5301 laudis

729 5334 1185 5405 confessione.
1220 5335 1303 5405 Et
1340 5334 1644 5419 tandem,
1703 5337 1773 5406 in
1838 5337 2022 5407 Psal.
2092 5363 2274 5418 exin,

807 5607 825 5643 ⁸
859 5605 944 5666 Gi.
977 5606 1106 5663 Iso:
1148 5621 1304 5674 xxix,
1339 5606 1405 5661 13
1440 5621 1454 5660 :
1514 5607 1584 5662 Et
1637 5606 1784 5664 dixit
1843 5608 2102 5668 Dominus
2140 5626 2162 5666 .·
2198 5611 2280 5667 Eo

740 5699 891 5771 quod
915 5699 1333 5772 appropinquat
1357 5697 1599 5769 populus
1628 5701 1727 5756 iste
1753 5715 1844 5756 ore
1871 5716 1989 5770 suo,
2019 5706 2071 5758 el
2114 5701 2278 5759 labiis

1723 329 1808 396 D.
1859 328 2058 395 ALB.
2113 326 2328 394 MAG.
2386 326 2592 396 ORD.
2648 328 2936 397 PRAED.

2398 507 2503 590 Π,
2530 505 2773 573 dicitur
2798 526 2812 570 ε
2839 505 2992 573 Non
3009 500 3272 568 mortui
3293 496 3684 567 laudabunt
3703 506 3788 574 te,
3813 498 3948 563 Do-

2392 614 2593 680 mine.
2636 609 2781 696 vel,
2825 618 2899 678 ut
2931 610 3016 678 ad
3045 609 3349 677 futurum
3373 607 3574 697 juxta
3631 602 3943 669 Glossam

2394 721 2717 789 referatur
2795 743 2810 787 :
2876 747 2911 783 «
2964 716 3301 786 Laudabo
3357 717 3582 784 Deum
3636 711 3740 776 'in
3803 710 3946 776 vita

2393 852 2568 908 mea,
2608 854 2640 894 ›>
2683 831 2751 895 in
2786 837 3036 896 aeterna
3065 828 3230 905 vita,
3266 847 3420 916 quae
3451 843 3610 890 vere
3640 821 3781 887 viia
3813 825 3940 898 est,

2394 941 2457 1001 et
2489 957 2641 1024 quae
2683 957 2857 1013 mea,
2893 936 3054 1024 quia
3121 932 3274 999 finis
3333 951 3527 998 meus
3574 936 3680 995 est
3722 948 3738 994 z
3781 933 3944 991 tunc

2393 1044 2576 1110 enim
2606 1065 2782 1111 verae
2812 1043 2969 1109 vitae
3002 1039 3393 1117 adhaerebo,
3438 1046 3504 1106 et
3533 1038 3629 1104 sio
3668 1033 3943 1102 laudare

2394 1158 2631 1240 potero
2684 1174 2700 1218 ε
2746 1150 2867 1233 ilii,
2938 1151 3246 1239 inquam,
3308 1147 3424 1236 qui
3492 1143 3678 1222 dicit,
3738 1141 3939 1209 Joan.

2395 1281 2535 1339 xrv,
2582 1259 2620 1326 6
2657 1282 2670 1325 :
2713 1260 2865 1348 qu
2892 1279 3048 1324 sum
3088 1257 3225 1335 via,
3262 1263 3324 1322 et
3351 1253 3626 1329 veritas,
3669 1258 3735 1317 el
3771 1250 3940 1316 vila.

2396 1365 2479 1432 Et
2508 1387 2662 1432 vere
2692 1363 3088 1432 vivificabor
3115 1385 3221 1443 ea,
3265 1360 3449 1452 quia,
3490 1356 3693 1426 Joan.
3771 1377 3941 1432 xvu,

2397 1473 2461 1554 3,
2496 1472 2738 1540 dieitur
2774 1497 2787 1539 :
2832 1473 2989 1539 llaec
3018 1480 3117 1538 est
3144 1472 3288 1538 vita
3309 1479 3565 1537 aeterna
3607 1489 3628 1532 .·
3677 1474 3754 1532 ut
3792 1485 3946 1550 coq-

2394 1589 2676 1648 noscant
2722 1589 2784 1646 te
2821 1580 3051 1646 solum
3092 1580 3319 1646 Deum
3346 1597 3610 1655 verum,
3644 1582 3708 1640 et
3747 1590 3946 1662 quem

2394 1687 2665 1764 misisti,
2695 1686 2927 1753 lesum
2963 1683 3341 1753 Christum.

2488 1927 2520 1961 «
2557 1897 2872 1966 Psallam
2913 1898 3054 1964 Deo
3086 1918 3257 1963 meo.
3295 1919 3328 1960 »
3367 1893 3494 1961 Hic
3539 1890 3942 1961 secundum.

2394 2002 2601 2084 Quasi
2670 2004 2919 2072 diceret
2982 2027 2996 2071 ε
3062 2001 3178 2071 Sic
3233 2000 3528 2069 laudabo
3586 1998 3944 2076 veraciter,

2394 2114 2551 2204 quia
2585 2114 2651 2180 in
2682 2114 2820 2181 vita
2849 2111 3169 2189 laudabo,
3208 2132 3348 2179 non
3378 2110 3448 2176 in
3480 2131 3598 2178 ore
3628 2115 3896 2176 tantum
3926 2128 3940 2171 :

2392 2230 2458 2289 et
2509 2248 2542 2288 α
2574 2220 2888 2313 psallam
2948 2222 3091 2288 Deo
3150 2241 3322 2299 meo,
3360 2243 3394 2285 ι»
3466 2215 3807 2308 operabor
3860 2212 3945 2282 ad

2391 2330 2660 2398 laudem
2737 2329 2857 2396 Dei
2917 2331 3079 2410 mei,
3150 2353 3183 2394 «
3245 2326 3587 2419 quamdiu
3633 2326 3861 2414 suero,
3907 2346 3941 2385 υ

2390 2460 2605 2530 usque
2636 2437 2890 2507 scilicet
2917 2438 3000 2505 ad
3043 2438 3252 2505 linem
3294 2437 3456 2503 vitae
3492 2453 3946 2526 perseveran-

2391 2545 2502 2614 do.
2535 2543 2879 2623 hilinum,
2914 2567 2983 2628 ν,
3028 2545 3067 2612 3
3113 2565 3128 2610 :
3178 2544 3331 2633 Eyo
3386 2562 3570 2620 sum,
3612 2561 3735 2631 eqo
3788 2559 3942 2604 sum

2390 2678 2541 2747 quae
2591 2655 2881 2722 Domino
2938 2674 3212 2730 canam,
3266 2649 3580 2742 psallam
3648 2646 3947 2715 Domino

2396 2769 2533 2834 Deo
2576 2766 2816 2834 lsrael.
2861 2762 3285 2845 Quomodo?
3324 2761 3558 2852 Usque
3589 2757 3676 2827 ad
3706 2757 3941 2826 finem.

2392 2874 2591 2954 Quia,
2635 2872 2720 2941 ad
2751 2872 2957 2941 Hebr.
2993 2894 3138 2952 xm,
3187 2868 3294 2951 15,
3329 2868 3577 2938 dieitur
3619 2887 3635 2936 t
3684 2865 3947 2956 Offera-

2390 3005 2543 3051 mus
2570 2982 2864 3050 hostiam
2924 2979 3159 3048 laudis
3194 2999 3462 3069 semper
3497 2976 3668 3044 Deo.
3729 2967 3940 3040 Eccli.

2391 3116 2476 3174 ιι,
2520 3093 2559 3160 8
2613 3113 2629 3161 2
2670 3088 3022 3161 Laudabit
3062 3111 3276 3182 usque
3329 3086 3427 3157 ad
3459 3093 3747 3155 mortem
3787 3081 3948 3149 ani-

2389 3224 2506 3272 ma
2544 3223 2695 3269 mea
2724 3200 3129 3268 Dominum.

2481 3549 2515 3589 α
2558 3521 2791 3592 Nolite
2825 3516 3187 3609 confidere.
3235 3540 3269 3583 ι
3302 3512 3431 3584 Hic
3458 3512 3758 3584 secunda
3786 3534 3944 3604 pars

2391 3631 2672 3713 Psalmi,
2717 3631 2782 3699 in
2814 3651 2945 3721 qua
2984 3634 3352 3718 postquam
3390 3624 3703 3716 superior
3765 3621 3945 3690 infe-

2391 3740 2639 3810 riorem
2681 3737 2945 3806 monuit
3008 3733 3094 3803 ad
3133 3731 3431 3809 laudem,
3493 3752 3679 3799 nuno
3725 3732 3944 3822 ipsam

2391 3847 2663 3915 instruit
2715 3840 3062 3935 quomodo
3140 3842 3346 3909 etiam
3385 3838 3663 3907 laudare
3701 3838 3942 3930 possit,

2389 3956 2443 4022 si
2475 3976 2666 4045 spem
2695 3974 2891 4020 suam
2933 3970 3073 4018 non
3104 3947 3176 4016 in
3214 3947 3504 4030 semine,
3547 3944 3769 4014 sedin
3797 3943 3945 4013 Deo

2390 4060 2718 4155 posuerit.
2764 4056 2997 4126 Primo
3026 4076 3192 4147 ergo
3243 4060 3502 4135 monet,
3572 4058 3648 4121 ut
3708 4052 3777 4120 in
3814 4050 3950 4120 ho-

2389 4171 2572 4238 mine
2603 4189 2793 4259 spem
2825 4187 2963 4234 non
2995 4171 3230 4256 ponat.
3278 4159 3624 4240 Secundo.
3675 4157 3950 4228 beatifi-

2388 4285 2496 4346 cat
2547 4282 2930 4368 sperantem
2970 4273 3042 4340 in
3117 4272 3289 4355 Deo,
3368 4277 3447 4338 ut
3501 4268 3597 4338 sic
3662 4266 3944 4337 suadeat

2388 4406 2659 4477 sperare
2700 4384 2768 4451 in
2799 4381 2940 4460 illo,
2977 4380 3098 4467 ibi,
3131 4387 3197 4457 5.
3243 4380 3330 4450 5:
3384 4406 3416 4441 α
3445 4378 3707 4445 Beatus
3734 4375 3942 4466 eujus

2388 4496 2577 4564 Deus
2609 4490 2847 4562 Jacob.
2895 4518 2929 4553 >2

2479 4601 2555 4668 ln
2619 4599 2840 4690 prima
2911 4596 3071 4667 duo,
3157 4594 3421 4673 PrimO,
3477 4593 3678 4663 docet
3750 4613 3941 4684 spem

2389 4732 2528 4778 non
2557 4729 2817 4799 ponere
2847 4706 2917 4773 in
2964 4703 3272 4774 homine.
3338 4700 3686 4786 Secundo,
3729 4703 3942 4793 assig-

2386 4827 2502 4887 nat
2541 4819 2836 4887 rationes
2893 4837 3129 4909 quare,
3159 4814 3278 4892 ibi,
3333 4813 3369 4880 ι’
3410 4813 3495 4882 In
3524 4811 3781 4904 quibus
3806 4833 3941 4880 non

2386 4938 2483 4999 est
2509 4929 2726 4998 salem.
2764 4957 2794 4990 υ

2473 5037 2551 5105 In
2589 5037 2807 5128 prima
2845 5035 3005 5103 duo.
3052 5032 3318 5114 Prim0,
3370 5030 3569 5103 docet
3599 5053 3740 5102 non
3779 5049 3942 5101 oon·

2386 5145 2590 5215 fidere
2631 5147 2702 5213 in
2740 5140 3137 5234 majoribus.
3198 5139 3547 5220 Secundo,
3591 5140 3662 5208 in
3710 5136 3942 5207 omni-

2384 5252 2511 5322 bus
2571 5250 3003 5344 generaliter,
3068 5248 3190 5335 ibi,
3256 5274 3291 5315 ι
3343 5250 3425 5317 ln
3481 5247 3659 5338 filiis
3711 5245 3943 5315 homi-

2383 5382 2574 5429 num.
2616 5385 2648 5426 »

2381 5616 2493 5672 suis
2528 5613 2805 5687 glorificat
2835 5630 2941 5686 me,
2971 5630 3068 5673 eor
3090 5621 3274 5672 aulem
3304 5614 3426 5686 ejus
3454 5613 3616 5687 Ionos
3643 5622 3737 5674 ‘est‘
3759 5631 3796 5672 a
3819 5629 3940 5684 me,

2384 5710 2496 5763 etc.
3165 5736 3168 5739 Α
3903 5721 3909 5726 ’

4020 3631 4239 3679 Secunda

3973 3685 4291 3748 parum
