5008 6329
2499 242 2917 312 PSALMUS
2969 239 3142 308 cvl.

1462 410 2011 494 tribularentur,
2049 432 2119 484 et
2161 414 2249 482 de
2307 413 2753 482 necessitati-

1463 519 1599 588 bus
1631 543 1888 591 eorum
1916 522 2184 614 eripuit
2225 543 2348 590 eos
2385 543 2400 585 ε

1242 652 1305 716 7.
1366 627 1457 696 Et
1489 629 1792 700 deduxit
1826 654 1950 700 eos
1999 629 2073 698 in
2108 627 2300 696 viam
2343 644 2632 704 rectam,
2677 644 2755 695 ut

1460 737 1647 805 irent
1697 736 1769 805 in
1831 736 2198 805 civitatem
2255 731 2744 803 habitationis,

1236 845 1301 913 8.
1361 842 1867 915 Confiteantur
1938 840 2256 911 Domino
2343 841 2756 912 misericor-

1461 952 1600 1018 diae
1629 950 1811 1039 ejus,
1848 968 1918 1019 et
1943 949 2310 1020 mirabilia
2380 948 2540 1039 ejus
2589 949 2755 1019 filiis

1473 1057 1889 1128 hominum.

1233 1188 1300 1256 9.
1358 1162 1553 1253 Quia
1608 1164 1899 1234 satiavit
1938 1164 2260 1235 animam
2310 1163 2626 1247 inanem,
2683 1180 2751 1232 et

1458 1272 1779 1343 animam
1834 1270 2280 1342 esurientem
2319 1271 2599 1340 satiavit
2636 1271 2755 1340 bo·

1459 1382 1598 1451 nis.

1106 1510 1111 1514 ·
1201 1515 1310 1562 ιο.
1367 1490 1722 1564 Sedentes
1813 1492 1884 1562 in
1962 1490 2283 1562 tenebris
2352 1508 2421 1561 et
2494 1488 2753 1559 umbra

1461 1600 1720 1670 mortis
1768 1623 1782 1668 ε
1822 1600 2130 1687 vinctos,
2166 1598 2237 1668 in
2290 1597 2752 1669 mendicitate

1460 1727 1529 1778 et
1562 1708 1776 1778 ferro.

1199 1851 1304 1897 11.
1361 1824 1558 1915 Quia
1606 1824 2216 1896 exacerbaverunt
2260 1823 2548 1916 eloquia
2593 1821 2749 1902 Dei,

1453 1952 1522 2004 et
1563 1933 1957 2004 consilium
2012 1931 2377 2004 Altissimi
2426 1931 2750 2004 irritave-

1456 2061 1652 2112 runt.

1207 2180 1312 2227 12.
1362 2158 1456 2228 Et
1508 2157 1980 2228 humiliatum
2060 2177 2168 2228 est
2246 2157 2316 2226 in
2380 2155 2751 2226 laboribus

1453 2288 1578 2336 cor
1609 2288 1865 2337 eorum
1913 2288 1927 2333 :
1984 2264 2330 2336 infirmati
2374 2282 2572 2349 sunt,
2618 2285 2745 2333 nec

1453 2375 1590 2446 fuit
1623 2374 2167 2468 quiadjuvaret.

1191 2485 1302 2555 13.
1364 2484 1454 2553 Et
1486 2484 1982 2553 clamaverunt
2022 2482 2111 2554 ad
2148 2480 2548 2552 Dominum
2580 2501 2748 2550 cum

1451 2590 1981 2663 tribularentur
2031 2611 2048 2659 ε
2111 2608 2181 2660 51
2222 2589 2312 2659 de
2353 2586 2748 2659 necessita-

1456 2698 1656 2769 tibus
1687 2719 1947 2768 eorum
1989 2695 2323 2768 liberavit
2368 2718 2516 2766 eos.

1199 2829 1311 2894 ¹4·
1367 2805 1461 2877 Et
1491 2805 1742 2876 eduxit
1771 2827 1897 2876 eos
1928 2803 2003 2875 in
2037 2801 2358 2875 tenebris
2395 2822 2465 2873 et
2487 2801 2745 2873 umbra

1454 2912 1741 2993 mortis,
1831 2930 1901 2983 et
1954 2910 2240 2983 vincula
2294 2932 2550 2982 eorum
2601 2908 2743 2980 dis·

1450 3020 1673 3114 rupit.

1191 3142 1298 3211 15.
1355 3135 1865 3209 Confiteantur
1935 3135 2255 3208 Domino
2319 3135 2743 3208 misericor-

1445 3247 1586 3318 diae
1632 3247 1814 3339 ejus,
1851 3265 1921 3319 et
1960 3245 2327 3319 mirabilia
2378 3246 2537 3338 ejus
2569 3245 2738 3316 filiis

1447 3356 1859 3427 hominum.

1186 3463 1295 3532 16.
1352 3460 1551 3553 Quia
1600 3460 1943 3533 contrivit
2020 3479 2266 3554 portas
2340 3482 2589 3546 aereas,
2666 3478 2735 3531 et

1444 3589 1683 3644 vectes
1734 3571 2004 3643 ferreos
2044 3570 2425 3664 confregit.

1190 3701 1298 3770 17.
1360 3674 1699 3771 Suscepit
1773 3700 1902 3749 eos
1968 3677 2059 3750 de
2129 3677 2247 3748 via
2326 3677 2732 3773 iniquitatis

1432 3809 1715 3870 eorum,
1760 3804 2060 3879 propter
2105 3784 2502 3876 injustitias
2533 3785 2729 3858 enim

1441 3914 1610 3965 suas
1642 3893 2011 3966 humiliati
2052 3911 2224 3964 sunt

1177 4007 1287 4077 18.
1338 4004 1662 4078 Omnem
1702 4025 1946 4075 escam
1975 4002 2398 4076 abominata
2445 4004 2728 4075 55111111-

1436 4136 1554 4186 ma
1617 4134 1902 4196 eorum,
1971 4131 2042 4186 et
2087 4113 2724 4209 appropinquave-

1435 4244 1605 4299 runt
1636 4248 1872 4321 usque
1897 4225 1992 4299 ad
2022 4244 2273 4322 portas
2303 4226 2586 4300 mortis.

1175 4360 1281 4430 19.
1340 4334 1433 4406 Ε1
1466 4335 1968 4407 clamaverunt
1990 4335 2080 4406 ad
2117 4332 2525 4406 Dominum
2554 4356 2723 4407 cum

1433 4440 1960 4513 tribularentur
1991 4462 2010 4514 z
2048 4460 2119 4514 et
2146 4442 2239 4512 de
2278 4440 2724 4514 necessitati·

1431 4548 1569 4620 bus
1599 4571 1857 4622 eorum
1898 4548 2231 4622 liberavit
2271 4572 2421 4621 eos.

1164 4676 1279 4727 20.
1335 4654 1540 4727 Misit
1570 4656 1877 4729 verbum
1899 4679 2147 4743 suum,
2171 4674 2243 4728 et
2264 4656 2544 4729 sanavit
2564 4679 2718 4739 eos,

1427 4787 1497 4840 51
1535 4767 1804 4862 eripuit
1853 4791 1977 4841 eos
2037 4770 2130 4840 de
2169 4767 2720 4842 interitionibus

1426 4897 1712 4949 eorum.

1158 5006 1275 5056 21.
1329 4983 1840 5057 Confiteantur
1863 4984 2183 5056 Domino
2201 4983 2718 5057 misericordiae

1426 5095 1635 5185 ejus:
1670 5115 1739 5167 51
1780 5095 2145 5168 mirabilia
2185 5096 2344 5187 ejus
2385 5097 2552 5170 filiis
2594 5098 2719 5169 ho·

1424 5209 1741 5280 minum.
1881 5291 1892 5305 ⁸

1155 5335 1271 5385 22.
1332 5313 1425 5385 Et
1484 5315 1890 5389 sacrificent
1955 5314 2389 5389 sacrificium
2447 5316 2709 5398 laudis,

4291 240 4412 307 107

3128 408 3468 479 facientes
3518 407 4014 501 operationem
4078 410 4150 478 in
4202 411 4411 502 aquis

3129 518 3409 599 111111ῐί5,

2868 647 2978 713 24.
3040 626 3186 718 Ipsi
3253 625 3591 694 viderunt
3649 647 3866 716 opera
3944 619 4266 706 Domini,
4338 645 4407 694 et

3130 736 3487 806 mirabilia
3522 734 3676 824 ejus
3708 735 3782 804 in
3817 736 4202 827 profund0.

2866 854 2978 921 25.
3037 847 3255 928 Dixit,
3319 865 3388 917 et
3436 847 3632 916 stetit
3690 847 3989 938 spiritus
4052 847 4405 939 procellae,

3126 977 3194 1028 et
3226 958 3512 1028 exaltati
3549 978 3717 1028 sunt
3748 958 4012 1028 fluctus
4044 960 4221 1047 ejus.

2866 1068 2975 1136 26.
3031 1066 3459 1136 Ascendunt
3526 1088 3756 1158 usque
3854 1067 3943 1134 ad
4011 1067 4260 1150 coelos,
4343 1084 4411 1136 et

3127 1174 3577 1244 descendunt
3625 1196 3854 1265 usque
3906 1174 3994 1242 ad
4054 1173 4407 1265 abyssos:

3126 1284 3370 1355 anima
3413 1306 3666 1355 eorum
3706 1283 3779 1352 in
3827 1284 4042 1353 malis
4099 1284 4410 1353 tabesce-

3129 1396 3274 1466 bat.

2865 1526 2977 1595 27.
3029 1503 3334 1573 Turbati
3409 1522 3580 1574 sunt
3642 1521 3708 1573 et
3758 1504 3938 1573 moti
3997 1521 4167 1572 sunt
4215 1502 4404 1572 sicut

3126 1610 3422 1681 ebrius:
3459 1629 3528 1681 et
3576 1610 3816 1681 omnis
3873 1610 4222 1702 sapientia
4281 1633 4408 1680 eo-

3126 1742 3289 1792 rum
3321 1723 3659 1792 devorata
3689 1740 3822 1793 est.

2861 1832 2973 1899 28.
3034 1828 3125 1899 Ε1
3156 1830 3647 1900 clamaverunt
3676 1830 3765 1900 ad
3807 1829 4208 1899 Dominum
4242 1850 4409 1898 cum

3123 1940 3645 2012 tribularentur
3685 1959 3704 2010 :
3737 1957 3807 2011 et
3846 1941 3935 2012 de
3968 1939 4402 2011 necessitati-

3126 2049 3263 2118 bus
3294 2069 3547 2119 eorum
3587 2048 3833 2119 eduxit
3874 2071 4022 2119 eos.

2866 2180 2980 2249 29.
3039 2156 3129 2226 Et
3153 2155 3403 2226 statuit
3433 2157 3818 2249 procellam
3842 2156 3998 2246 ejus
4022 2155 4093 2225 in
4128 2176 4405 2235 auram,

3124 2281 3192 2334 et
3242 2263 3600 2334 siluerunt
3631 2262 3893 2333 fluctus
3933 2262 4113 2352 ejus.

2859 2374 2970 2441 30.
3030 2370 3123 2440 Et
3164 2368 3384 2439 laetati
3433 2386 3604 2440 511111
3642 2369 3811 2461 quia
3862 2368 4220 2439 siluerunt
4262 2390 4280 2436 ε
4334 2385 4405 2438 51

3120 2479 3420 2552 deduxit
3459 2501 3582 2551 eos
3623 2479 3694 2550 in
3738 2497 4034 2573 portum
4066 2481 4405 2550 volunta-

3121 2593 3214 2664 tis
3246 2615 3523 2664 eorum.

2854 2708 2968 2778 31.
3025 2704 3530 2777 Confiteantur
3598 2703 3917 2774 Domino
3982 2702 4402 2774 misericor·

3117 2817 3258 2889 diae
3288 2816 3445 2907 ejus
3488 2837 3505 2887 ε
3546 2834 3615 2887 51
3644 2813 4006 2886 mirabilia
4046 2813 4203 2904 ejus
4233 2813 4402 2884 filiis

3119 2923 3533 2996 hominum.

2851 3034 2964 3104 32.
3024 3032 3118 3103 Et
3146 3030 3457 3103 exaltent
3487 3053 3656 3102 cum
3688 3028 3761 3101 in
3806 3028 4106 3101 ecclesia
4129 3027 4389 3121 plebis,

3112 3156 3183 3212 et
3214 3137 3288 3211 in
3319 3138 3659 3212 cathedra
3690 3136 4066 3210 seniorum
4098 3135 4396 3208 laudent

3113 3274 3308 3324 eum.

2847 3366 2958 3436 33.
3019 3364 3276 3436 Posuit
3330 3363 3634 3435 flumina
3702 3362 3775 3434 in
3842 3361 4239 3442 desertum,
4318 3377 4391 3431 et

3107 3475 3343 3548 exitus
3381 3495 3737 3570 aquarum
3784 3472 3859 3544 in
3910 3471 4164 3544 sitim:

2842 3586 2959 3673 34.
3010 3583 3315 3656 Terram
3336 3580 3774 3654 fructiferam
3807 3578 3881 3650 in
3914 3577 4386 3672 salsuginem,

3107 3713 3148 3760 a
3213 3688 3492 3761 malitia
3538 3683 4107 3759 inhabitantium
4165 3683 4237 3755 in
4276 3705 4386 3756 ea.

2841 3799 2955 3869 35.
3015 3797 3272 3869 Posuit
3321 3796 3692 3867 desertum
3750 3793 3823 3865 in
3872 3809 4126 3886 stagna
4171 3812 4393 3883 aqua·

3103 3925 3302 3990 rum,
3368 3921 3439 3976 et
3504 3921 3773 3976 terram
3819 3898 3978 3970 sine
4043 3920 4233 3993 aqua
4308 3897 4386 3968 in

3103 4010 3338 4083 exitus
3384 4029 3772 4105 aquarum.

2839 4121 2955 4193 36.
3011 4119 3105 4192 Et
3158 4117 3537 4192 collocavit
3612 4114 3760 4189 illic
3827 4112 4259 4195 esurientes.
4315 4131 4388 4185 et

3099 4225 3640 4300 constituerunt
3683 4221 4052 4296 civitatem
4103 4219 4385 4294 habita·

3097 4333 3321 4408 tionis
3371 4356 3390 4405 z

2830 4448 2948 4539 37.
3005 4446 3098 4519 Et
3145 4444 3688 4518 seminaverunt
3733 4463 3947 4536 agros
3991 4458 4064 4512 et
4107 4439 4383 4533 planta-

3095 4571 3354 4627 verunt
3400 4551 3672 4630 vineas,
3728 4566 3800 4620 ct
3843 4546 4171 4620 fecerunt
4224 4545 4379 4617 fru-

3094 4684 3296 4738 ctum
3324 4661 3746 4737 nativitatis.

2830 4776 2946 4849 38.
3002 4775 3098 4846 Ε1
3170 4770 3540 4847 benedixit
3594 4770 3723 4854 cis,
3775 4785 3845 4840 et
3913 4764 4377 4860 multiplicati

3093 4899 3266 4953 sunt
3312 4879 3590 4953 nimis:
3638 4876 4073 4967 etiumenta
4118 4893 4375 4945 eorum

3090 5012 3237 5062 non
3279 4985 3695 5061 minoravit.

2827 5101 2940 5194 39.
3001 5099 3096 5171 Et
3141 5097 3351 5192 pauci
3383 5094 3551 5167 facti
3593 5110 3764 5165 sunt
3793 5111 3865 5166 et
3912 5091 4142 5164 vexati
4175 5106 4375 5175 sunt,

3088 5229 3130 5279 a
3187 5200 3658 5278 tribulatione
3713 5199 4079 5272 malorum
4125 5215 4194 5270 et
4239 5197 4374 5268 do-

3090 5318 3268 5390 lore.

1421 5444 1494 5498 51
1530 5427 1969 5500 annuntient
1998 5451 2219 5522 opera
2267 5427 2423 5519 ejus
2471 5427 2546 5500 in
2587 5451 2715 5500 ex·
2818 5452 2939 5519 40.
2995 5427 3246 5499 Effusa
3282 5441 3394 5496 est
3422 5418 3874 5514 contemptio
3914 5436 4135 5511 super
4173 5413 4379 5509 prin-

1422 5534 1840 5610 sultatione.

1149 5646 1266 5717 23.
1320 5645 1472 5739 Qui
1512 5644 1968 5718 descendunt
2005 5670 2206 5723 mare
2255 5649 2332 5721 in
2370 5644 2711 5733 navibus,

3083 5532 3283 5626 cipes
3318 5547 3439 5602 :et
3477 5547 3716 5600 errare
3759 5524 3927 5598 fecit
3972 5544 4100 5596 eos
4146 5519 4221 5593 in
4272 5519 4378 5590 in·

3084 5644 3233 5734 vio,
3266 5660 3338 5714 et
3366 5660 3516 5711 non
3546 5636 3620 5707 in
3671 5635 3812 5708 via.
