<?xml version="1.0" encoding="UTF-8"?>
<!DOCTYPE html PUBLIC "-//W3C//DTD XHTML 1.0 Transitional//EN"
    "http://www.w3.org/TR/xhtml1/DTD/xhtml1-transitional.dtd">
<html xmlns="http://www.w3.org/1999/xhtml" xml:lang="en" lang="en">
 <head>
  <title>
</title>
<meta http-equiv="Content-Type" content="text/html;charset=utf-8" />
  <meta name='ocr-system' content='tesseract 3.04.00' />
  <meta name='ocr-capabilities' content='ocr_page ocr_carea ocr_par ocr_line ocrx_word'/>
</head>
<body>
  <div class='ocr_page' id='page_1' title='image "balbertimagnira02chgoog_0125.png"; bbox 0 0 5008 6329; ppageno 0'>
   <div class='ocr_carea' id='block_1_1' title="bbox 1988 195 3549 268">
    <p class='ocr_par' dir='ltr' id='par_1_1' title="bbox 1988 195 3549 268">
     <span class='ocr_line' id='line_1_1' title="bbox 1988 195 3549 268; baseline -0.003 0"><span class='ocrx_word' id='word_1_1' title='bbox 1988 198 2698 268; x_wconf 77' lang='lat' dir='ltr'><strong>COMMENTARIUS</strong></span> <span class='ocrx_word' id='word_1_2' title='bbox 2747 201 2841 266; x_wconf 83' lang='lat' dir='ltr'><strong>IN</strong></span> <span class='ocrx_word' id='word_1_3' title='bbox 2894 195 3326 264; x_wconf 71' lang='lat' dir='ltr'>PSALMUM</span> <span class='ocrx_word' id='word_1_4' title='bbox 3379 196 3549 263; x_wconf 75' lang='lat' dir='ltr'><strong>CVI.</strong></span> 
     </span>
    </p>
   </div>
   <div class='ocr_carea' id='block_1_2' title="bbox 1169 370 2712 448">
    <p class='ocr_par' dir='ltr' id='par_1_2' title="bbox 1169 370 2712 448">
     <span class='ocr_line' id='line_1_2' title="bbox 1169 370 2712 448; baseline -0.008 -5"><span class='ocrx_word' id='word_1_5' title='bbox 1169 374 1586 443; x_wconf 84' lang='lat' dir='ltr'><strong>vinculatio:</strong></span> <span class='ocrx_word' id='word_1_6' title='bbox 1645 380 1710 438; x_wconf 86' lang='lat' dir='ltr'><strong>et</strong></span> <span class='ocrx_word' id='word_1_7' title='bbox 1740 370 1894 448; x_wconf 86' lang='lat' dir='ltr'><strong>hoe,</strong></span> <span class='ocrx_word' id='word_1_8' title='bbox 1954 398 1983 433; x_wconf 74' lang='grc' dir='ltr'><strong>«ι</strong></span> <span class='ocrx_word' id='word_1_9' title='bbox 2040 373 2110 438; x_wconf 81' lang='lat' dir='ltr'><strong>in</strong></span> <span class='ocrx_word' id='word_1_10' title='bbox 2177 372 2641 446; x_wconf 78' lang='lat' dir='ltr'><strong><em>mendicitate,</em></strong></span> <span class='ocrx_word' id='word_1_11' title='bbox 2680 395 2712 430; x_wconf 72' lang='lat' dir='ltr'>n</span> 
     </span>
    </p>
   </div>
   <div class='ocr_carea' id='block_1_3' title="bbox 1170 475 2762 568">
    <p class='ocr_par' dir='ltr' id='par_1_3' title="bbox 1170 475 2762 568">
     <span class='ocr_line' id='line_1_3' title="bbox 1170 475 2762 568; baseline -0.007 -18"><span class='ocrx_word' id='word_1_12' title='bbox 1170 486 1236 550; x_wconf 93' lang='lat' dir='ltr'><strong>in</strong></span> <span class='ocrx_word' id='word_1_13' title='bbox 1273 480 1540 549; x_wconf 84' lang='lat' dir='ltr'><strong>defectu</strong></span> <span class='ocrx_word' id='word_1_14' title='bbox 1570 488 1636 547; x_wconf 86' lang='lat' dir='ltr'><strong>et</strong></span> <span class='ocrx_word' id='word_1_15' title='bbox 1668 480 1902 568; x_wconf 87' lang='lat' dir='ltr'><strong>inopia</strong></span> <span class='ocrx_word' id='word_1_16' title='bbox 1931 480 2157 547; x_wconf 86' lang='lat' dir='ltr'><strong>omnis</strong></span> <span class='ocrx_word' id='word_1_17' title='bbox 2187 478 2374 545; x_wconf 89' lang='lat' dir='ltr'><strong>boni.</strong></span> <span class='ocrx_word' id='word_1_18' title='bbox 2448 475 2721 562; x_wconf 82' lang='lat' dir='ltr'><strong>Impro-</strong></span> <span class='ocrx_word' id='word_1_19' title='bbox 2756 557 2762 564; x_wconf 20' lang='grc' dir='ltr'><strong><em>ο</em></strong></span> 
     </span>
    </p>
   </div>
   <div class='ocr_carea' id='block_1_4' title="bbox 1161 579 2722 2072">
    <p class='ocr_par' dir='ltr' id='par_1_4' title="bbox 1161 579 2722 2072">
     <span class='ocr_line' id='line_1_4' title="bbox 1170 579 2722 675; baseline -0.006 -20"><span class='ocrx_word' id='word_1_20' title='bbox 1170 589 1363 655; x_wconf 81' lang='lat' dir='ltr'><strong>batur</strong></span> <span class='ocrx_word' id='word_1_21' title='bbox 1403 589 1472 653; x_wconf 90' lang='lat' dir='ltr'><strong>in</strong></span> <span class='ocrx_word' id='word_1_22' title='bbox 1505 584 1661 663; x_wconf 82' lang='lat' dir='ltr'><strong>illis,</strong></span> <span class='ocrx_word' id='word_1_23' title='bbox 1697 587 1880 675; x_wconf 87' lang='lat' dir='ltr'><strong>quod</strong></span> <span class='ocrx_word' id='word_1_24' title='bbox 1912 586 2372 654; x_wconf 88' lang='lat' dir='ltr'><strong>comminatus</strong></span> <span class='ocrx_word' id='word_1_25' title='bbox 2403 589 2502 647; x_wconf 87' lang='lat' dir='ltr'><strong>est</strong></span> <span class='ocrx_word' id='word_1_26' title='bbox 2534 579 2722 668; x_wconf 72' lang='lat' dir='ltr'><strong>Moy-</strong></span> 
     </span>
     <span class='ocr_line' id='line_1_5' title="bbox 1168 688 2718 773; baseline -0.008 -9"><span class='ocrx_word' id='word_1_27' title='bbox 1168 719 1291 773; x_wconf 74' lang='lat' dir='ltr'><strong>seS‚</strong></span> <span class='ocrx_word' id='word_1_28' title='bbox 1339 695 1616 762; x_wconf 83' lang='lat' dir='ltr'><strong>Denter.</strong></span> <span class='ocrx_word' id='word_1_29' title='bbox 1654 718 1894 772; x_wconf 63' lang='lat' dir='ltr'><strong>xzwm,</strong></span> <span class='ocrx_word' id='word_1_30' title='bbox 1941 696 2023 761; x_wconf 73' lang='lat'><strong>48</strong></span> <span class='ocrx_word' id='word_1_31' title='bbox 2059 716 2073 760; x_wconf 92' lang='lat'>:</span> <span class='ocrx_word' id='word_1_32' title='bbox 2112 691 2379 760; x_wconf 78' lang='lat' dir='ltr'><strong>servies</strong></span> <span class='ocrx_word' id='word_1_33' title='bbox 2445 688 2718 753; x_wconf 81' lang='lat' dir='ltr'><strong>inimico</strong></span> 
     </span>
     <span class='ocr_line' id='line_1_6' title="bbox 1168 796 2720 892; baseline -0.008 -22"><span class='ocrx_word' id='word_1_34' title='bbox 1168 813 1305 880; x_wconf 86' lang='lat' dir='ltr'><strong>tuo,</strong></span> <span class='ocrx_word' id='word_1_35' title='bbox 1341 824 1544 892; x_wconf 81' lang='lat' dir='ltr'><strong>quem</strong></span> <span class='ocrx_word' id='word_1_36' title='bbox 1576 803 1898 869; x_wconf 85' lang='lat' dir='ltr'><strong>immittet</strong></span> <span class='ocrx_word' id='word_1_37' title='bbox 1938 799 2067 867; x_wconf 90' lang='lat' dir='ltr'><strong>tibi</strong></span> <span class='ocrx_word' id='word_1_38' title='bbox 2105 798 2473 873; x_wconf 76' lang='lat' dir='ltr'><em>Dominus,</em></span> <span class='ocrx_word' id='word_1_39' title='bbox 2499 796 2573 860; x_wconf 83' lang='lat' dir='ltr'><strong>in</strong></span> <span class='ocrx_word' id='word_1_40' title='bbox 2608 797 2720 883; x_wconf 77' lang='lat' dir='ltr'><strong>fa-</strong></span> 
     </span>
     <span class='ocr_line' id='line_1_7' title="bbox 1169 903 2719 993; baseline -0.005 -17"><span class='ocrx_word' id='word_1_41' title='bbox 1169 932 1292 991; x_wconf 87' lang='lat' dir='ltr'><strong>me,</strong></span> <span class='ocrx_word' id='word_1_42' title='bbox 1327 919 1391 976; x_wconf 85' lang='lat' dir='ltr'><strong>et</strong></span> <span class='ocrx_word' id='word_1_43' title='bbox 1419 911 1566 993; x_wconf 83' lang='lat' dir='ltr'><strong>siti,</strong></span> <span class='ocrx_word' id='word_1_44' title='bbox 1616 920 1679 977; x_wconf 88' lang='lat' dir='ltr'><strong>et</strong></span> <span class='ocrx_word' id='word_1_45' title='bbox 1735 908 2074 981; x_wconf 79' lang='lat' dir='ltr'><strong>nuditate,</strong></span> <span class='ocrx_word' id='word_1_46' title='bbox 2145 912 2209 969; x_wconf 82' lang='lat' dir='ltr'><strong>et</strong></span> <span class='ocrx_word' id='word_1_47' title='bbox 2266 903 2456 969; x_wconf 82' lang='lat' dir='ltr'><strong>omni</strong></span> <span class='ocrx_word' id='word_1_48' title='bbox 2493 925 2719 993; x_wconf 81' lang='lat' dir='ltr'><strong>penu-</strong></span> 
     </span>
     <span class='ocr_line' id='line_1_8' title="bbox 1167 1015 2718 1109; baseline -0.006 -23"><span class='ocrx_word' id='word_1_49' title='bbox 1167 1019 1271 1085; x_wconf 89' lang='lat' dir='ltr'><strong>ria</strong></span> <span class='ocrx_word' id='word_1_50' title='bbox 1303 1040 1325 1085; x_wconf 91' lang='grc'><strong>.·</strong></span> <span class='ocrx_word' id='word_1_51' title='bbox 1356 1027 1422 1085; x_wconf 85' lang='lat' dir='ltr'><strong>et</strong></span> <span class='ocrx_word' id='word_1_52' title='bbox 1435 1028 1651 1109; x_wconf 84' lang='lat' dir='ltr'><strong>ponet</strong></span> <span class='ocrx_word' id='word_1_53' title='bbox 1667 1017 1936 1107; x_wconf 75' lang='lat' dir='ltr'><strong>jaqum</strong></span> <span class='ocrx_word' id='word_1_54' title='bbox 1973 1015 2278 1101; x_wconf 77' lang='lat' dir='ltr'><strong>ferreum</strong></span> <span class='ocrx_word' id='word_1_55' title='bbox 2323 1034 2529 1102; x_wconf 80' lang='lat' dir='ltr'><strong>super</strong></span> <span class='ocrx_word' id='word_1_56' title='bbox 2579 1033 2718 1077; x_wconf 83' lang='lat' dir='ltr'><strong>cer-</strong></span> 
     </span>
     <span class='ocr_line' id='line_1_9' title="bbox 1165 1121 2719 1209; baseline -0.006 -16"><span class='ocrx_word' id='word_1_57' title='bbox 1165 1127 1372 1194; x_wconf 84' lang='lat' dir='ltr'><strong>vicem</strong></span> <span class='ocrx_word' id='word_1_58' title='bbox 1401 1136 1621 1194; x_wconf 82' lang='lat' dir='ltr'><strong>tuam.</strong></span> <span class='ocrx_word' id='word_1_59' title='bbox 1665 1122 1964 1199; x_wconf 86' lang='lat' dir='ltr'><strong>Baruch‚</strong></span> <span class='ocrx_word' id='word_1_60' title='bbox 2024 1143 2069 1198; x_wconf 93' lang='lat'><strong>1,</strong></span> <span class='ocrx_word' id='word_1_61' title='bbox 2131 1121 2171 1187; x_wconf 82' lang='lat'>9</span> <span class='ocrx_word' id='word_1_62' title='bbox 2208 1141 2223 1185; x_wconf 91' lang='lat'><strong>:</strong></span> <span class='ocrx_word' id='word_1_63' title='bbox 2266 1123 2719 1209; x_wconf 80' lang='lat' dir='ltr'><em>Posteaquam</em></span> 
     </span>
     <span class='ocr_line' id='line_1_10' title="bbox 1166 1227 2715 1330; baseline -0.008 -25"><span class='ocrx_word' id='word_1_64' title='bbox 1166 1240 1443 1330; x_wconf 81' lang='lat' dir='ltr'><strong>cepisset</strong></span> <span class='ocrx_word' id='word_1_65' title='bbox 1473 1232 2124 1309; x_wconf 79' lang='lat' dir='ltr'><strong><em>Nabuchodonosor,</em></strong></span> <span class='ocrx_word' id='word_1_66' title='bbox 2157 1253 2281 1297; x_wconf 78' lang='lat' dir='ltr'><strong>rea:</strong></span> <span class='ocrx_word' id='word_1_67' title='bbox 2308 1227 2715 1318; x_wconf 75' lang='lat' dir='ltr'><strong>Babylonis,</strong></span> 
     </span>
     <span class='ocr_line' id='line_1_11' title="bbox 1162 1342 2722 1432; baseline -0.01 -16"><span class='ocrx_word' id='word_1_68' title='bbox 1162 1347 1583 1421; x_wconf 57' lang='lat' dir='ltr'><strong>bachoniam,</strong></span> <span class='ocrx_word' id='word_1_69' title='bbox 1618 1352 1681 1409; x_wconf 88' lang='lat' dir='ltr'><strong>et</strong></span> <span class='ocrx_word' id='word_1_70' title='bbox 1718 1342 2089 1432; x_wconf 67' lang='lat' dir='ltr'><strong>principes,</strong></span> <span class='ocrx_word' id='word_1_71' title='bbox 2146 1350 2209 1406; x_wconf 88' lang='lat' dir='ltr'><strong>et</strong></span> <span class='ocrx_word' id='word_1_72' title='bbox 2267 1346 2539 1405; x_wconf 80' lang='lat' dir='ltr'><strong>cunctos</strong></span> <span class='ocrx_word' id='word_1_73' title='bbox 2589 1358 2722 1425; x_wconf 80' lang='lat' dir='ltr'><strong>po-</strong></span> 
     </span>
     <span class='ocr_line' id='line_1_12' title="bbox 1166 1438 2721 1530; baseline -0.009 -10"><span class='ocrx_word' id='word_1_74' title='bbox 1166 1464 1486 1528; x_wconf 73' lang='lat' dir='ltr'><strong>tentes....</strong></span> <span class='ocrx_word' id='word_1_75' title='bbox 1530 1450 1734 1516; x_wconf 74' lang='lat' dir='ltr'><strong>duxit</strong></span> <span class='ocrx_word' id='word_1_76' title='bbox 1782 1471 1891 1515; x_wconf 82' lang='lat' dir='ltr'><strong>eos</strong></span> <span class='ocrx_word' id='word_1_77' title='bbox 1954 1447 2212 1513; x_wconf 82' lang='lat' dir='ltr'><strong>vinctos</strong></span> <span class='ocrx_word' id='word_1_78' title='bbox 2268 1445 2341 1510; x_wconf 88' lang='lat' dir='ltr'><strong>in</strong></span> <span class='ocrx_word' id='word_1_79' title='bbox 2407 1438 2721 1530; x_wconf 83' lang='lat' dir='ltr'><strong>Babylo-</strong></span> 
     </span>
     <span class='ocr_line' id='line_1_13' title="bbox 1164 1551 2712 1646; baseline -0.012 -15"><span class='ocrx_word' id='word_1_80' title='bbox 1164 1583 1344 1631; x_wconf 88' lang='lat' dir='ltr'><strong><em>nem.</em></strong></span> <span class='ocrx_word' id='word_1_81' title='bbox 1379 1560 1512 1627; x_wconf 88' lang='lat' dir='ltr'><strong>Isa.</strong></span> <span class='ocrx_word' id='word_1_82' title='bbox 1556 1580 1727 1641; x_wconf 66' lang='grc' dir='ltr'><strong>Χῖαι,</strong></span> <span class='ocrx_word' id='word_1_83' title='bbox 1768 1559 1807 1623; x_wconf 88' lang='grc'><strong>3</strong></span> <span class='ocrx_word' id='word_1_84' title='bbox 1854 1580 1869 1624; x_wconf 89' lang='lat'>:</span> <span class='ocrx_word' id='word_1_85' title='bbox 1905 1558 2231 1646; x_wconf 85' lang='lat' dir='ltr'><strong>Dureque</strong></span> <span class='ocrx_word' id='word_1_86' title='bbox 2271 1551 2478 1641; x_wconf 78' lang='lat' dir='ltr'><strong>liqati</strong></span> <span class='ocrx_word' id='word_1_87' title='bbox 2529 1558 2712 1615; x_wconf 78' lang='lat' dir='ltr'><strong>sunt.</strong></span> 
     </span>
     <span class='ocr_line' id='line_1_14' title="bbox 1166 1658 2717 1762; baseline -0.01 -23"><span class='ocrx_word' id='word_1_88' title='bbox 1166 1671 1278 1739; x_wconf 90' lang='lat' dir='ltr'><strong>Sic</strong></span> <span class='ocrx_word' id='word_1_89' title='bbox 1306 1676 1660 1762; x_wconf 83' lang='lat' dir='ltr'><strong>peccatum</strong></span> <span class='ocrx_word' id='word_1_90' title='bbox 1701 1666 1987 1744; x_wconf 81' lang='lat' dir='ltr'><strong>fortiter,</strong></span> <span class='ocrx_word' id='word_1_91' title='bbox 2022 1672 2090 1732; x_wconf 90' lang='lat' dir='ltr'><strong>et</strong></span> <span class='ocrx_word' id='word_1_92' title='bbox 2127 1663 2294 1730; x_wconf 88' lang='lat' dir='ltr'><strong>dure</strong></span> <span class='ocrx_word' id='word_1_93' title='bbox 2331 1659 2531 1729; x_wconf 88' lang='lat' dir='ltr'><strong>valde</strong></span> <span class='ocrx_word' id='word_1_94' title='bbox 2554 1658 2717 1749; x_wconf 81' lang='lat' dir='ltr'><strong>ligat</strong></span> 
     </span>
     <span class='ocr_line' id='line_1_15' title="bbox 1161 1765 2720 1849; baseline -0.009 -4"><span class='ocrx_word' id='word_1_95' title='bbox 1161 1776 1539 1845; x_wconf 86' lang='lat' dir='ltr'><strong>hominem.</strong></span> <span class='ocrx_word' id='word_1_96' title='bbox 1589 1773 1647 1839; x_wconf 88' lang='lat'><strong>11</strong></span> <span class='ocrx_word' id='word_1_97' title='bbox 1690 1772 1944 1849; x_wconf 83' lang='lat' dir='ltr'><strong>Esdrae‚</strong></span> <span class='ocrx_word' id='word_1_98' title='bbox 1980 1772 2053 1839; x_wconf 93' lang='lat' dir='ltr'><strong>in</strong></span> <span class='ocrx_word' id='word_1_99' title='bbox 2089 1767 2400 1838; x_wconf 86' lang='lat' dir='ltr'><strong>oratione</strong></span> <span class='ocrx_word' id='word_1_100' title='bbox 2443 1765 2720 1834; x_wconf 84' lang='lat' dir='ltr'><strong>Manas-</strong></span> 
     </span>
     <span class='ocr_line' id='line_1_16' title="bbox 1161 1872 2720 1959; baseline -0.01 -7"><span class='ocrx_word' id='word_1_101' title='bbox 1161 1905 1250 1952; x_wconf 80' lang='lat' dir='ltr'><strong>sae</strong></span> <span class='ocrx_word' id='word_1_102' title='bbox 1283 1906 1300 1951; x_wconf 71' lang='grc' dir='ltr'><strong><em>ε</em></strong></span> <span class='ocrx_word' id='word_1_103' title='bbox 1335 1883 1747 1951; x_wconf 81' lang='lat' dir='ltr'><strong>Incurvatus</strong></span> <span class='ocrx_word' id='word_1_104' title='bbox 1773 1899 1930 1945; x_wconf 82' lang='lat' dir='ltr'><strong>sum</strong></span> <span class='ocrx_word' id='word_1_105' title='bbox 1968 1874 2192 1943; x_wconf 85' lang='lat' dir='ltr'><strong>multo</strong></span> <span class='ocrx_word' id='word_1_106' title='bbox 2243 1872 2521 1940; x_wconf 83' lang='lat' dir='ltr'><strong>vinculo</strong></span> <span class='ocrx_word' id='word_1_107' title='bbox 2583 1874 2720 1959; x_wconf 78' lang='lat' dir='ltr'><strong>fer-</strong></span> 
     </span>
     <span class='ocr_line' id='line_1_17' title="bbox 1162 1978 2714 2072; baseline -0.007 -15"><span class='ocrx_word' id='word_1_108' title='bbox 1162 2011 1296 2057; x_wconf 86' lang='lat' dir='ltr'><strong>reo.</strong></span> <span class='ocrx_word' id='word_1_109' title='bbox 1340 1987 1428 2054; x_wconf 82' lang='lat' dir='ltr'><strong>Et</strong></span> <span class='ocrx_word' id='word_1_110' title='bbox 1457 1984 1875 2060; x_wconf 86' lang='lat' dir='ltr'><strong>mendicum,</strong></span> <span class='ocrx_word' id='word_1_111' title='bbox 1909 1990 1977 2050; x_wconf 90' lang='lat' dir='ltr'><strong>et</strong></span> <span class='ocrx_word' id='word_1_112' title='bbox 1994 1980 2509 2072; x_wconf 85' lang='lat' dir='ltr'><strong>pauperrimum</strong></span> <span class='ocrx_word' id='word_1_113' title='bbox 2532 1978 2714 2046; x_wconf 79' lang='lat' dir='ltr'><strong>facit.</strong></span> 
     </span>
    </p>
   </div>
   <div class='ocr_carea' id='block_1_5' title="bbox 1033 2088 2714 2184">
    <p class='ocr_par' dir='ltr' id='par_1_5' title="bbox 1033 2088 2714 2184">
     <span class='ocr_line' id='line_1_18' title="bbox 1033 2088 2714 2184; baseline -0.011 -12"><span class='ocrx_word' id='word_1_114' title='bbox 1033 2167 1041 2172; x_wconf 88' lang='lat'><strong>.</strong></span> <span class='ocrx_word' id='word_1_115' title='bbox 1163 2099 1321 2167; x_wconf 89' lang='lat' dir='ltr'><strong>Luc.</strong></span> <span class='ocrx_word' id='word_1_116' title='bbox 1366 2120 1486 2174; x_wconf 82' lang='lat' dir='ltr'><strong>xv,</strong></span> <span class='ocrx_word' id='word_1_117' title='bbox 1524 2097 1605 2162; x_wconf 74' lang='lat'><strong>14</strong></span> <span class='ocrx_word' id='word_1_118' title='bbox 1644 2104 1711 2162; x_wconf 88' lang='lat' dir='ltr'><strong>et</strong></span> <span class='ocrx_word' id='word_1_119' title='bbox 1729 2117 1906 2184; x_wconf 86' lang='lat' dir='ltr'><strong>seq.,</strong></span> <span class='ocrx_word' id='word_1_120' title='bbox 1938 2092 2020 2161; x_wconf 86' lang='lat' dir='ltr'><strong>de</strong></span> <span class='ocrx_word' id='word_1_121' title='bbox 2048 2089 2192 2159; x_wconf 84' lang='lat' dir='ltr'><strong>filio</strong></span> <span class='ocrx_word' id='word_1_122' title='bbox 2232 2088 2549 2182; x_wconf 89' lang='lat' dir='ltr'><strong>prodigo,</strong></span> <span class='ocrx_word' id='word_1_123' title='bbox 2602 2089 2714 2178; x_wconf 92' lang='lat' dir='ltr'><strong>qui</strong></span> 
     </span>
    </p>
   </div>
   <div class='ocr_carea' id='block_1_6' title="bbox 1159 2195 2720 2621">
    <p class='ocr_par' dir='ltr' id='par_1_6' title="bbox 1159 2195 2720 2621">
     <span class='ocr_line' id='line_1_19' title="bbox 1160 2195 2716 2298; baseline -0.008 -23"><span class='ocrx_word' id='word_1_124' title='bbox 1160 2227 1528 2298; x_wconf 87' lang='lat' dir='ltr'><strong>porcorum</strong></span> <span class='ocrx_word' id='word_1_125' title='bbox 1586 2203 1868 2292; x_wconf 82' lang='lat' dir='ltr'>siliquas</span> <span class='ocrx_word' id='word_1_126' title='bbox 1903 2201 2097 2290; x_wconf 87' lang='lat' dir='ltr'><strong>quasi</strong></span> <span class='ocrx_word' id='word_1_127' title='bbox 2131 2195 2563 2266; x_wconf 80' lang='lat' dir='ltr'>mendicabat</span> <span class='ocrx_word' id='word_1_128' title='bbox 2594 2219 2610 2264; x_wconf 92' lang='lat'>:</span> <span class='ocrx_word' id='word_1_129' title='bbox 2648 2196 2716 2263; x_wconf 90' lang='lat' dir='ltr'><strong>in</strong></span> 
     </span>
     <span class='ocr_line' id='line_1_20' title="bbox 1159 2305 2715 2404; baseline -0.008 -22"><span class='ocrx_word' id='word_1_130' title='bbox 1159 2315 1439 2404; x_wconf 80' lang='lat' dir='ltr'><strong>regione</strong></span> <span class='ocrx_word' id='word_1_131' title='bbox 1497 2311 1680 2378; x_wconf 86' lang='lat' dir='ltr'><strong>enim</strong></span> <span class='ocrx_word' id='word_1_132' title='bbox 1748 2308 2123 2398; x_wconf 86' lang='lat' dir='ltr'><strong>longinqua</strong></span> <span class='ocrx_word' id='word_1_133' title='bbox 2201 2305 2404 2395; x_wconf 85' lang='lat' dir='ltr'><strong>coepit</strong></span> <span class='ocrx_word' id='word_1_134' title='bbox 2489 2327 2715 2393; x_wconf 82' lang='lat' dir='ltr'><strong>egere.</strong></span> 
     </span>
     <span class='ocr_line' id='line_1_21' title="bbox 1160 2413 2720 2502; baseline -0.008 -14"><span class='ocrx_word' id='word_1_135' title='bbox 1160 2418 1488 2490; x_wconf 82' lang='lat' dir='ltr'><strong>Proverb.</strong></span> <span class='ocrx_word' id='word_1_136' title='bbox 1538 2440 1679 2500; x_wconf 72' lang='lat' dir='ltr'><strong>xiv,</strong></span> <span class='ocrx_word' id='word_1_137' title='bbox 1741 2417 1826 2483; x_wconf 64' lang='lat'><strong>34</strong></span> <span class='ocrx_word' id='word_1_138' title='bbox 1857 2437 1873 2482; x_wconf 88' lang='lat'>:</span> <span class='ocrx_word' id='word_1_139' title='bbox 1908 2415 2196 2482; x_wconf 80' lang='lat' dir='ltr'><strong>Miseros</strong></span> <span class='ocrx_word' id='word_1_140' title='bbox 2252 2413 2428 2502; x_wconf 74' lang='lat' dir='ltr'><strong>lacit</strong></span> <span class='ocrx_word' id='word_1_141' title='bbox 2485 2434 2720 2501; x_wconf 78' lang='lat' dir='ltr'><strong>popu-</strong></span> 
     </span>
     <span class='ocr_line' id='line_1_22' title="bbox 1164 2530 1682 2621; baseline -0.008 -26"><span class='ocrx_word' id='word_1_142' title='bbox 1164 2530 1267 2597; x_wconf 80' lang='lat' dir='ltr'><strong>los</strong></span> <span class='ocrx_word' id='word_1_143' title='bbox 1297 2536 1682 2621; x_wconf 83' lang='lat' dir='ltr'><strong>peccatum.</strong></span> 
     </span>
    </p>
   </div>
   <div class='ocr_carea' id='block_1_7' title="bbox 1156 2835 2728 5292">
    <p class='ocr_par' dir='ltr' id='par_1_7' title="bbox 1156 2835 2728 3569">
     <span class='ocr_line' id='line_1_23' title="bbox 1250 2835 2723 2932; baseline -0.01 -17"><span class='ocrx_word' id='word_1_144' title='bbox 1250 2875 1284 2914; x_wconf 74' lang='grc' dir='ltr'>ι</span> <span class='ocrx_word' id='word_1_145' title='bbox 1341 2848 1525 2932; x_wconf 83' lang='lat' dir='ltr'><strong>Quia</strong></span> <span class='ocrx_word' id='word_1_146' title='bbox 1579 2842 2181 2913; x_wconf 71' lang='lat' dir='ltr'><strong>exacerbaverunt.</strong></span> <span class='ocrx_word' id='word_1_147' title='bbox 2223 2838 2355 2906; x_wconf 79' lang='lat' dir='ltr'><strong>Hic</strong></span> <span class='ocrx_word' id='word_1_148' title='bbox 2411 2835 2723 2927; x_wconf 61' lang='lat' dir='ltr'><strong>praemis-</strong></span> 
     </span>
     <span class='ocr_line' id='line_1_24' title="bbox 1156 2951 2728 3046; baseline -0.011 -19"><span class='ocrx_word' id='word_1_149' title='bbox 1156 2982 1229 3027; x_wconf 87' lang='lat' dir='ltr'><strong>sa</strong></span> <span class='ocrx_word' id='word_1_150' title='bbox 1267 2975 1470 3046; x_wconf 80' lang='lat' dir='ltr'><strong>poena</strong></span> <span class='ocrx_word' id='word_1_151' title='bbox 1496 2952 1936 3041; x_wconf 78' lang='lat' dir='ltr'><strong>subjungitur</strong></span> <span class='ocrx_word' id='word_1_152' title='bbox 1969 2969 2199 3023; x_wconf 86' lang='lat' dir='ltr'><strong>causa.</strong></span> <span class='ocrx_word' id='word_1_153' title='bbox 2249 2952 2328 3013; x_wconf 91' lang='lat' dir='ltr'><strong>ut</strong></span> <span class='ocrx_word' id='word_1_154' title='bbox 2380 2951 2728 3012; x_wconf 88' lang='lat' dir='ltr'><strong>monstre-</strong></span> 
     </span>
     <span class='ocr_line' id='line_1_25' title="bbox 1159 3049 2717 3150; baseline -0.013 -17"><span class='ocrx_word' id='word_1_155' title='bbox 1159 3073 1268 3133; x_wconf 90' lang='lat' dir='ltr'><strong>tur</strong></span> <span class='ocrx_word' id='word_1_156' title='bbox 1330 3085 1479 3131; x_wconf 88' lang='lat' dir='ltr'><strong>esse</strong></span> <span class='ocrx_word' id='word_1_157' title='bbox 1510 3063 1722 3150; x_wconf 86' lang='lat' dir='ltr'><strong>justa,</strong></span> <span class='ocrx_word' id='word_1_158' title='bbox 1773 3056 2030 3125; x_wconf 87' lang='lat' dir='ltr'><strong>scilicet</strong></span> <span class='ocrx_word' id='word_1_159' title='bbox 2089 3054 2238 3145; x_wconf 89' lang='lat' dir='ltr'><strong>ipsa</strong></span> <span class='ocrx_word' id='word_1_160' title='bbox 2286 3049 2512 3142; x_wconf 85' lang='lat' dir='ltr'><strong>culpa,</strong></span> <span class='ocrx_word' id='word_1_161' title='bbox 2565 3071 2717 3140; x_wconf 80' lang='lat' dir='ltr'><strong>quae</strong></span> 
     </span>
     <span class='ocr_line' id='line_1_26' title="bbox 1160 3154 2717 3263; baseline -0.012 -23"><span class='ocrx_word' id='word_1_162' title='bbox 1160 3175 1467 3263; x_wconf 90' lang='lat' dir='ltr'><strong>tangitur</strong></span> <span class='ocrx_word' id='word_1_163' title='bbox 1495 3168 1771 3259; x_wconf 78' lang='lat' dir='ltr'><strong>duplex.</strong></span> <span class='ocrx_word' id='word_1_164' title='bbox 1800 3164 2253 3252; x_wconf 74' lang='lat' dir='ltr'><strong>Contemptus</strong></span> <span class='ocrx_word' id='word_1_165' title='bbox 2283 3157 2452 3250; x_wconf 84' lang='lat' dir='ltr'><strong>legis</strong></span> <span class='ocrx_word' id='word_1_166' title='bbox 2482 3156 2607 3224; x_wconf 87' lang='lat' dir='ltr'><strong>Dei</strong></span> <span class='ocrx_word' id='word_1_167' title='bbox 2658 3154 2717 3222; x_wconf 89' lang='lat' dir='ltr'><strong>ei</strong></span> 
     </span>
     <span class='ocr_line' id='line_1_27' title="bbox 1162 3267 2720 3372; baseline -0.013 -23"><span class='ocrx_word' id='word_1_168' title='bbox 1162 3276 1611 3372; x_wconf 68' lang='lat' dir='ltr'><strong>praecipientis</strong></span> <span class='ocrx_word' id='word_1_169' title='bbox 1670 3272 1911 3341; x_wconf 86' lang='lat' dir='ltr'><strong>multa.</strong></span> <span class='ocrx_word' id='word_1_170' title='bbox 1959 3267 2281 3338; x_wconf 89' lang='lat' dir='ltr'><strong>Secundo</strong></span> <span class='ocrx_word' id='word_1_171' title='bbox 2330 3287 2494 3334; x_wconf 84' lang='lat' dir='ltr'><strong>vero</strong></span> <span class='ocrx_word' id='word_1_172' title='bbox 2544 3287 2720 3332; x_wconf 89' lang='lat' dir='ltr'><strong>con-</strong></span> 
     </span>
     <span class='ocr_line' id='line_1_28' title="bbox 1164 3373 2714 3478; baseline -0.01 -22"><span class='ocrx_word' id='word_1_173' title='bbox 1164 3396 1462 3478; x_wconf 86' lang='lat' dir='ltr'><strong>temptus</strong></span> <span class='ocrx_word' id='word_1_174' title='bbox 1511 3381 1884 3475; x_wconf 59' lang='lat' dir='ltr'><strong>prophetiae</strong></span> <span class='ocrx_word' id='word_1_175' title='bbox 1941 3380 2039 3447; x_wconf 86' lang='lat' dir='ltr'><strong>eis</strong></span> <span class='ocrx_word' id='word_1_176' title='bbox 2079 3375 2265 3469; x_wconf 90' lang='lat' dir='ltr'><strong>quod</strong></span> <span class='ocrx_word' id='word_1_177' title='bbox 2341 3373 2714 3464; x_wconf 82' lang='lat' dir='ltr'><strong>perfectum</strong></span> 
     </span>
     <span class='ocr_line' id='line_1_29' title="bbox 1163 3482 2626 3569; baseline -0.013 -6"><span class='ocrx_word' id='word_1_178' title='bbox 1163 3505 1260 3563; x_wconf 91' lang='lat' dir='ltr'><strong>est</strong></span> <span class='ocrx_word' id='word_1_179' title='bbox 1307 3490 1755 3568; x_wconf 76' lang='lat' dir='ltr'><strong>consulentis,</strong></span> <span class='ocrx_word' id='word_1_180' title='bbox 1786 3487 1909 3569; x_wconf 80' lang='lat' dir='ltr'><strong>ibi,</strong></span> <span class='ocrx_word' id='word_1_181' title='bbox 1944 3514 1979 3549; x_wconf 71' lang='grc' dir='ltr'><strong><em>α</em></strong></span> <span class='ocrx_word' id='word_1_182' title='bbox 2021 3487 2120 3554; x_wconf 83' lang='lat' dir='ltr'><strong>Et</strong></span> <span class='ocrx_word' id='word_1_183' title='bbox 2146 3482 2543 3552; x_wconf 72' lang='lat' dir='ltr'><strong>consilium.</strong></span> <span class='ocrx_word' id='word_1_184' title='bbox 2590 3506 2626 3543; x_wconf 67' lang='lat' dir='ltr'>n</span> 
     </span>
    </p>

    <p class='ocr_par' dir='ltr' id='par_1_8' title="bbox 1161 3590 2723 4346">
     <span class='ocr_line' id='line_1_30' title="bbox 1247 3590 2721 3691; baseline -0.009 -20"><span class='ocrx_word' id='word_1_185' title='bbox 1247 3602 1423 3671; x_wconf 86' lang='lat' dir='ltr'><strong>Dicit</strong></span> <span class='ocrx_word' id='word_1_186' title='bbox 1454 3620 1619 3691; x_wconf 86' lang='lat' dir='ltr'><strong>ergo</strong></span> <span class='ocrx_word' id='word_1_187' title='bbox 1655 3620 1670 3664; x_wconf 76' lang='grc' dir='ltr'>ε</span> <span class='ocrx_word' id='word_1_188' title='bbox 1707 3596 1824 3664; x_wconf 89' lang='lat' dir='ltr'><strong>Sic</strong></span> <span class='ocrx_word' id='word_1_189' title='bbox 1849 3593 2022 3662; x_wconf 86' lang='lat' dir='ltr'><strong>vidit</strong></span> <span class='ocrx_word' id='word_1_190' title='bbox 2060 3592 2376 3661; x_wconf 74' lang='lat' dir='ltr'><strong>sedentes</strong></span> <span class='ocrx_word' id='word_1_191' title='bbox 2406 3590 2474 3658; x_wconf 89' lang='lat' dir='ltr'><strong>in</strong></span> <span class='ocrx_word' id='word_1_192' title='bbox 2522 3597 2721 3657; x_wconf 87' lang='lat' dir='ltr'><strong>tene·</strong></span> 
     </span>
     <span class='ocr_line' id='line_1_31' title="bbox 1164 3701 2721 3795; baseline -0.01 -16"><span class='ocrx_word' id='word_1_193' title='bbox 1164 3711 1300 3781; x_wconf 84' lang='lat' dir='ltr'><strong>bris</strong></span> <span class='ocrx_word' id='word_1_194' title='bbox 1339 3719 1402 3778; x_wconf 90' lang='lat' dir='ltr'><strong>et</strong></span> <span class='ocrx_word' id='word_1_195' title='bbox 1435 3710 1700 3776; x_wconf 79' lang='lat' dir='ltr'><strong>vinctos</strong></span> <span class='ocrx_word' id='word_1_196' title='bbox 1731 3704 1936 3783; x_wconf 80' lang='lat' dir='ltr'><strong>ferro,</strong></span> <span class='ocrx_word' id='word_1_197' title='bbox 1977 3702 2139 3795; x_wconf 89' lang='lat' dir='ltr'><strong>quia</strong></span> <span class='ocrx_word' id='word_1_198' title='bbox 2182 3728 2215 3763; x_wconf 74' lang='grc' dir='ltr'><em>α</em></span> <span class='ocrx_word' id='word_1_199' title='bbox 2248 3701 2387 3792; x_wconf 81' lang='lat' dir='ltr'><strong>ipsi</strong></span> <span class='ocrx_word' id='word_1_200' title='bbox 2440 3721 2721 3766; x_wconf 72' lang='lat' dir='ltr'><strong>exacer-</strong></span> 
     </span>
     <span class='ocr_line' id='line_1_32' title="bbox 1164 3804 2719 3904; baseline -0.01 -15"><span class='ocrx_word' id='word_1_201' title='bbox 1164 3821 1519 3890; x_wconf 80' lang='lat' dir='ltr'><strong>baverunt.</strong></span> <span class='ocrx_word' id='word_1_202' title='bbox 1559 3842 1590 3880; x_wconf 73' lang='grc' dir='ltr'>ι</span> <span class='ocrx_word' id='word_1_203' title='bbox 1635 3813 2178 3904; x_wconf 76' lang='lat' dir='ltr'><strong>indignationem</strong></span> <span class='ocrx_word' id='word_1_204' title='bbox 2236 3817 2304 3877; x_wconf 84' lang='lat' dir='ltr'><strong>et</strong></span> <span class='ocrx_word' id='word_1_205' title='bbox 2360 3804 2719 3876; x_wconf 85' lang='lat' dir='ltr'><strong>crudelita-</strong></span> 
     </span>
     <span class='ocr_line' id='line_1_33' title="bbox 1161 3916 2723 4014; baseline -0.01 -16"><span class='ocrx_word' id='word_1_206' title='bbox 1161 3939 1295 3998; x_wconf 86' lang='lat' dir='ltr'><strong>tem</strong></span> <span class='ocrx_word' id='word_1_207' title='bbox 1330 3934 1522 3995; x_wconf 90' lang='lat' dir='ltr'><strong>notat</strong></span> <span class='ocrx_word' id='word_1_208' title='bbox 1563 3945 1580 3994; x_wconf 76' lang='grc' dir='ltr'><strong><em>ε</em></strong></span> <span class='ocrx_word' id='word_1_209' title='bbox 1645 3951 1676 3987; x_wconf 76' lang='grc' dir='ltr'><strong>ιι</strong></span> <span class='ocrx_word' id='word_1_210' title='bbox 1730 3922 2008 4014; x_wconf 80' lang='lat' dir='ltr'><strong>eloquia</strong></span> <span class='ocrx_word' id='word_1_211' title='bbox 2079 3919 2237 4001; x_wconf 84' lang='lat' dir='ltr'><strong>Dei,</strong></span> <span class='ocrx_word' id='word_1_212' title='bbox 2301 3945 2335 3979; x_wconf 71' lang='lat' dir='ltr'>n</span> <span class='ocrx_word' id='word_1_213' title='bbox 2404 3916 2531 3984; x_wconf 91' lang='lat' dir='ltr'><strong>sibi</strong></span> <span class='ocrx_word' id='word_1_214' title='bbox 2600 3937 2723 4006; x_wconf 82' lang='lat' dir='ltr'><strong>per</strong></span> 
     </span>
     <span class='ocr_line' id='line_1_34' title="bbox 1164 4021 2722 4127; baseline -0.012 -22"><span class='ocrx_word' id='word_1_215' title='bbox 1164 4036 1473 4127; x_wconf 74' lang='lat' dir='ltr'><strong>Mosyem</strong></span> <span class='ocrx_word' id='word_1_216' title='bbox 1521 4032 1703 4099; x_wconf 86' lang='lat' dir='ltr'><strong>data.</strong></span> <span class='ocrx_word' id='word_1_217' title='bbox 1760 4029 2016 4097; x_wconf 83' lang='lat' dir='ltr'><strong>Jerem.</strong></span> <span class='ocrx_word' id='word_1_218' title='bbox 2086 4047 2302 4103; x_wconf 85' lang='lat' dir='ltr'><strong>xxxu,</strong></span> <span class='ocrx_word' id='word_1_219' title='bbox 2345 4025 2481 4092; x_wconf 82' lang='lat'><strong>3⁰:</strong></span> <span class='ocrx_word' id='word_1_220' title='bbox 2544 4021 2722 4091; x_wconf 82' lang='lat' dir='ltr'><strong>Filii</strong></span> 
     </span>
     <span class='ocr_line' id='line_1_35' title="bbox 1161 4130 2715 4234; baseline -0.012 -20"><span class='ocrx_word' id='word_1_221' title='bbox 1161 4141 1538 4234; x_wconf 80' lang='lat' dir='ltr'><strong>Israe1‚qui</strong></span> <span class='ocrx_word' id='word_1_222' title='bbox 1575 4159 1793 4230; x_wconf 75' lang='lat' dir='ltr'><strong>usque</strong></span> <span class='ocrx_word' id='word_1_223' title='bbox 1815 4158 2000 4204; x_wconf 59' lang='lat' dir='ltr'><strong>’tunc</strong></span> <span class='ocrx_word' id='word_1_224' title='bbox 2023 4130 2474 4204; x_wconf 68' lang='lat' dir='ltr'><strong>exarc-erboni</strong></span> <span class='ocrx_word' id='word_1_225' title='bbox 2510 4153 2617 4196; x_wconf 85' lang='lat' dir='ltr'><strong>me</strong></span> <span class='ocrx_word' id='word_1_226' title='bbox 2647 4131 2715 4195; x_wconf 79' lang='lat' dir='ltr'><strong>in</strong></span> 
     </span>
     <span class='ocr_line' id='line_1_36' title="bbox 1161 4266 2082 4346; baseline -0.013 -24"><span class='ocrx_word' id='word_1_227' title='bbox 1161 4274 1359 4346; x_wconf 84' lang='lat' dir='ltr'><strong>opere</strong></span> <span class='ocrx_word' id='word_1_228' title='bbox 1399 4270 1736 4319; x_wconf 79' lang='lat' dir='ltr'><strong>manuum</strong></span> <span class='ocrx_word' id='word_1_229' title='bbox 1762 4266 2082 4314; x_wconf 78' lang='lat' dir='ltr'><strong>suarum.</strong></span> 
     </span>
    </p>

    <p class='ocr_par' dir='ltr' id='par_1_9' title="bbox 1156 4345 2721 5292">
     <span class='ocr_line' id='line_1_37' title="bbox 1251 4345 2718 4439; baseline -0.009 -13"><span class='ocrx_word' id='word_1_230' title='bbox 1251 4385 1284 4426; x_wconf 72' lang='grc' dir='ltr'>ι</span> <span class='ocrx_word' id='word_1_231' title='bbox 1330 4360 1426 4429; x_wconf 83' lang='lat' dir='ltr'><strong>Et</strong></span> <span class='ocrx_word' id='word_1_232' title='bbox 1454 4355 1822 4426; x_wconf 78' lang='lat' dir='ltr'><strong>consilium</strong></span> <span class='ocrx_word' id='word_1_233' title='bbox 1850 4350 2226 4427; x_wconf 66' lang='lat' dir='ltr'><strong>Atti-ssimi.</strong></span> <span class='ocrx_word' id='word_1_234' title='bbox 2272 4374 2308 4412; x_wconf 79' lang='grc' dir='ltr'><strong>ιι</strong></span> <span class='ocrx_word' id='word_1_235' title='bbox 2363 4369 2488 4439; x_wconf 87' lang='lat' dir='ltr'><strong>per</strong></span> <span class='ocrx_word' id='word_1_236' title='bbox 2552 4345 2718 4414; x_wconf 84' lang='lat' dir='ltr'><strong>Pro·</strong></span> 
     </span>
     <span class='ocr_line' id='line_1_38' title="bbox 1163 4454 2715 4560; baseline -0.012 -22"><span class='ocrx_word' id='word_1_237' title='bbox 1163 4466 1402 4560; x_wconf 88' lang='lat' dir='ltr'><strong>phetas</strong></span> <span class='ocrx_word' id='word_1_238' title='bbox 1430 4474 1497 4534; x_wconf 89' lang='lat' dir='ltr'><strong>et</strong></span> <span class='ocrx_word' id='word_1_239' title='bbox 1529 4462 2003 4555; x_wconf 69' lang='lat' dir='ltr'><strong>predicatores</strong></span> <span class='ocrx_word' id='word_1_240' title='bbox 2029 4457 2159 4527; x_wconf 88' lang='lat' dir='ltr'><strong>sibi</strong></span> <span class='ocrx_word' id='word_1_241' title='bbox 2188 4456 2451 4531; x_wconf 83' lang='lat' dir='ltr'><strong>datum,</strong></span> <span class='ocrx_word' id='word_1_242' title='bbox 2488 4478 2525 4520; x_wconf 73' lang='grc' dir='ltr'>ι</span> <span class='ocrx_word' id='word_1_243' title='bbox 2559 4454 2715 4522; x_wconf 82' lang='lat' dir='ltr'><strong>irri-</strong></span> 
     </span>
     <span class='ocr_line' id='line_1_39' title="bbox 1160 4562 2716 4661; baseline -0.012 -15"><span class='ocrx_word' id='word_1_244' title='bbox 1160 4581 1504 4646; x_wconf 81' lang='lat' dir='ltr'><strong>taverunt.</strong></span> <span class='ocrx_word' id='word_1_245' title='bbox 1554 4599 1589 4635; x_wconf 71' lang='grc' dir='ltr'>ι</span> <span class='ocrx_word' id='word_1_246' title='bbox 1632 4570 1880 4661; x_wconf 85' lang='lat' dir='ltr'><strong>Supra,</strong></span> <span class='ocrx_word' id='word_1_247' title='bbox 1925 4565 2109 4635; x_wconf 80' lang='lat' dir='ltr'><strong>l‘sal.</strong></span> <span class='ocrx_word' id='word_1_248' title='bbox 2151 4588 2260 4644; x_wconf 78' lang='lat' dir='ltr'><strong>cv,</strong></span> <span class='ocrx_word' id='word_1_249' title='bbox 2329 4567 2468 4633; x_wconf 79' lang='lat'><strong>29:</strong></span> <span class='ocrx_word' id='word_1_250' title='bbox 2535 4562 2716 4630; x_wconf 88' lang='lat' dir='ltr'><strong>Irri-</strong></span> 
     </span>
     <span class='ocr_line' id='line_1_40' title="bbox 1161 4670 2708 4753; baseline -0.01 0"><span class='ocrx_word' id='word_1_251' title='bbox 1161 4689 1480 4753; x_wconf 81' lang='lat' dir='ltr'><strong>taverunt</strong></span> <span class='ocrx_word' id='word_1_252' title='bbox 1516 4701 1672 4747; x_wconf 80' lang='lat' dir='ltr'><strong>eum</strong></span> <span class='ocrx_word' id='word_1_253' title='bbox 1738 4678 1810 4745; x_wconf 79' lang='lat' dir='ltr'><strong>in</strong></span> <span class='ocrx_word' id='word_1_254' title='bbox 1877 4670 2478 4743; x_wconf 72' lang='lat' dir='ltr'><strong>adinventionibus</strong></span> <span class='ocrx_word' id='word_1_255' title='bbox 2540 4671 2708 4737; x_wconf 79' lang='lat' dir='ltr'><strong>suis.</strong></span> 
     </span>
     <span class='ocr_line' id='line_1_41' title="bbox 1156 4777 2721 4865; baseline -0.008 -6"><span class='ocrx_word' id='word_1_256' title='bbox 1156 4792 1413 4861; x_wconf 85' lang='lat' dir='ltr'><strong>Jerem.</strong></span> <span class='ocrx_word' id='word_1_257' title='bbox 1446 4808 1732 4865; x_wconf 74' lang='lat' dir='ltr'><strong>xxxvuu,</strong></span> <span class='ocrx_word' id='word_1_258' title='bbox 1762 4786 1869 4863; x_wconf 83' lang='grc'><strong>15,</strong></span> <span class='ocrx_word' id='word_1_259' title='bbox 1902 4780 2075 4852; x_wconf 82' lang='lat' dir='ltr'><strong>dixit</strong></span> <span class='ocrx_word' id='word_1_260' title='bbox 2095 4780 2429 4850; x_wconf 80' lang='lat' dir='ltr'><strong>Jeretnias</strong></span> <span class='ocrx_word' id='word_1_261' title='bbox 2466 4777 2553 4847; x_wconf 81' lang='lat' dir='ltr'><strong>ad</strong></span> <span class='ocrx_word' id='word_1_262' title='bbox 2587 4778 2721 4846; x_wconf 85' lang='lat' dir='ltr'><strong>Se·</strong></span> 
     </span>
     <span class='ocr_line' id='line_1_42' title="bbox 1161 4883 2713 4968; baseline -0.01 -2"><span class='ocrx_word' id='word_1_263' title='bbox 1161 4898 1425 4967; x_wconf 86' lang='lat' dir='ltr'><strong>deciam</strong></span> <span class='ocrx_word' id='word_1_264' title='bbox 1471 4893 1605 4963; x_wconf 90' lang='lat' dir='ltr'><strong>:Si</strong></span> <span class='ocrx_word' id='word_1_265' title='bbox 1647 4889 2017 4960; x_wconf 78' lang='lat' dir='ltr'><strong>consilium</strong></span> <span class='ocrx_word' id='word_1_266' title='bbox 2062 4885 2309 4955; x_wconf 84' lang='lat' dir='ltr'><strong>dedero</strong></span> <span class='ocrx_word' id='word_1_267' title='bbox 2364 4883 2519 4968; x_wconf 88' lang='lat' dir='ltr'><strong>tibi,</strong></span> <span class='ocrx_word' id='word_1_268' title='bbox 2576 4906 2713 4951; x_wconf 78' lang='lat' dir='ltr'><strong>non</strong></span> 
     </span>
     <span class='ocr_line' id='line_1_43' title="bbox 1162 4994 2710 5075; baseline -0.01 1"><span class='ocrx_word' id='word_1_269' title='bbox 1162 5031 1266 5075; x_wconf 85' lang='lat' dir='ltr'><strong>me</strong></span> <span class='ocrx_word' id='word_1_270' title='bbox 1294 5004 1560 5075; x_wconf 79' lang='lat' dir='ltr'><strong>audies.</strong></span> <span class='ocrx_word' id='word_1_271' title='bbox 1595 5001 1998 5070; x_wconf 74' lang='lat' dir='ltr'><strong>Peccatores</strong></span> <span class='ocrx_word' id='word_1_272' title='bbox 2026 4994 2435 5066; x_wconf 73' lang='lat' dir='ltr'><strong>exacerbant</strong></span> <span class='ocrx_word' id='word_1_273' title='bbox 2460 4994 2710 5072; x_wconf 89' lang='lat' dir='ltr'><strong>Deum,</strong></span> 
     </span>
     <span class='ocr_line' id='line_1_44' title="bbox 1163 5101 2717 5201; baseline -0.009 -17"><span class='ocrx_word' id='word_1_274' title='bbox 1163 5136 1300 5184; x_wconf 88' lang='lat' dir='ltr'><strong>non</strong></span> <span class='ocrx_word' id='word_1_275' title='bbox 1331 5109 1668 5182; x_wconf 84' lang='lat' dir='ltr'><strong>servando</strong></span> <span class='ocrx_word' id='word_1_276' title='bbox 1700 5113 2042 5201; x_wconf 84' lang='lat' dir='ltr'><strong>praecepta</strong></span> <span class='ocrx_word' id='word_1_277' title='bbox 2070 5105 2218 5193; x_wconf 86' lang='lat' dir='ltr'><strong>ejus</strong></span> <span class='ocrx_word' id='word_1_278' title='bbox 2259 5101 2534 5195; x_wconf 90' lang='lat' dir='ltr'><strong>quando</strong></span> <span class='ocrx_word' id='word_1_279' title='bbox 2564 5123 2717 5192; x_wconf 88' lang='lat' dir='ltr'><strong>pec-</strong></span> 
     </span>
     <span class='ocr_line' id='line_1_45' title="bbox 1164 5207 2711 5292; baseline -0.01 0"><span class='ocrx_word' id='word_1_280' title='bbox 1164 5228 1319 5292; x_wconf 88' lang='lat' dir='ltr'><strong>cant</strong></span> <span class='ocrx_word' id='word_1_281' title='bbox 1348 5221 1419 5289; x_wconf 90' lang='lat' dir='ltr'><strong>in</strong></span> <span class='ocrx_word' id='word_1_282' title='bbox 1448 5216 1698 5288; x_wconf 69' lang='lat' dir='ltr'><strong>seculo</strong></span> <span class='ocrx_word' id='word_1_283' title='bbox 1735 5216 2127 5285; x_wconf 84' lang='lat' dir='ltr'><strong>existentes.</strong></span> <span class='ocrx_word' id='word_1_284' title='bbox 2157 5207 2404 5280; x_wconf 84' lang='lat' dir='ltr'><strong>Ezech.</strong></span> <span class='ocrx_word' id='word_1_285' title='bbox 2436 5232 2555 5290; x_wconf 86' lang='lat' dir='ltr'><strong>xx,</strong></span> <span class='ocrx_word' id='word_1_286' title='bbox 2581 5211 2657 5279; x_wconf 87' lang='grc'><strong>21</strong></span> <span class='ocrx_word' id='word_1_287' title='bbox 2694 5231 2711 5278; x_wconf 89' lang='lat'><strong>:</strong></span> 
     </span>
    </p>
   </div>
   <div class='ocr_carea' id='block_1_8' title="bbox 1164 5454 2716 5622">
    <p class='ocr_par' dir='ltr' id='par_1_10' title="bbox 1164 5454 2716 5622">
     <span class='ocr_line' id='line_1_46' title="bbox 1238 5454 2716 5528; baseline -0.007 -5"><span class='ocrx_word' id='word_1_288' title='bbox 1238 5455 1256 5505; x_wconf 65' lang='lat'><strong>&#39;¹</strong></span> <span class='ocrx_word' id='word_1_289' title='bbox 1288 5460 1449 5522; x_wconf 67' lang='lat' dir='ltr'><strong>Pul.</strong></span> <span class='ocrx_word' id='word_1_290' title='bbox 1480 5476 1556 5528; x_wconf 74' lang='lat' dir='ltr'><strong>vi,</strong></span> <span class='ocrx_word' id='word_1_291' title='bbox 1585 5461 1619 5517; x_wconf 75' lang='grc'><strong>3</strong></span> <span class='ocrx_word' id='word_1_292' title='bbox 1653 5474 1670 5515; x_wconf 73' lang='lat' dir='ltr'><strong>t</strong></span> <span class='ocrx_word' id='word_1_293' title='bbox 1701 5460 1959 5517; x_wconf 66' lang='lat' dir='ltr'><strong>uisam·</strong></span> <span class='ocrx_word' id='word_1_294' title='bbox 1994 5459 2128 5527; x_wconf 79' lang='lat' dir='ltr'><strong>met,</strong></span> <span class='ocrx_word' id='word_1_295' title='bbox 2166 5458 2418 5523; x_wconf 76' lang='lat' dir='ltr'><strong>Domine,</strong></span> <span class='ocrx_word' id='word_1_296' title='bbox 2447 5454 2716 5528; x_wconf 72' lang='lat' dir='ltr'><strong>quonian·</strong></span> 
     </span>
     <span class='ocr_line' id='line_1_47' title="bbox 1164 5545 2713 5622; baseline -0.008 -9"><span class='ocrx_word' id='word_1_297' title='bbox 1164 5553 1415 5622; x_wconf 69' lang='lat' dir='ltr'><strong>infirma</strong></span> <span class='ocrx_word' id='word_1_298' title='bbox 1444 5566 1566 5610; x_wconf 69' lang='lat' dir='ltr'><strong>sum</strong></span> <span class='ocrx_word' id='word_1_299' title='bbox 1597 5564 1617 5605; x_wconf 88' lang='lat'><strong>.·</strong></span> <span class='ocrx_word' id='word_1_300' title='bbox 1642 5563 1784 5606; x_wconf 73' lang='lat' dir='ltr'><strong>ma</strong></span> <span class='ocrx_word' id='word_1_301' title='bbox 1811 5564 1918 5615; x_wconf 76' lang='lat' dir='ltr'><strong>me,</strong></span> <span class='ocrx_word' id='word_1_302' title='bbox 1967 5548 2217 5614; x_wconf 75' lang='lat' dir='ltr'><strong>Domine,</strong></span> <span class='ocrx_word' id='word_1_303' title='bbox 2261 5545 2527 5618; x_wconf 74' lang='lat' dir='ltr'><strong>quoniam</strong></span> <span class='ocrx_word' id='word_1_304' title='bbox 2574 5560 2713 5601; x_wconf 79' lang='lat' dir='ltr'><strong>eon-</strong></span> 
     </span>
    </p>
   </div>
   <div class='ocr_carea' id='block_1_9' title="bbox 4252 200 4373 267">
    <p class='ocr_par' dir='ltr' id='par_1_11' title="bbox 4252 200 4373 267">
     <span class='ocr_line' id='line_1_48' title="bbox 4252 200 4373 267; baseline 0 0"><span class='ocrx_word' id='word_1_305' title='bbox 4252 200 4373 267; x_wconf 74' lang='lat'><strong>¹15</strong></span> 
     </span>
    </p>
   </div>
   <div class='ocr_carea' id='block_1_10' title="bbox 2820 367 4378 1858">
    <p class='ocr_par' dir='ltr' id='par_1_12' title="bbox 2820 367 4378 1858">
     <span class='ocr_line' id='line_1_49' title="bbox 2828 367 4368 461; baseline 0.002 -27"><span class='ocrx_word' id='word_1_306' title='bbox 2828 371 2919 434; x_wconf 86' lang='lat' dir='ltr'><strong>Et</strong></span> <span class='ocrx_word' id='word_1_307' title='bbox 2955 367 3529 436; x_wconf 75' lang='lat' dir='ltr'><strong>eoeocerbaverunt</strong></span> <span class='ocrx_word' id='word_1_308' title='bbox 3558 393 3663 436; x_wconf 81' lang='lat' dir='ltr'><strong>me</strong></span> <span class='ocrx_word' id='word_1_309' title='bbox 3689 371 3831 458; x_wconf 84' lang='lat' dir='ltr'><strong>filii</strong></span> <span class='ocrx_word' id='word_1_310' title='bbox 3862 396 3883 437; x_wconf 92' lang='lat'><strong>.·</strong></span> <span class='ocrx_word' id='word_1_311' title='bbox 3919 373 3986 437; x_wconf 81' lang='lat' dir='ltr'><strong>in</strong></span> <span class='ocrx_word' id='word_1_312' title='bbox 4012 375 4368 461; x_wconf 68' lang='lat' dir='ltr'><strong>praeceptis</strong></span> 
     </span>
     <span class='ocr_line' id='line_1_50' title="bbox 2828 475 4372 567; baseline 0.002 -28"><span class='ocrx_word' id='word_1_313' title='bbox 2828 475 2992 540; x_wconf 78' lang='lat' dir='ltr'><strong>meis</strong></span> <span class='ocrx_word' id='word_1_314' title='bbox 3032 498 3164 540; x_wconf 78' lang='lat' dir='ltr'><strong>non</strong></span> <span class='ocrx_word' id='word_1_315' title='bbox 3197 475 3751 554; x_wconf 78' lang='lat' dir='ltr'><strong>ambulaverunt,</strong></span> <span class='ocrx_word' id='word_1_316' title='bbox 3786 489 3849 544; x_wconf 83' lang='lat' dir='ltr'><strong>et</strong></span> <span class='ocrx_word' id='word_1_317' title='bbox 3875 478 4156 567; x_wconf 79' lang='lat' dir='ltr'><strong>judicia</strong></span> <span class='ocrx_word' id='word_1_318' title='bbox 4224 502 4372 545; x_wconf 70' lang='lat' dir='ltr'><strong>mea</strong></span> 
     </span>
     <span class='ocr_line' id='line_1_51' title="bbox 2826 583 4378 654; baseline 0.004 -6"><span class='ocrx_word' id='word_1_319' title='bbox 2826 606 2957 649; x_wconf 78' lang='lat' dir='ltr'><strong>non</strong></span> <span class='ocrx_word' id='word_1_320' title='bbox 3025 583 3513 649; x_wconf 77' lang='lat' dir='ltr'><strong>custodierunt.</strong></span> <span class='ocrx_word' id='word_1_321' title='bbox 3630 584 4035 653; x_wconf 85' lang='lat' dir='ltr'><strong>Claustrales</strong></span> <span class='ocrx_word' id='word_1_322' title='bbox 4117 587 4378 654; x_wconf 82' lang='lat' dir='ltr'><strong>irritant</strong></span> 
     </span>
     <span class='ocr_line' id='line_1_52' title="bbox 2827 691 4371 784; baseline 0.003 -28"><span class='ocrx_word' id='word_1_323' title='bbox 2827 691 2947 756; x_wconf 87' lang='lat' dir='ltr'><strong>Dei</strong></span> <span class='ocrx_word' id='word_1_324' title='bbox 2991 691 3294 769; x_wconf 81' lang='lat' dir='ltr'><strong>consilia,</strong></span> <span class='ocrx_word' id='word_1_325' title='bbox 3330 693 3488 779; x_wconf 80' lang='lat' dir='ltr'><strong>quia</strong></span> <span class='ocrx_word' id='word_1_326' title='bbox 3546 693 3829 759; x_wconf 82' lang='lat' dir='ltr'><strong>consilia</strong></span> <span class='ocrx_word' id='word_1_327' title='bbox 3876 693 4025 770; x_wconf 78' lang='lat' dir='ltr'><strong>nei,</strong></span> <span class='ocrx_word' id='word_1_328' title='bbox 4095 718 4244 784; x_wconf 80' lang='lat' dir='ltr'><strong>quae</strong></span> <span class='ocrx_word' id='word_1_329' title='bbox 4304 717 4371 761; x_wconf 74' lang='lat' dir='ltr'><strong>se</strong></span> 
     </span>
     <span class='ocr_line' id='line_1_53' title="bbox 2829 800 4372 888; baseline -0.001 -19"><span class='ocrx_word' id='word_1_330' title='bbox 2829 823 3097 869; x_wconf 78' lang='lat' dir='ltr'><strong>servm-e</strong></span> <span class='ocrx_word' id='word_1_331' title='bbox 3133 800 3612 888; x_wconf 82' lang='lat' dir='ltr'><strong>promiserunt,</strong></span> <span class='ocrx_word' id='word_1_332' title='bbox 3649 823 3787 868; x_wconf 91' lang='lat' dir='ltr'><strong>non</strong></span> <span class='ocrx_word' id='word_1_333' title='bbox 3845 812 4137 869; x_wconf 81' lang='lat' dir='ltr'><strong>servant.</strong></span> <span class='ocrx_word' id='word_1_334' title='bbox 4199 803 4372 869; x_wconf 76' lang='lat' dir='ltr'><strong>Pro-</strong></span> 
     </span>
     <span class='ocr_line' id='line_1_54' title="bbox 2831 908 4378 998; baseline 0.003 -27"><span class='ocrx_word' id='word_1_335' title='bbox 2831 909 3017 975; x_wconf 71' lang='lat' dir='ltr'><strong>verb.</strong></span> <span class='ocrx_word' id='word_1_336' title='bbox 3114 931 3156 984; x_wconf 86' lang='grc' dir='ltr'><strong>ι,</strong></span> <span class='ocrx_word' id='word_1_337' title='bbox 3242 908 3327 972; x_wconf 72' lang='lat'><strong>25</strong></span> <span class='ocrx_word' id='word_1_338' title='bbox 3364 929 3377 972; x_wconf 90' lang='lat'>:</span> <span class='ocrx_word' id='word_1_339' title='bbox 3439 909 3859 998; x_wconf 70' lang='lat' dir='ltr'><strong>Despeaeistis</strong></span> <span class='ocrx_word' id='word_1_340' title='bbox 3940 932 4135 975; x_wconf 81' lang='lat' dir='ltr'><strong>omne</strong></span> <span class='ocrx_word' id='word_1_341' title='bbox 4210 934 4378 976; x_wconf 80' lang='lat' dir='ltr'><strong>con-</strong></span> 
     </span>
     <span class='ocr_line' id='line_1_55' title="bbox 2825 1014 4367 1105; baseline 0.001 -25"><span class='ocrx_word' id='word_1_342' title='bbox 2825 1014 3066 1080; x_wconf 80' lang='lat' dir='ltr'><strong>silium</strong></span> <span class='ocrx_word' id='word_1_343' title='bbox 3141 1037 3393 1091; x_wconf 82' lang='lat' dir='ltr'><strong>meum,</strong></span> <span class='ocrx_word' id='word_1_344' title='bbox 3482 1023 3544 1080; x_wconf 87' lang='lat' dir='ltr'><strong>et</strong></span> <span class='ocrx_word' id='word_1_345' title='bbox 3635 1017 4149 1105; x_wconf 70' lang='lat' dir='ltr'><strong>increpatione-5,</strong></span> <span class='ocrx_word' id='word_1_346' title='bbox 4241 1025 4367 1084; x_wconf 85' lang='lat' dir='ltr'><strong>etc.</strong></span> 
     </span>
     <span class='ocr_line' id='line_1_56' title="bbox 2828 1120 4376 1200; baseline 0.001 -12"><span class='ocrx_word' id='word_1_347' title='bbox 2828 1121 3050 1188; x_wconf 83' lang='lat' dir='ltr'><strong>Ambo</strong></span> <span class='ocrx_word' id='word_1_348' title='bbox 3083 1122 3311 1196; x_wconf 89' lang='lat' dir='ltr'><strong>simul,</strong></span> <span class='ocrx_word' id='word_1_349' title='bbox 3355 1123 3421 1187; x_wconf 89' lang='lat' dir='ltr'><strong>iu</strong></span> <span class='ocrx_word' id='word_1_350' title='bbox 3458 1120 3633 1189; x_wconf 79' lang='lat' dir='ltr'><strong>l&#39;sal.</strong></span> <span class='ocrx_word' id='word_1_351' title='bbox 3689 1145 3936 1200; x_wconf 63' lang='lat' dir='ltr'><strong>mxvu,</strong></span> <span class='ocrx_word' id='word_1_352' title='bbox 4010 1126 4094 1190; x_wconf 74' lang='lat'><strong>36</strong></span> <span class='ocrx_word' id='word_1_353' title='bbox 4131 1146 4146 1188; x_wconf 76' lang='grc' dir='ltr'>ε</span> <span class='ocrx_word' id='word_1_354' title='bbox 4219 1127 4376 1190; x_wconf 64' lang='lat' dir='ltr'><strong>Ex·-</strong></span> 
     </span>
     <span class='ocr_line' id='line_1_57' title="bbox 2827 1230 4373 1299; baseline -0.001 0"><span class='ocrx_word' id='word_1_355' title='bbox 2827 1230 3313 1299; x_wconf 58' lang='lat' dir='ltr'><strong>acerbat-erunt</strong></span> <span class='ocrx_word' id='word_1_356' title='bbox 3339 1233 3563 1297; x_wconf 74' lang='lat' dir='ltr'><strong>Deum</strong></span> <span class='ocrx_word' id='word_1_357' title='bbox 3627 1230 3968 1299; x_wconf 68' lang='lat' dir='ltr'><strong>excelsum</strong></span> <span class='ocrx_word' id='word_1_358' title='bbox 4000 1257 4021 1298; x_wconf 92' lang='lat'><strong>.·</strong></span> <span class='ocrx_word' id='word_1_359' title='bbox 4087 1244 4150 1299; x_wconf 87' lang='lat' dir='ltr'><strong>et</strong></span> <span class='ocrx_word' id='word_1_360' title='bbox 4190 1234 4373 1299; x_wconf 80' lang='lat' dir='ltr'><strong>testi·</strong></span> 
     </span>
     <span class='ocr_line' id='line_1_58' title="bbox 2826 1339 4375 1431; baseline 0.002 -26"><span class='ocrx_word' id='word_1_361' title='bbox 2826 1340 3055 1405; x_wconf 79' lang='lat' dir='ltr'><strong>monia</strong></span> <span class='ocrx_word' id='word_1_362' title='bbox 3105 1339 3260 1426; x_wconf 70' lang='lat' dir='ltr'><strong>ejus</strong></span> <span class='ocrx_word' id='word_1_363' title='bbox 3316 1362 3450 1404; x_wconf 78' lang='lat' dir='ltr'><strong>uon</strong></span> <span class='ocrx_word' id='word_1_364' title='bbox 3517 1340 4003 1407; x_wconf 80' lang='lat' dir='ltr'><strong>custodierunt.</strong></span> <span class='ocrx_word' id='word_1_365' title='bbox 4093 1340 4375 1431; x_wconf 81' lang='lat' dir='ltr'><strong>Propter</strong></span> 
     </span>
     <span class='ocr_line' id='line_1_59' title="bbox 2826 1445 4369 1537; baseline 0.001 -25"><span class='ocrx_word' id='word_1_366' title='bbox 2826 1445 3052 1512; x_wconf 87' lang='lat' dir='ltr'><strong>hocin</strong></span> <span class='ocrx_word' id='word_1_367' title='bbox 3083 1467 3350 1512; x_wconf 84' lang='lat' dir='ltr'><strong>carcere</strong></span> <span class='ocrx_word' id='word_1_368' title='bbox 3392 1446 3642 1535; x_wconf 85' lang='lat' dir='ltr'><strong>peccati</strong></span> <span class='ocrx_word' id='word_1_369' title='bbox 3705 1446 3907 1537; x_wconf 83' lang='lat' dir='ltr'><strong>digne</strong></span> <span class='ocrx_word' id='word_1_370' title='bbox 3957 1447 4369 1515; x_wconf 82' lang='lat' dir='ltr'><strong>detinentur.</strong></span> 
     </span>
     <span class='ocr_line' id='line_1_60' title="bbox 2831 1552 4374 1638; baseline 0.002 -21"><span class='ocrx_word' id='word_1_371' title='bbox 2831 1552 3117 1638; x_wconf 80' lang='lat' dir='ltr'><strong>Barucb,</strong></span> <span class='ocrx_word' id='word_1_372' title='bbox 3162 1577 3255 1630; x_wconf 80' lang='lat' dir='ltr'><strong>lv,</strong></span> <span class='ocrx_word' id='word_1_373' title='bbox 3292 1558 3332 1618; x_wconf 82' lang='lat' dir='ltr'><strong>ti</strong></span> <span class='ocrx_word' id='word_1_374' title='bbox 3363 1562 3430 1621; x_wconf 79' lang='lat' dir='ltr'><strong>ot</strong></span> <span class='ocrx_word' id='word_1_375' title='bbox 3459 1555 3495 1618; x_wconf 77' lang='lat' dir='ltr'><strong>&#39;t&#39;</strong></span> <span class='ocrx_word' id='word_1_376' title='bbox 3534 1576 3548 1618; x_wconf 91' lang='lat'><strong>:</strong></span> <span class='ocrx_word' id='word_1_377' title='bbox 3595 1554 3862 1620; x_wconf 79' lang='lat' dir='ltr'><strong>Traditi</strong></span> <span class='ocrx_word' id='word_1_378' title='bbox 3897 1556 4054 1621; x_wconf 71' lang='lat' dir='ltr'><strong>estis</strong></span> <span class='ocrx_word' id='word_1_379' title='bbox 4129 1555 4374 1620; x_wconf 80' lang='lat' dir='ltr'><strong>adver-</strong></span> 
     </span>
     <span class='ocr_line' id='line_1_61' title="bbox 2820 1661 4373 1754; baseline 0 -26"><span class='ocrx_word' id='word_1_380' title='bbox 2820 1661 3027 1728; x_wconf 80' lang='lat' dir='ltr'><strong>sariis</strong></span> <span class='ocrx_word' id='word_1_381' title='bbox 3055 1663 3292 1728; x_wconf 75' lang='lat' dir='ltr'><strong>vestris·</strong></span> <span class='ocrx_word' id='word_1_382' title='bbox 3324 1684 3344 1728; x_wconf 89' lang='lat'><em>:</em></span> <span class='ocrx_word' id='word_1_383' title='bbox 3376 1661 3827 1728; x_wconf 71' lang='lat' dir='ltr'><strong>exacerbastis</strong></span> <span class='ocrx_word' id='word_1_384' title='bbox 3856 1664 4035 1728; x_wconf 83' lang='lat' dir='ltr'><strong>enim</strong></span> <span class='ocrx_word' id='word_1_385' title='bbox 4066 1684 4222 1728; x_wconf 80' lang='lat' dir='ltr'><strong>eum</strong></span> <span class='ocrx_word' id='word_1_386' title='bbox 4250 1663 4373 1754; x_wconf 84' lang='lat' dir='ltr'><strong>qui</strong></span> 
     </span>
     <span class='ocr_line' id='line_1_62' title="bbox 2820 1769 3152 1858; baseline -0.003 -24"><span class='ocrx_word' id='word_1_387' title='bbox 2820 1769 2985 1858; x_wconf 80' lang='lat' dir='ltr'><strong>fecit</strong></span> <span class='ocrx_word' id='word_1_388' title='bbox 3015 1790 3152 1834; x_wconf 78' lang='lat' dir='ltr'><strong>vos,</strong></span> 
     </span>
    </p>
   </div>
   <div class='ocr_carea' id='block_1_11' title="bbox 2815 2077 4376 5292">
    <p class='ocr_par' dir='ltr' id='par_1_13' title="bbox 2821 2077 4374 3251">
     <span class='ocr_line' id='line_1_63' title="bbox 2916 2077 4358 2171; baseline 0.012 -32"><span class='ocrx_word' id='word_1_389' title='bbox 2916 2100 2948 2139; x_wconf 75' lang='grc' dir='ltr'><strong>α</strong></span> <span class='ocrx_word' id='word_1_390' title='bbox 2985 2078 3074 2142; x_wconf 67' lang='lat' dir='ltr'><strong>Iz&#39;t</strong></span> <span class='ocrx_word' id='word_1_391' title='bbox 3111 2077 3563 2146; x_wconf 72' lang='lat' dir='ltr'><strong>leuniiliatmn</strong></span> <span class='ocrx_word' id='word_1_392' title='bbox 3587 2092 3707 2148; x_wconf 85' lang='lat' dir='ltr'><strong>est.</strong></span> <span class='ocrx_word' id='word_1_393' title='bbox 3747 2110 3778 2144; x_wconf 72' lang='grc' dir='ltr'><strong>»ι</strong></span> <span class='ocrx_word' id='word_1_394' title='bbox 3818 2085 3940 2152; x_wconf 77' lang='lat' dir='ltr'><strong>nie</strong></span> <span class='ocrx_word' id='word_1_395' title='bbox 3959 2090 4358 2171; x_wconf 76' lang='lat' dir='ltr'><strong>secundum,</strong></span> 
     </span>
     <span class='ocr_line' id='line_1_64' title="bbox 2824 2179 4364 2272; baseline 0.012 -27"><span class='ocrx_word' id='word_1_396' title='bbox 2824 2179 2893 2246; x_wconf 88' lang='lat' dir='ltr'><strong>in</strong></span> <span class='ocrx_word' id='word_1_397' title='bbox 2924 2202 3058 2269; x_wconf 88' lang='lat' dir='ltr'><strong>quo</strong></span> <span class='ocrx_word' id='word_1_398' title='bbox 3102 2185 3407 2272; x_wconf 76' lang='lat' dir='ltr'><strong>tangitur</strong></span> <span class='ocrx_word' id='word_1_399' title='bbox 3434 2185 3708 2254; x_wconf 80' lang='lat' dir='ltr'><strong>afflictio</strong></span> <span class='ocrx_word' id='word_1_400' title='bbox 3740 2189 3808 2255; x_wconf 90' lang='lat' dir='ltr'><strong>in</strong></span> <span class='ocrx_word' id='word_1_401' title='bbox 3849 2188 4219 2271; x_wconf 83' lang='lat' dir='ltr'><strong>laboribus,</strong></span> <span class='ocrx_word' id='word_1_402' title='bbox 4300 2207 4364 2265; x_wconf 79' lang='lat' dir='ltr'><strong>et</strong></span> 
     </span>
     <span class='ocr_line' id='line_1_65' title="bbox 2824 2290 4368 2375; baseline 0.014 -25"><span class='ocrx_word' id='word_1_403' title='bbox 2824 2294 3043 2375; x_wconf 78' lang='lat' dir='ltr'><strong>potest</strong></span> <span class='ocrx_word' id='word_1_404' title='bbox 3080 2290 3309 2357; x_wconf 80' lang='lat' dir='ltr'><strong>referri</strong></span> <span class='ocrx_word' id='word_1_405' title='bbox 3350 2290 3435 2358; x_wconf 88' lang='lat' dir='ltr'><strong>ad</strong></span> <span class='ocrx_word' id='word_1_406' title='bbox 3474 2292 3803 2362; x_wconf 61' lang='lat' dir='ltr'><strong>diversos).</strong></span> <span class='ocrx_word' id='word_1_407' title='bbox 3838 2297 3972 2364; x_wconf 78' lang='lat' dir='ltr'><strong>Alii</strong></span> <span class='ocrx_word' id='word_1_408' title='bbox 4018 2303 4196 2369; x_wconf 78' lang='lat' dir='ltr'><strong>enim</strong></span> <span class='ocrx_word' id='word_1_409' title='bbox 4261 2306 4368 2370; x_wconf 84' lang='lat' dir='ltr'><strong>in-</strong></span> 
     </span>
     <span class='ocr_line' id='line_1_66' title="bbox 2821 2399 4368 2491; baseline 0.013 -30"><span class='ocrx_word' id='word_1_410' title='bbox 2821 2399 3142 2462; x_wconf 81' lang='lat' dir='ltr'><strong>carcerati</strong></span> <span class='ocrx_word' id='word_1_411' title='bbox 3181 2409 3398 2478; x_wconf 80' lang='lat' dir='ltr'><strong>erant,</strong></span> <span class='ocrx_word' id='word_1_412' title='bbox 3432 2399 3512 2465; x_wconf 80' lang='lat' dir='ltr'><strong>de</strong></span> <span class='ocrx_word' id='word_1_413' title='bbox 3543 2402 3790 2491; x_wconf 87' lang='lat' dir='ltr'><strong>quibus</strong></span> <span class='ocrx_word' id='word_1_414' title='bbox 3829 2405 4044 2475; x_wconf 84' lang='lat' dir='ltr'><strong>dixit:</strong></span> <span class='ocrx_word' id='word_1_415' title='bbox 4088 2409 4219 2477; x_wconf 82' lang='lat' dir='ltr'><strong>Alii</strong></span> <span class='ocrx_word' id='word_1_416' title='bbox 4265 2412 4368 2480; x_wconf 87' lang='lat' dir='ltr'><strong>la-</strong></span> 
     </span>
     <span class='ocr_line' id='line_1_67' title="bbox 2828 2501 4364 2605; baseline 0.014 -39"><span class='ocrx_word' id='word_1_417' title='bbox 2828 2501 3103 2569; x_wconf 81' lang='lat' dir='ltr'><strong>boribus</strong></span> <span class='ocrx_word' id='word_1_418' title='bbox 3141 2503 3399 2580; x_wconf 70' lang='lat' dir='ltr'><strong>asslicss.</strong></span> <span class='ocrx_word' id='word_1_419' title='bbox 3435 2507 3517 2573; x_wconf 83' lang='lat' dir='ltr'><strong>de</strong></span> <span class='ocrx_word' id='word_1_420' title='bbox 3564 2508 3813 2599; x_wconf 84' lang='lat' dir='ltr'><strong>quibus</strong></span> <span class='ocrx_word' id='word_1_421' title='bbox 3844 2510 3949 2579; x_wconf 83' lang='lat' dir='ltr'><strong>hic</strong></span> <span class='ocrx_word' id='word_1_422' title='bbox 4009 2517 4173 2605; x_wconf 80' lang='lat' dir='ltr'><strong>agit.</strong></span> <span class='ocrx_word' id='word_1_423' title='bbox 4211 2516 4364 2602; x_wconf 76' lang='lat' dir='ltr'><strong>vet,</strong></span> 
     </span>
     <span class='ocr_line' id='line_1_68' title="bbox 2825 2608 4369 2712; baseline 0.014 -38"><span class='ocrx_word' id='word_1_424' title='bbox 2825 2608 2909 2676; x_wconf 82' lang='lat' dir='ltr'><strong>ad</strong></span> <span class='ocrx_word' id='word_1_425' title='bbox 2938 2610 3239 2678; x_wconf 78' lang='lat' dir='ltr'><strong>eosdem.</strong></span> <span class='ocrx_word' id='word_1_426' title='bbox 3296 2613 3527 2682; x_wconf 80' lang='lat' dir='ltr'><strong>Potest</strong></span> <span class='ocrx_word' id='word_1_427' title='bbox 3584 2618 3766 2684; x_wconf 86' lang='lat' dir='ltr'><strong>enim</strong></span> <span class='ocrx_word' id='word_1_428' title='bbox 3826 2641 3995 2694; x_wconf 82' lang='lat' dir='ltr'><strong>esse.</strong></span> <span class='ocrx_word' id='word_1_429' title='bbox 4047 2626 4230 2712; x_wconf 90' lang='lat' dir='ltr'><strong>quod</strong></span> <span class='ocrx_word' id='word_1_430' title='bbox 4286 2626 4369 2695; x_wconf 87' lang='lat' dir='ltr'><strong>de</strong></span> 
     </span>
     <span class='ocr_line' id='line_1_69' title="bbox 2825 2715 4371 2808; baseline 0.012 -26"><span class='ocrx_word' id='word_1_431' title='bbox 2825 2715 2931 2783; x_wconf 87' lang='lat' dir='ltr'><strong>die</strong></span> <span class='ocrx_word' id='word_1_432' title='bbox 2969 2718 3302 2807; x_wconf 77' lang='lat' dir='ltr'><strong>cogebant</strong></span> <span class='ocrx_word' id='word_1_433' title='bbox 3335 2745 3454 2789; x_wconf 88' lang='lat' dir='ltr'><strong>eos</strong></span> <span class='ocrx_word' id='word_1_434' title='bbox 3482 2721 3817 2808; x_wconf 84' lang='lat' dir='ltr'><strong>laborare,</strong></span> <span class='ocrx_word' id='word_1_435' title='bbox 3849 2726 3932 2795; x_wconf 93' lang='lat' dir='ltr'><strong>de</strong></span> <span class='ocrx_word' id='word_1_436' title='bbox 3982 2740 4175 2799; x_wconf 88' lang='lat' dir='ltr'><strong>nocte</strong></span> <span class='ocrx_word' id='word_1_437' title='bbox 4205 2756 4371 2801; x_wconf 81' lang='lat' dir='ltr'><strong>vero</strong></span> 
     </span>
     <span class='ocr_line' id='line_1_70' title="bbox 2827 2826 4365 2925; baseline 0.012 -33"><span class='ocrx_word' id='word_1_438' title='bbox 2827 2826 3216 2895; x_wconf 81' lang='lat' dir='ltr'><strong>incarcerati</strong></span> <span class='ocrx_word' id='word_1_439' title='bbox 3257 2838 3476 2909; x_wconf 87' lang='lat' dir='ltr'><strong>erant,</strong></span> <span class='ocrx_word' id='word_1_440' title='bbox 3499 2831 3672 2900; x_wconf 84' lang='lat' dir='ltr'><strong>sicut</strong></span> <span class='ocrx_word' id='word_1_441' title='bbox 3701 2836 4181 2925; x_wconf 78' lang='lat' dir='ltr'><strong>supradictum</strong></span> <span class='ocrx_word' id='word_1_442' title='bbox 4223 2853 4365 2910; x_wconf 81' lang='lat' dir='ltr'><strong>est:</strong></span> 
     </span>
     <span class='ocr_line' id='line_1_71' title="bbox 2825 2933 4373 3020; baseline 0.012 -21"><span class='ocrx_word' id='word_1_443' title='bbox 2825 2942 2893 3001; x_wconf 77' lang='lat' dir='ltr'><strong>et.</strong></span> <span class='ocrx_word' id='word_1_444' title='bbox 2916 2933 3233 3003; x_wconf 87' lang='lat' dir='ltr'><strong>dicuntur</strong></span> <span class='ocrx_word' id='word_1_445' title='bbox 3271 2937 3433 3005; x_wconf 91' lang='lat' dir='ltr'><strong>duo.</strong></span> <span class='ocrx_word' id='word_1_446' title='bbox 3471 2940 3728 3020; x_wconf 79' lang='lat' dir='ltr'><strong>Primo,</strong></span> <span class='ocrx_word' id='word_1_447' title='bbox 3764 2944 4039 3013; x_wconf 79' lang='lat' dir='ltr'><strong>afflictio</strong></span> <span class='ocrx_word' id='word_1_448' title='bbox 4069 2957 4131 3016; x_wconf 85' lang='lat' dir='ltr'><strong>ot</strong></span> <span class='ocrx_word' id='word_1_449' title='bbox 4175 2955 4373 3019; x_wconf 77' lang='lat' dir='ltr'><strong>mise·</strong></span> 
     </span>
     <span class='ocr_line' id='line_1_72' title="bbox 2828 3041 4374 3130; baseline 0.013 -24"><span class='ocrx_word' id='word_1_450' title='bbox 2828 3042 2923 3107; x_wconf 78' lang='lat' dir='ltr'><strong>ria</strong></span> <span class='ocrx_word' id='word_1_451' title='bbox 2962 3042 3030 3108; x_wconf 90' lang='lat' dir='ltr'><strong>in</strong></span> <span class='ocrx_word' id='word_1_452' title='bbox 3081 3041 3479 3114; x_wconf 81' lang='lat' dir='ltr'><strong>laborando.</strong></span> <span class='ocrx_word' id='word_1_453' title='bbox 3515 3046 3859 3130; x_wconf 79' lang='lat' dir='ltr'><strong>SecundO,</strong></span> <span class='ocrx_word' id='word_1_454' title='bbox 3893 3057 4190 3124; x_wconf 77' lang='lat' dir='ltr'><strong>carentia</strong></span> <span class='ocrx_word' id='word_1_455' title='bbox 4254 3083 4374 3126; x_wconf 71' lang='lat' dir='ltr'><strong>so-</strong></span> 
     </span>
     <span class='ocr_line' id='line_1_73' title="bbox 2825 3148 4231 3251; baseline 0.007 -35"><span class='ocrx_word' id='word_1_456' title='bbox 2825 3148 2966 3217; x_wconf 84' lang='lat' dir='ltr'><strong>latii</strong></span> <span class='ocrx_word' id='word_1_457' title='bbox 3011 3150 3075 3217; x_wconf 90' lang='lat' dir='ltr'><strong>in</strong></span> <span class='ocrx_word' id='word_1_458' title='bbox 3116 3152 3533 3239; x_wconf 80' lang='lat' dir='ltr'><strong>adjuvando.</strong></span> <span class='ocrx_word' id='word_1_459' title='bbox 3576 3157 3695 3233; x_wconf 87' lang='lat' dir='ltr'><strong>ibi,</strong></span> <span class='ocrx_word' id='word_1_460' title='bbox 3740 3185 3774 3222; x_wconf 75' lang='grc' dir='ltr'><strong>α</strong></span> <span class='ocrx_word' id='word_1_461' title='bbox 3807 3160 3945 3228; x_wconf 75' lang='lat' dir='ltr'><strong>Nec</strong></span> <span class='ocrx_word' id='word_1_462' title='bbox 3982 3167 4149 3251; x_wconf 79' lang='lat' dir='ltr'><strong>suit.</strong></span> <span class='ocrx_word' id='word_1_463' title='bbox 4200 3196 4231 3226; x_wconf 70' lang='lat' dir='ltr'><strong>n</strong></span> 
     </span>
    </p>

    <p class='ocr_par' dir='ltr' id='par_1_14' title="bbox 2818 3255 4374 3560">
     <span class='ocr_line' id='line_1_74' title="bbox 2916 3255 4370 3346; baseline 0.014 -25"><span class='ocrx_word' id='word_1_464' title='bbox 2916 3255 2989 3322; x_wconf 87' lang='grc' dir='ltr'><strong>1η</strong></span> <span class='ocrx_word' id='word_1_465' title='bbox 3033 3259 3250 3346; x_wconf 84' lang='lat' dir='ltr'><strong>prima</strong></span> <span class='ocrx_word' id='word_1_466' title='bbox 3279 3258 3441 3326; x_wconf 91' lang='lat' dir='ltr'><strong>duo.</strong></span> <span class='ocrx_word' id='word_1_467' title='bbox 3480 3261 3735 3340; x_wconf 78' lang='lat' dir='ltr'><strong>Primo.</strong></span> <span class='ocrx_word' id='word_1_468' title='bbox 3780 3265 3975 3337; x_wconf 81' lang='lat' dir='ltr'><strong>labor</strong></span> <span class='ocrx_word' id='word_1_469' title='bbox 3993 3279 4056 3336; x_wconf 84' lang='lat' dir='ltr'><strong>ct</strong></span> <span class='ocrx_word' id='word_1_470' title='bbox 4094 3271 4370 3342; x_wconf 79' lang='lat' dir='ltr'><strong>afflictio</strong></span> 
     </span>
     <span class='ocr_line' id='line_1_75' title="bbox 2822 3363 4374 3461; baseline 0.012 -31"><span class='ocrx_word' id='word_1_471' title='bbox 2822 3363 3068 3448; x_wconf 82' lang='lat' dir='ltr'><strong>cordis.</strong></span> <span class='ocrx_word' id='word_1_472' title='bbox 3108 3364 3452 3446; x_wconf 86' lang='lat' dir='ltr'><strong>Secundo,</strong></span> <span class='ocrx_word' id='word_1_473' title='bbox 3488 3372 3818 3461; x_wconf 82' lang='lat' dir='ltr'><strong>corporis,</strong></span> <span class='ocrx_word' id='word_1_474' title='bbox 3851 3373 3970 3459; x_wconf 85' lang='lat' dir='ltr'><strong>ibi,</strong></span> <span class='ocrx_word' id='word_1_475' title='bbox 4008 3402 4041 3443; x_wconf 72' lang='grc' dir='ltr'>ι</span> <span class='ocrx_word' id='word_1_476' title='bbox 4110 3381 4205 3447; x_wconf 81' lang='lat' dir='ltr'><strong>Et</strong></span> <span class='ocrx_word' id='word_1_477' title='bbox 4273 3383 4374 3448; x_wconf 77' lang='lat' dir='ltr'><strong>in-</strong></span> 
     </span>
     <span class='ocr_line' id='line_1_76' title="bbox 2818 3471 3381 3560; baseline -0.004 -23"><span class='ocrx_word' id='word_1_478' title='bbox 2818 3471 3089 3560; x_wconf 80' lang='lat' dir='ltr'><strong>firmati</strong></span> <span class='ocrx_word' id='word_1_479' title='bbox 3121 3484 3307 3540; x_wconf 78' lang='lat' dir='ltr'><strong>sunt.</strong></span> <span class='ocrx_word' id='word_1_480' title='bbox 3348 3505 3381 3536; x_wconf 73' lang='grc' dir='ltr'><strong>υ</strong></span> 
     </span>
    </p>

    <p class='ocr_par' dir='ltr' id='par_1_15' title="bbox 2821 3579 4376 4428">
     <span class='ocr_line' id='line_1_77' title="bbox 2912 3579 4371 3677; baseline 0.013 -30"><span class='ocrx_word' id='word_1_481' title='bbox 2912 3579 3087 3647; x_wconf 87' lang='lat' dir='ltr'><strong>Dicit</strong></span> <span class='ocrx_word' id='word_1_482' title='bbox 3113 3604 3326 3671; x_wconf 85' lang='lat' dir='ltr'><strong>ergo:</strong></span> <span class='ocrx_word' id='word_1_483' title='bbox 3374 3582 3487 3651; x_wconf 78' lang='lat' dir='ltr'><strong>Sic</strong></span> <span class='ocrx_word' id='word_1_484' title='bbox 3527 3597 3859 3677; x_wconf 88' lang='lat' dir='ltr'><strong>quantum</strong></span> <span class='ocrx_word' id='word_1_485' title='bbox 3913 3590 3996 3659; x_wconf 86' lang='lat' dir='ltr'><strong>ad</strong></span> <span class='ocrx_word' id='word_1_486' title='bbox 4064 3595 4371 3665; x_wconf 80' lang='lat' dir='ltr'><strong>incarce-</strong></span> 
     </span>
     <span class='ocr_line' id='line_1_78' title="bbox 2825 3689 4366 3782; baseline 0.011 -29"><span class='ocrx_word' id='word_1_487' title='bbox 2825 3695 3032 3765; x_wconf 79' lang='lat' dir='ltr'><strong>ratos.</strong></span> <span class='ocrx_word' id='word_1_488' title='bbox 3075 3689 3179 3756; x_wconf 75' lang='lat' dir='ltr'><strong>ve!</strong></span> <span class='ocrx_word' id='word_1_489' title='bbox 3212 3691 3308 3758; x_wconf 86' lang='lat' dir='ltr'><strong>sic</strong></span> <span class='ocrx_word' id='word_1_490' title='bbox 3340 3690 3423 3758; x_wconf 85' lang='lat' dir='ltr'><strong>de</strong></span> <span class='ocrx_word' id='word_1_491' title='bbox 3454 3704 3649 3761; x_wconf 80' lang='lat' dir='ltr'><strong>nocte</strong></span> <span class='ocrx_word' id='word_1_492' title='bbox 3697 3707 3888 3767; x_wconf 89' lang='lat' dir='ltr'><strong>erant</strong></span> <span class='ocrx_word' id='word_1_493' title='bbox 3944 3702 4366 3782; x_wconf 72' lang='lat' dir='ltr'><strong>incarcerati,</strong></span> 
     </span>
     <span class='ocr_line' id='line_1_79' title="bbox 2825 3791 4366 3885; baseline 0.01 -27"><span class='ocrx_word' id='word_1_494' title='bbox 2825 3800 2888 3858; x_wconf 88' lang='lat' dir='ltr'><strong>et</strong></span> <span class='ocrx_word' id='word_1_495' title='bbox 2928 3791 3010 3859; x_wconf 83' lang='lat' dir='ltr'><strong>de</strong></span> <span class='ocrx_word' id='word_1_496' title='bbox 3041 3792 3146 3861; x_wconf 87' lang='lat' dir='ltr'><strong>die</strong></span> <span class='ocrx_word' id='word_1_497' title='bbox 3173 3822 3206 3859; x_wconf 73' lang='grc' dir='ltr'><strong><em>α</em></strong></span> <span class='ocrx_word' id='word_1_498' title='bbox 3240 3796 3692 3868; x_wconf 79' lang='lat' dir='ltr'><strong>humiliatum</strong></span> <span class='ocrx_word' id='word_1_499' title='bbox 3723 3816 3821 3872; x_wconf 77' lang='lat' dir='ltr'><strong>est</strong></span> <span class='ocrx_word' id='word_1_500' title='bbox 3857 3829 3972 3872; x_wconf 84' lang='lat' dir='ltr'><strong>cor</strong></span> <span class='ocrx_word' id='word_1_501' title='bbox 4032 3832 4294 3885; x_wconf 77' lang='lat' dir='ltr'><strong>eorum.</strong></span> <span class='ocrx_word' id='word_1_502' title='bbox 4332 3836 4366 3874; x_wconf 71' lang='grc' dir='ltr'><strong>ι</strong></span> 
     </span>
     <span class='ocr_line' id='line_1_80' title="bbox 2822 3897 4374 4001; baseline 0.013 -35"><span class='ocrx_word' id='word_1_503' title='bbox 2822 3897 3073 3980; x_wconf 82' lang='lat' dir='ltr'><strong>etboc.</strong></span> <span class='ocrx_word' id='word_1_504' title='bbox 3126 3932 3157 3963; x_wconf 74' lang='grc' dir='ltr'><strong><em>α</em></strong></span> <span class='ocrx_word' id='word_1_505' title='bbox 3211 3905 3282 3969; x_wconf 81' lang='lat' dir='ltr'><strong>in</strong></span> <span class='ocrx_word' id='word_1_506' title='bbox 3335 3903 3686 3976; x_wconf 78' lang='lat' dir='ltr'><strong>laboribus</strong></span> <span class='ocrx_word' id='word_1_507' title='bbox 3745 3940 3778 3971; x_wconf 77' lang='grc' dir='ltr'><strong>»ι</strong></span> <span class='ocrx_word' id='word_1_508' title='bbox 3828 3915 4095 4001; x_wconf 72' lang='lat' dir='ltr'><strong>magnis</strong></span> <span class='ocrx_word' id='word_1_509' title='bbox 4136 3926 4202 3982; x_wconf 91' lang='lat' dir='ltr'><strong>et</strong></span> <span class='ocrx_word' id='word_1_510' title='bbox 4246 3919 4374 3985; x_wconf 86' lang='lat' dir='ltr'><strong>im·</strong></span> 
     </span>
     <span class='ocr_line' id='line_1_81' title="bbox 2823 4007 4365 4102; baseline 0.013 -31"><span class='ocrx_word' id='word_1_511' title='bbox 2823 4007 3291 4096; x_wconf 78' lang='lat' dir='ltr'><strong>portabilibus.</strong></span> <span class='ocrx_word' id='word_1_512' title='bbox 3367 4012 3613 4102; x_wconf 68' lang='lat' dir='ltr'><strong>Supra.</strong></span> <span class='ocrx_word' id='word_1_513' title='bbox 3670 4016 3734 4083; x_wconf 82' lang='lat' dir='ltr'><strong>in</strong></span> <span class='ocrx_word' id='word_1_514' title='bbox 3810 4015 3991 4085; x_wconf 76' lang='lat' dir='ltr'><strong>l‘sal.</strong></span> <span class='ocrx_word' id='word_1_515' title='bbox 4050 4043 4157 4101; x_wconf 73' lang='lat' dir='ltr'><strong>cv,</strong></span> <span class='ocrx_word' id='word_1_516' title='bbox 4220 4024 4304 4091; x_wconf 66' lang='lat'><strong>-22</strong></span> <span class='ocrx_word' id='word_1_517' title='bbox 4348 4046 4365 4091; x_wconf 75' lang='grc' dir='ltr'><strong><em>ε</em></strong></span> 
     </span>
     <span class='ocr_line' id='line_1_82' title="bbox 2822 4115 4376 4200; baseline 0.013 -19"><span class='ocrx_word' id='word_1_518' title='bbox 2822 4115 3201 4183; x_wconf 79' lang='lat' dir='ltr'><strong>llumiliati</strong></span> <span class='ocrx_word' id='word_1_519' title='bbox 3234 4130 3398 4185; x_wconf 82' lang='lat' dir='ltr'><strong>sem!</strong></span> <span class='ocrx_word' id='word_1_520' title='bbox 3433 4121 3563 4187; x_wconf 78' lang='lat' dir='ltr'><strong>sub</strong></span> <span class='ocrx_word' id='word_1_521' title='bbox 3592 4124 3916 4192; x_wconf 64' lang='lat' dir='ltr'><strong>inanibus</strong></span> <span class='ocrx_word' id='word_1_522' title='bbox 3943 4152 4202 4197; x_wconf 76' lang='lat' dir='ltr'><strong>eorum.</strong></span> <span class='ocrx_word' id='word_1_523' title='bbox 4241 4130 4376 4200; x_wconf 75' lang='lat' dir='ltr'><strong>Ua·</strong></span> 
     </span>
     <span class='ocr_line' id='line_1_83' title="bbox 2822 4221 4370 4306; baseline 0.012 -18"><span class='ocrx_word' id='word_1_524' title='bbox 2822 4221 2980 4292; x_wconf 65' lang='lat' dir='ltr'><strong>nivi.</strong></span> <span class='ocrx_word' id='word_1_525' title='bbox 3025 4245 3120 4298; x_wconf 84' lang='grc' dir='ltr'><strong>ιιι.</strong></span> <span class='ocrx_word' id='word_1_526' title='bbox 3164 4227 3249 4293; x_wconf 73' lang='grc'><strong>37</strong></span> <span class='ocrx_word' id='word_1_527' title='bbox 3286 4231 3588 4295; x_wconf 72' lang='lat' dir='ltr'><strong>:Sumus</strong></span> <span class='ocrx_word' id='word_1_528' title='bbox 3615 4229 3913 4299; x_wconf 73' lang='lat' dir='ltr'><strong>humiles</strong></span> <span class='ocrx_word' id='word_1_529' title='bbox 3945 4237 4012 4301; x_wconf 81' lang='lat' dir='ltr'><strong>in</strong></span> <span class='ocrx_word' id='word_1_530' title='bbox 4054 4239 4370 4306; x_wconf 75' lang='lat' dir='ltr'><strong>weit-ersa</strong></span> 
     </span>
     <span class='ocr_line' id='line_1_84' title="bbox 2821 4331 4185 4428; baseline 0.012 -32"><span class='ocrx_word' id='word_1_531' title='bbox 2821 4340 3001 4396; x_wconf 84' lang='lat' dir='ltr'><strong>terra</strong></span> <span class='ocrx_word' id='word_1_532' title='bbox 3030 4331 3234 4399; x_wconf 79' lang='lat' dir='ltr'><strong>hodie</strong></span> <span class='ocrx_word' id='word_1_533' title='bbox 3281 4346 3565 4424; x_wconf 75' lang='lat' dir='ltr'><strong>propter</strong></span> <span class='ocrx_word' id='word_1_534' title='bbox 3610 4349 3891 4428; x_wconf 78' lang='lat' dir='ltr'><strong>peccata</strong></span> <span class='ocrx_word' id='word_1_535' title='bbox 3929 4353 4185 4412; x_wconf 80' lang='lat' dir='ltr'><strong>nostra.</strong></span> 
     </span>
    </p>

    <p class='ocr_par' dir='ltr' id='par_1_16' title="bbox 2815 4440 4373 5292">
     <span class='ocr_line' id='line_1_85' title="bbox 2916 4440 4362 4539; baseline 0.017 -40"><span class='ocrx_word' id='word_1_536' title='bbox 2916 4467 2948 4499; x_wconf 71' lang='grc' dir='ltr'>ι</span> <span class='ocrx_word' id='word_1_537' title='bbox 2983 4440 3076 4506; x_wconf 76' lang='grc' dir='ltr'><strong>ΕΙ</strong></span> <span class='ocrx_word' id='word_1_538' title='bbox 3104 4440 3450 4527; x_wconf 77' lang='lat' dir='ltr'><strong>infirmati</strong></span> <span class='ocrx_word' id='word_1_539' title='bbox 3475 4454 3661 4519; x_wconf 66' lang='lat' dir='ltr'><strong>secret,</strong></span> <span class='ocrx_word' id='word_1_540' title='bbox 3698 4470 3732 4508; x_wconf 72' lang='grc' dir='ltr'><strong>ι</strong></span> <span class='ocrx_word' id='word_1_541' title='bbox 3764 4470 4072 4539; x_wconf 83' lang='lat' dir='ltr'><strong>corpore.</strong></span> <span class='ocrx_word' id='word_1_542' title='bbox 4113 4451 4362 4523; x_wconf 65' lang='lat' dir='ltr'><strong>Ttmm.</strong></span> 
     </span>
     <span class='ocr_line' id='line_1_86' title="bbox 2820 4549 4372 4636; baseline 0.01 -21"><span class='ocrx_word' id='word_1_543' title='bbox 2820 4569 2867 4625; x_wconf 85' lang='grc' dir='ltr'><strong>ι,</strong></span> <span class='ocrx_word' id='word_1_544' title='bbox 2917 4549 2993 4616; x_wconf 67' lang='grc'><strong>14</strong></span> <span class='ocrx_word' id='word_1_545' title='bbox 3030 4571 3046 4616; x_wconf 76' lang='lat'>2</span> <span class='ocrx_word' id='word_1_546' title='bbox 3081 4549 3449 4636; x_wconf 73' lang='lat' dir='ltr'><strong>Infirmata</strong></span> <span class='ocrx_word' id='word_1_547' title='bbox 3505 4563 3603 4619; x_wconf 83' lang='lat' dir='ltr'><strong>est</strong></span> <span class='ocrx_word' id='word_1_548' title='bbox 3641 4555 3858 4622; x_wconf 77' lang='lat' dir='ltr'><strong>virtus</strong></span> <span class='ocrx_word' id='word_1_549' title='bbox 3911 4580 4061 4624; x_wconf 84' lang='lat' dir='ltr'><strong>mea</strong></span> <span class='ocrx_word' id='word_1_550' title='bbox 4101 4582 4124 4625; x_wconf 92' lang='lat'><strong>.·</strong></span> <span class='ocrx_word' id='word_1_551' title='bbox 4180 4560 4372 4632; x_wconf 77' lang='lat' dir='ltr'><strong>dedit</strong></span> 
     </span>
     <span class='ocr_line' id='line_1_87' title="bbox 2821 4661 4373 4763; baseline 0.008 -36"><span class='ocrx_word' id='word_1_552' title='bbox 2821 4685 2925 4727; x_wconf 84' lang='lat' dir='ltr'><strong>me</strong></span> <span class='ocrx_word' id='word_1_553' title='bbox 2955 4662 3294 4729; x_wconf 78' lang='lat' dir='ltr'><strong>Dominus</strong></span> <span class='ocrx_word' id='word_1_554' title='bbox 3326 4661 3396 4729; x_wconf 80' lang='lat' dir='ltr'><strong>in</strong></span> <span class='ocrx_word' id='word_1_555' title='bbox 3452 4686 3665 4732; x_wconf 73' lang='lat' dir='ltr'><strong>mavm</strong></span> <span class='ocrx_word' id='word_1_556' title='bbox 3705 4666 3792 4734; x_wconf 88' lang='lat' dir='ltr'><strong>de</strong></span> <span class='ocrx_word' id='word_1_557' title='bbox 3816 4690 3957 4757; x_wconf 79' lang='lat' dir='ltr'><strong>qua</strong></span> <span class='ocrx_word' id='word_1_558' title='bbox 4003 4692 4137 4737; x_wconf 79' lang='lat' dir='ltr'><strong>non</strong></span> <span class='ocrx_word' id='word_1_559' title='bbox 4179 4682 4373 4763; x_wconf 85' lang='lat' dir='ltr'><strong>pote-</strong></span> 
     </span>
     <span class='ocr_line' id='line_1_88' title="bbox 2819 4767 4365 4867; baseline 0.01 -34"><span class='ocrx_word' id='word_1_560' title='bbox 2819 4792 2894 4835; x_wconf 89' lang='lat' dir='ltr'><strong>ro</strong></span> <span class='ocrx_word' id='word_1_561' title='bbox 2919 4791 3218 4858; x_wconf 75' lang='lat' dir='ltr'><strong>suryere.</strong></span> <span class='ocrx_word' id='word_1_562' title='bbox 3265 4767 3430 4837; x_wconf 78' lang='lat' dir='ltr'><strong>llaec</strong></span> <span class='ocrx_word' id='word_1_563' title='bbox 3460 4770 3842 4853; x_wconf 74' lang='lat' dir='ltr'><strong>infirmitas,</strong></span> <span class='ocrx_word' id='word_1_564' title='bbox 3875 4773 3959 4843; x_wconf 88' lang='lat' dir='ltr'><strong>de</strong></span> <span class='ocrx_word' id='word_1_565' title='bbox 3990 4800 4124 4867; x_wconf 85' lang='lat' dir='ltr'><strong>qua</strong></span> <span class='ocrx_word' id='word_1_566' title='bbox 4148 4778 4365 4849; x_wconf 77' lang='lat' dir='ltr'><strong>David</strong></span> 
     </span>
     <span class='ocr_line' id='line_1_89' title="bbox 2817 4876 4368 4970; baseline 0.007 -26"><span class='ocrx_word' id='word_1_567' title='bbox 2817 4899 3022 4966; x_wconf 86' lang='lat' dir='ltr'><strong>supra</strong></span> <span class='ocrx_word' id='word_1_568' title='bbox 3059 4876 3654 4970; x_wconf 83' lang='lat' dir='ltr'><strong>conquerebatur:</strong></span> <span class='ocrx_word' id='word_1_569' title='bbox 3697 4881 3890 4949; x_wconf 81' lang='lat' dir='ltr'><strong>Sana</strong></span> <span class='ocrx_word' id='word_1_570' title='bbox 3935 4905 4066 4965; x_wconf 83' lang='lat' dir='ltr'><strong>me,</strong></span> <span class='ocrx_word' id='word_1_571' title='bbox 4117 4887 4368 4955; x_wconf 87' lang='lat' dir='ltr'><strong>Domi·-</strong></span> 
     </span>
     <span class='ocr_line' id='line_1_90' title="bbox 2817 4987 4367 5086; baseline 0.007 -33"><span class='ocrx_word' id='word_1_572' title='bbox 2817 5011 2923 5063; x_wconf 74' lang='grc' dir='ltr'><strong>ηε,</strong></span> <span class='ocrx_word' id='word_1_573' title='bbox 2955 4988 3286 5077; x_wconf 79' lang='lat' dir='ltr'><strong>quoniam</strong></span> <span class='ocrx_word' id='word_1_574' title='bbox 3328 4987 3647 5075; x_wconf 78' lang='lat' dir='ltr'><strong>infirmus</strong></span> <span class='ocrx_word' id='word_1_575' title='bbox 3667 5009 3821 5057; x_wconf 79' lang='lat' dir='ltr'><strong>sum</strong></span> <span class='ocrx_word' id='word_1_576' title='bbox 3857 4993 3901 5058; x_wconf 89' lang='lat'><strong>¹.</strong></span> <span class='ocrx_word' id='word_1_577' title='bbox 3947 5019 3979 5055; x_wconf 74' lang='grc' dir='ltr'><strong>α</strong></span> <span class='ocrx_word' id='word_1_578' title='bbox 4033 4995 4171 5063; x_wconf 83' lang='lat' dir='ltr'><strong>Nec</strong></span> <span class='ocrx_word' id='word_1_579' title='bbox 4219 4997 4367 5086; x_wconf 76' lang='lat' dir='ltr'><strong>suit</strong></span> 
     </span>
     <span class='ocr_line' id='line_1_91' title="bbox 2815 5092 4366 5187; baseline 0.008 -27"><span class='ocrx_word' id='word_1_580' title='bbox 2815 5095 2940 5185; x_wconf 80' lang='lat' dir='ltr'><strong>qui</strong></span> <span class='ocrx_word' id='word_1_581' title='bbox 2984 5092 3383 5182; x_wconf 77' lang='lat' dir='ltr'><strong>adjuvaret,</strong></span> <span class='ocrx_word' id='word_1_582' title='bbox 3440 5121 3472 5158; x_wconf 72' lang='grc' dir='ltr'><strong>ι</strong></span> <span class='ocrx_word' id='word_1_583' title='bbox 3506 5104 3569 5162; x_wconf 80' lang='lat' dir='ltr'><strong>et</strong></span> <span class='ocrx_word' id='word_1_584' title='bbox 3645 5106 3922 5187; x_wconf 81' lang='lat' dir='ltr'><strong>propter</strong></span> <span class='ocrx_word' id='word_1_585' title='bbox 3984 5097 4114 5168; x_wconf 86' lang='lat' dir='ltr'><strong>boc</strong></span> <span class='ocrx_word' id='word_1_586' title='bbox 4174 5101 4366 5172; x_wconf 88' lang='lat' dir='ltr'><strong>labor</strong></span> 
     </span>
     <span class='ocr_line' id='line_1_92' title="bbox 2818 5197 4368 5292; baseline 0.008 -27"><span class='ocrx_word' id='word_1_587' title='bbox 2818 5220 3059 5289; x_wconf 83' lang='lat' dir='ltr'><strong>parum</strong></span> <span class='ocrx_word' id='word_1_588' title='bbox 3099 5197 3375 5289; x_wconf 83' lang='lat' dir='ltr'><strong>profuit,</strong></span> <span class='ocrx_word' id='word_1_589' title='bbox 3446 5208 3513 5265; x_wconf 84' lang='lat' dir='ltr'><strong>et</strong></span> <span class='ocrx_word' id='word_1_590' title='bbox 3567 5198 3721 5290; x_wconf 84' lang='lat' dir='ltr'><strong>plus</strong></span> <span class='ocrx_word' id='word_1_591' title='bbox 3786 5206 4118 5292; x_wconf 81' lang='lat' dir='ltr'><strong>gravavit.</strong></span> <span class='ocrx_word' id='word_1_592' title='bbox 4189 5206 4368 5277; x_wconf 83' lang='lat' dir='ltr'><strong>Nota</strong></span> 
     </span>
    </p>
   </div>
   <div class='ocr_carea' id='block_1_12' title="bbox 2819 5453 3516 5511">
    <p class='ocr_par' dir='ltr' id='par_1_17' title="bbox 2819 5453 3516 5511">
     <span class='ocr_line' id='line_1_93' title="bbox 2819 5453 3516 5511; baseline 0 0"><span class='ocrx_word' id='word_1_593' title='bbox 2819 5453 3041 5511; x_wconf 55' lang='lat' dir='ltr'><strong>nabata</strong></span> <span class='ocrx_word' id='word_1_594' title='bbox 3066 5459 3197 5509; x_wconf 69' lang='lat' dir='ltr'><strong>runt</strong></span> <span class='ocrx_word' id='word_1_595' title='bbox 3225 5468 3347 5510; x_wconf 75' lang='lat' dir='ltr'><strong>oua</strong></span> <span class='ocrx_word' id='word_1_596' title='bbox 3375 5468 3516 5511; x_wconf 78' lang='lat' dir='ltr'><strong>mea.</strong></span> 
     </span>
    </p>
   </div>
  </div>
 </body>
</html>
