5008 6329
1943 394 2652 467 COMMENTARIUS
2702 392 2793 459 IN
2844 389 3279 459 PSALMUM
3329 390 3635 459 cxvlll.

1796 993 1996 1066 Sarma
2027 993 2146 1087 (g)

1194 1432 1656 1525 137.Justus
1714 1452 1817 1515 ες,
1901 1428 2240 1514 Domine,
2316 1445 2385 1497 ct
2460 1445 2735 1496 rectum

1449 1537 1807 1628 judicium
1840 1555 2080 1608 tuum.

1185 1648 1341 1718 1382
1398 1645 1766 1716 Mandasti
1863 1645 2220 1735 justitiam
2317 1640 2735 1712 testimonia

1442 1771 1594 1834 tua,
1647 1771 1719 1823 ct
1741 1753 2128 1824 veritatem
2159 1768 2360 1821 tuam
2397 1748 2643 1818 nimis.

1191 1862 1345 1954 ¹39·
1399 1861 1808 1931 Tabescere
1864 1882 1981 1931 me
2031 1858 2195 1929 fecit
2240 1858 2437 1927 zelus
2498 1877 2730 1930 meus,

4284 389 4410 459 317

2853 563 3202 650 anqustia.
3243 587 3274 620 n
3315 558 3595 639 Quinto,
3665 563 3947 651 aequitas
3998 561 4062 625 in
4094 560 4405 648 judican-

2851 668 2964 745 d0‚
3025 675 3099 733 ut
3152 689 3288 733 non
3345 667 3432 733 sit
3486 670 3784 757 acceptio
3843 690 4289 759 personarum
4332 668 4400 732 in

2845 776 3131 862 judicic,
3187 777 3306 855 ibi,
3367 784 3427 852 5.
3492 778 3661 842 144:
3709 780 4044 868 AEquitas
4092 779 4403 845 testimo-

2849 885 2992 950 ηἱα.
3033 909 3067 948 x·

2937 990 3013 1057 In
3050 993 3267 1081 prima
3296 992 3457 1060 duo.
3502 993 3760 1074 Primo,
3788 995 3983 1083 quasi
4012 992 4394 1061 accusando

2846 1121 2918 1165 sc
2957 1099 3386 1167 confitetctur
3434 1100 3650 1168 Deum
3680 1123 3828 1169 csso
3859 1102 4151 1190 justum,
4187 1100 4394 1168 ctiam

2845 1229 2999 1273 cum
3050 1206 3290 1297 affligit
3359 1207 3578 1275 illum.
3647 1209 3993 1292 Secundo,
4068 1208 4396 1299 probatur

2845 1312 3030 1402 quod
3059 1336 3219 1381 vere
3249 1316 3337 1381 sit
3356 1316 3607 1403 justus,
3642 1315 3760 1395 ibi,
3806 1346 3839 1378 α
3864 1319 3962 1383 Et
3991 1316 4397 1406 reclumju-

2844 1421 3126 1488 dicium.
3166 1449 3201 1485 >³

2933 1742 3293 1835 Dicitcrgo
3330 1766 3344 1811 :
3385 1742 3521 1822 Sic,
3568 1743 3860 1812 Domino
3902 1745 4119 1835 ,ploro
4165 1744 4391 1813 abun-

2841 1848 3104 1930 danter,
3131 1851 3448 1941 quianon
3470 1851 3959 1933 custodie-runt,
3991 1851 4100 1920 vel
4132 1851 4387 1920 inimici

1445 1967 1618 2060 quia
1657 1967 1870 2037 obliti
1930 1982 2102 2037 sunt
2145 1963 2360 2035 verba
2430 1981 2552 2033 tua
2593 1961 2738 2031 ini·
2840 1957 3000 2037 mei,
3042 1956 3149 2025 vol
3186 1958 3312 2048 ipsi
3337 1957 3514 2026 oculi
3568 1959 3725 2041 mei,
3771 1959 3991 2051 legem
4033 1966 4220 2027 tuam
4258 1981 4274 2026 ε
4322 1967 4390 2027 et

1445 2097 1617 2147 mici
1668 2096 1842 2145 mci.

1184 2205 1340 2272 ¹40·
1397 2181 1725 2274 Ignitum
1779 2177 2157 2272 eloquium
2233 2197 2443 2250 tuum
2515 2176 2734 2247 vehe-

1441 2306 1751 2370 menter,
1814 2305 1884 2359 et
1942 2310 2194 2360 servus
2252 2304 2420 2357 tuus
2482 2283 2730 2355 dilexit

1449 2395 1657 2466 inud.

1180 2528 1331 2595 14¹·
1388 2504 2001 2577 Adolescentulus
2044 2526 2209 2577 sum
2252 2527 2389 2596 ego
2428 2520 2496 2575 et
2550 2525 2729 2572 con-

1430 2631 1758 2708 temptus
1780 2639 1796 2683 :
1822 2613 2376 2706 justificationes
2403 2631 2560 2684 tuas
2576 2633 2721 2682 non

1432 2745 1604 2794 sum
1637 2724 1943 2795 oblitus.

1176 2850 1329 2918 ¹42·
1383 2829 1680 2902 Justitia
1707 2847 1858 2912 tua,
1895 2829 2168 2921 justitia
2204 2828 2275 2900 in
2339 2847 2716 2905 aeternum.

1430 2954 1500 3008 et
1532 2937 1649 3009 lex
1689 2955 1814 3010 tua
1842 2938 2131 3009 veritas.

1172 3051 1326 3140 ¹43·
1359 3046 1780 3120 Tribulntio
1809 3064 1881 3119 et
1919 3045 2252 3140 angustia
2286 3043 2717 3116 invenerunt

1426 3181 1544 3231 me
1614 3180 1634 3232 z
1711 3156 2059 3229 mandata
2143 3172 2266 3227 tua
2340 3153 2717 3226 meditatio

1429 3288 1593 3338 mea
1631 3283 1769 3337 est.

1168 3395 1322 3464 144·
1373 3372 1713 3467 AEquitas
1762 3370 2182 3444 testimonia
2229 3389 2351 3442 tua
2392 3369 2464 3441 in
2507 3388 2720 3442 aeter-

1423 3504 1656 3554 num:
1710 3481 2164 3553 intellectum
2226 3480 2314 3551 da
2384 3479 2595 3559 mihi,
2646 3496 2716 3551 et

1424 3591 1681 3664 vitam.

1766 4123 2092 4220 unam).

1238 4543 1541 4611 ..Iustus
1605 4564 1701 4622 es,
1749 4543 2063 4612 Domine.
2111 4570 2145 4610 ι
2204 4544 2452 4615 Actum
2502 4547 2708 4616 estin

1135 4655 1329 4740 parto
1375 4648 1795 4740 praeccdcnti
1843 4649 1929 4720 dc
1978 4650 2251 4721 I‘raelnti
2299 4651 2710 4745 perfectione

1136 4756 1209 4825 in
1231 4778 1330 4839 se,
1375 4753 1488 4825 hic
1507 4758 2034 4849 comparatione
2072 4758 2161 4829 ad
2187 4758 2385 4841 alios,
2408 4759 2493 4828 ad
2523 4761 2709 4853 quod

1134 4872 1558 4934 concurrunt
1588 4865 1922 4958 quinquo.
1967 4866 2232 4950 Primo.
2281 4867 2387 4939 sui
2419 4891 2706 4939 accusa-

1134 4972 1231 5041 tio
1263 4994 1496 5042 coram
1527 4971 1705 5054 Deo,
1738 4973 1850 5044 vel
1899 4974 2147 5045 melius
2190 4977 2567 5068 recognitio
2609 4977 2708 5047 di-

1128 5080 1310 5149 vinae
1331 5079 1644 5170 justitiae.
1692 5081 2042 5164 Secundo,
2098 5083 2369 5153 fervens
2395 5084 2605 5166 zelus,
2638 5094 2708 5155 ct

1127 5183 1404 5254 dilectio
1427 5184 2008 5278 delinquentium,
2041 5187 2163 5271 ibi,
2186 5197 2252 5267 5.
2293 5191 2418 5261 139
2448 5213 2474 5260 .·
2511 5216 2547 5257 ι
2584 5193 2708 5260 Τα-

1130 5290 1391 5362 bescere
1428 5316 1539 5363 me
1587 5295 1781 5385 lecit.
1818 5323 1852 5359 »ι
1913 5294 2172 5378 Tertio,
2230 5296 2590 5368 humilitas
2636 5306 2706 5368 ot

1123 5400 1231 5469 sui
1271 5399 1603 5490 defectus,
1636 5412 1707 5473 ct
1763 5404 2145 5495 recognitio
2206 5413 2275 5476 ct
2330 5405 2698 5489 confessio,

1123 5506 1248 5595 ibi,
1278 5509 1498 5586 1141
1537 5530 1556 5579 τ
1621 5538 1659 5578 ι
1691 5511 2290 5583 Adolescenlulus.
2329 5540 2364 5578 ιο
2408 5513 2695 5597 Quarto,

1127 5619 1647 5707 perseverantia
1704 5620 1776 5688 in
1840 5620 2057 5702 bono,
2126 5620 2199 5690 in
2261 5621 2698 5696 tribulatione

1130 5731 1200 5794 ct
1235 5725 1587 5818 angustia,
1623 5726 1745 5810 ibi,
1786 5734 1852 5804 ᾗ.
1910 5726 2039 5795 143
2083 5750 2102 5798 ε
2138 5754 2174 5795 ι
2220 5728 2602 5799 Tribulalio
2631 5742 2699 5802 el

2840 2087 2977 2133 non
3001 2074 3101 2134 cst
3141 2068 3417 2144 mirum,
3452 2068 3638 2158 quia,
3666 2090 3707 2135 o
3741 2094 3776 2131 α
3800 2068 4119 2146 Domine,
4143 2066 4389 2157 justus

2835 2196 2927 2252 es,
2974 2197 3005 2238 ι
3063 2174 3478 2242 testimonio.
3529 2174 3781 2242 Jcrern.
3841 2197 3959 2253 xu,
4001 2175 4026 2240 1
4096 2177 4390 2243 :Justus

2832 2281 3108 2372 quidem
3140 2290 3216 2349 tec
3245 2306 3335 2360 οε,
3396 2283 3712 2360 Domine,
3768 2283 3832 2349 si
3905 2280 4245 2373 disputem
4286 2292 4390 2350 te-

2829 2412 3009 2457 cum.
3042 2391 3284 2457 ,Iustus
3333 2391 3400 2456 in
3451 2389 3679 2471 corde,
3715 2391 3875 2481 qnia
3897 2390 4231 2478 justitiam
4290 2388 4389 2457 di-

2828 2495 3006 2587 ligis,
3045 2496 3295 2588 Supra,
3329 2499 3396 2565 in
3467 2497 3647 2565 l'snl.
3700 2519 3770 2579 x,
3830 2500 3871 2566 8
3917 2520 3933 2565 ε
3982 2500 4226 2566 ,Iustus
4246 2500 4387 2565 Do-

2828 2607 3080 2685 minus,
3151 2617 3216 2674 et
3270 2607 3598 2695 justitias
3652 2607 3926 2675 dilexit.
4004 2609 4249 2678 Iustus
4315 2609 4384 2674 in

2826 2736 2969 2793 oro,
3004 2714 3167 2805 qnia
3190 2714 3526 2802 justitiam
3560 2713 3884 2804 loqueris,
3912 2713 4043 2781 Isa.
4078 2735 4261 2793 ann,
4299 2716 4323 2781 1
4364 2735 4379 2780 :

2828 2823 2977 2912 lz'yn
3007 2823 3133 2912 qui
3172 2821 3421 2913 loquor
3472 2822 3859 2911 justitiam,
3900 2832 3965 2889 el
3987 2844 4385 2914 pmpufflm·

2822 2941 2930 2997 tor
2954 2953 3110 2998 sum
3147 2930 3246 2997 ad
3276 2930 3717 2999 salvandum.
3748 2932 3996 2998 Juslaees
4039 2931 4108 2998 in
4149 2953 4380 3021 opero,

2824 3037 2982 3129 quia
3025 3037 3205 3127 justa
3263 3061 3532 3129 semper
3593 3046 3660 3106 ct
3711 3037 3897 3126 juste
3947 3038 4135 3108 sacis.
4191 3036 4377 3105 l‘snl.

2821 3169 3039 3230 cxuv,
3091 3147 3168 3215 13
3212 3169 3229 3214 :
3271 3148 3514 3216 Justus
3562 3146 3900 3217 Dominus
3944 3147 4013 3215 in
4063 3145 4383 3216 omuibus

2820 3255 2948 3322 viis
2977 3256 3145 3323 suis.
3177 3254 3278 3322 Tu
3309 3278 3380 3324 cs
3422 3279 3585 3347 crgo
3625 3256 3851 3345 justus
3903 3255 4041 3338 itte,
4085 3254 4167 3323 dc
4208 3279 4378 3348 quo,

2822 3360 2949 3430 Isa.
2987 3385 3147 3443 tvn,
3187 3364 3214 3430 1
3255 3384 3274 3432 :
3314 3366 3557 3432 Justus
3591 3366 3798 3457 perit,
3830 3374 3896 3432 et
3941 3386 4075 3429 non
4115 3372 4214 3430 est
4250 3366 4381 3455 qui

2819 3472 3141 3561 recoqitet
3170 3472 3241 3539 in
3296 3471 3497 3539 corde
3538 3495 3684 3539 suo.
3740 3470 3822 3537 Et
3869 3479 4050 3539 recto
4088 3478 4375 3540 vocatus

2804 3574 3069 3666 justus.
3115 3575 3372 3645 Jorcm.
3423 3599 3613 3655 xxm,
3646 3579 3738 3644 6:
3787 3576 3934 3644 Iloc
3982 3586 4080 3643 est
4124 3597 4369 3643 nomen

2814 3680 3004 3773 quod
3072 3679 3407 3749 vocabunt
3476 3703 3654 3759 eum,
3734 3682 4075 3749 Dominus
4125 3679 4370 3770 justus

2813 3798 3061 3858 noster.
3106 3789 3435 3858 l'roverb.
3504 3811 3625 3868 χιι,
3670 3791 3756 3857 26
3800 3811 3818 3858 :
3883 3790 4019 3874 Qui
4070 3787 4373 3880 neqle'qit

2813 3894 3146 3963 damnum
3196 3905 3478 3988 propter
3559 3897 3883 3975 amicum,
3943 3894 4187 3986 justus
4240 3906 4366 3965 est.

2815 4003 2967 4095 Ipso
2998 4027 3165 4072 vero
3203 4025 3344 4072 non
3392 4012 3658 4073 tantum
3706 4013 3984 4097 propter
4035 4005 4364 4084 amicum,

2813 4110 2934 4180 sed
2969 4119 3250 4203 propter
3278 4112 3632 4180 inimicum
3673 4114 3908 4182 ctiam.

2908 4357 2941 4391 «
2983 4330 3078 4397 Εἰ
3124 4340 3377 4399 rectum
3413 4330 3794 4421 judicium.
3841 4357 3877 4395 ι
3952 4331 4080 4401 llic
4123 4353 4372 4399 secun-

2813 4434 3005 4522 dum,
3065 4436 3135 4505 in
3193 4460 3331 4529 quo
3386 4437 3630 4528 probat
3673 4439 4007 4506 veraciter
4071 4438 4368 4527 justum.

2812 4566 2935 4634 per
2971 4544 3102 4612 trin
3139 4566 3292 4635 quae
3322 4547 3656 4613 veraciter
3683 4547 3948 4635 justum
3980 4545 4279 4639 probant
4305 4554 4374 4615 ct

2812 4648 3204 4719 ostendunt.
3268 4649 3577 4719 Primum
3631 4660 3731 4720 est
3788 4651 4074 4719 interior
4109 4651 4373 4721 diserc-

2813 4756 2908 4824 tio
2964 4755 3034 4824 in
3092 4755 3540 4825 discernendo
3597 4759 3863 4827 nnc-rita.
3938 4756 4367 4839 Secundum,

2810 4864 3185 4934 voluntatis
3221 4887 3363 4933 sum
3411 4873 3477 4934 et
3522 4864 3949 4936 rectitudinis
3991 4864 4369 4958 publicatio

2811 4996 2896 5044 nc
2927 4996 3133 5065 quem
3162 4981 3436 5042 excuset
3465 4974 3877 5066 ignorantia.
3912 4973 4033 5055 ibi,
4076 4981 4139 5050 ὲ.
4185 4975 4311 5043 138
4348 4996 4365 5043 :

2813 5108 2848 5145 α
2879 5080 3241 5150 Mando-sti
3271 5080 3659 5172 justitiam.
3698 5108 3732 5148 ι
3771 5081 4106 5161 Tertium,
4146 5104 4366 5172 poenae

2807 5185 3266 5280 promulgatio
3294 5190 3353 5256 si
3398 5212 3538 5259 non
3596 5190 3825 5260 feccrit
3881 5187 4065 5281 quod
4102 5197 4365 5259 rectum

2806 5304 2932 5375 cst,
2966 5304 3036 5364 ct
3072 5294 3333 5387 proemii
3375 5294 3430 5363 si
3480 5297 3619 5375 ssat,
3656 5295 3773 5382 ibi,
3808 5324 3841 5358 «
3878 5298 3972 5365 Et
4002 5298 4362 5365 veritatem

2807 5416 3031 5474 tuam.
3068 5430 3102 5470 ι

2893 5541 2927 5574 «
2968 5512 3148 5581 Dicit
3175 5534 3338 5604 orgo
3382 5534 3398 5579 ε
3438 5510 3552 5581 Sic
3580 5511 3730 5582 dico
3781 5512 3966 5606 quod
3996 5513 4227 5604 justus
4256 5536 4355 5596 ee,

2804 5631 2872 5693 ct
2898 5645 3082 5701 vcro,
3118 5622 3278 5715 quia
3318 5647 3354 5688 ι
3393 5632 3457 5690 et
3472 5622 3827 5713 judicium
3887 5633 4109 5707 tuum,
4146 5650 4182 5688 ι
4217 5646 4356 5716 quo

2803 5730 3086 5801 interius
3164 5730 3489 5801 discernis
3573 5733 3739 5826 quid
3803 5730 4175 5825 agendum,
4255 5741 4361 5802 est

4481 1768 4666 1835 137
