5008 6329
689 248 819 316 504

687 420 1083 500 terribilem,
1157 453 1182 485 ιι
1227 434 1287 491 et
1327 424 1734 509 narrabunt,
1772 451 1805 492 n
1843 424 1927 492 ad
1957 423 2229 493 laudem

688 536 902 610 tuam,
961 555 995 597 α
1055 533 1601 626 maqnitudinem
1651 544 1870 616 tuam,
1907 560 1940 601 ι
1976 534 2231 604 scilieet

684 635 956 719 virtutis
1015 646 1173 718 tuae,
1253 640 1332 708 de
1399 663 1534 732 qua
1599 641 1991 732 prolocutus
2046 664 2224 725 sum,

685 742 1185 814 excellentiam.
1227 746 1434 816 Eccli.
1477 769 1663 824 xvnt,
1725 748 1765 812 4
1801 769 1815 813 :
1901 749 2229 814 Virtutem

685 861 918 920 autem
964 854 1469 943 maqnitudinis
1515 854 1668 941 ejus
1707 855 1860 943 quis
1905 854 2227 920 enuntia-

689 957 855 1027 bit?
893 959 1031 1027 Sed
1058 960 1113 1026 si
1154 958 1418 1027 infinita
1465 966 1567 1026 est
1625 958 2026 1050 magnitudo
2077 980 2223 1040 sua,

688 1064 865 1156 sicut
919 1063 1176 1135 dictum
1243 1074 1344 1135 est
1381 1088 1608 1156 supra,
1646 1072 1711 1134 et
1740 1066 2226 1159 magnitudinis

687 1172 835 1262 ejus
872 1194 1012 1239 non
1043 1178 1142 1240 est
1173 1172 1349 1251 finis,
1386 1173 1731 1265 quomodo
1762 1174 2011 1264 poterit
2039 1196 2230 1245 enar-

688 1278 895 1349 rare?
940 1276 1368 1370 Respondeo.
1405 1278 1539 1349 Per
1566 1279 1696 1350 hoe
1734 1280 1918 1374 quod
1970 1289 2224 1350 tactum

686 1393 812 1470 est,
839 1389 999 1478 quia
1029 1387 1401 1459 secundum
1432 1411 1504 1458 se
1552 1390 1696 1480 ejus
1736 1389 2242 1481 magnitudinis

687 1490 825 1558 non
864 1500 966 1560 est
1005 1490 1181 1573 finis,
1242 1492 1358 1560 sed
1391 1514 1528 1561 non
1574 1495 1769 1584 punit
1815 1495 1945 1561 nisi
1990 1516 2236 1562 secun-

685 1598 850 1669 dum
922 1602 1444 1693 possibilitatem
1507 1604 1900 1693 punitorum
1960 1612 2025 1672 et
2089 1626 2229 1673 me-

685 1709 842 1791 rita,
889 1717 959 1780 et
1003 1711 1100 1782 sio
1129 1719 1232 1781 est
1260 1710 1679 1781 enarrabilis.

780 2051 814 2093 α
872 2027 1280 2096 Memoriam
1346 2026 1809 2097 abundantiae.
1850 2052 1883 2093 ι
1944 2027 2074 2097 Hic
2130 2035 2229 2096 est

684 2144 962 2206 octavus
1000 2134 1215 2205 locus.
2087 2149 2088 2152 ’

775 2241 985 2323 Quasi
1052 2243 1298 2312 diceret
1362 2267 1376 2310 :
1433 2242 1546 2312 Sic
1591 2268 1630 2311 a
1695 2242 2227 2334 praecedentibus

682 2350 1083 2432 laudabunt,
1119 2359 1186 2420 ot
1215 2352 1419 2419 etiam
1456 2379 1488 2414 α
1529 2348 1954 2431 eructabunt,
2001 2375 2034 2416 ι
2079 2349 2229 2420 lau-

684 2457 937 2539 dando,
1005 2466 1073 2526 et
1130 2458 1212 2526 de
1275 2457 1495 2526 cordis
1563 2458 2003 2536 abundantia,
2063 2466 2228 2529 tam·

685 2588 893 2658 quam
964 2575 1231 2634 ructum
1295 2565 1722 2656 proferendo.
1794 2564 2036 2634 Matth.
2103 2589 2222 2651 xli,

687 2672 772 2743 34
819 2694 835 2740 :
880 2675 996 2741 Ex
1034 2671 1465 2740 abundantia
1496 2672 1717 2740 cordis
1764 2696 1837 2741 os
1894 2671 2222 2765 quuitur.

689 2806 723 2848 α
818 2782 1226 2850 Memoriam
1322 2779 1764 2848 abundantia·
1863 2783 2229 2850 suavitatis

685 2897 847 2967 tuae,
887 2914 917 2951 υ
963 2887 1192 2956 suavis
1221 2887 1401 2954 enim
1453 2909 1548 2955 σε.
1603 2885 1850 2978 Supra,
1913 2888 1982 2954 in
2040 2886 2222 2956 Psal.

685 3018 939 3077 mcxxv,
974 2997 1014 3067 5
1060 3017 1076 3062 ε
1117 2995 1456 3084 Quoniam
1498 3002 1598 3073 tu,
1639 2995 1948 3072 Domine,
1997 2997 2230 3065 suavis

683 3113 749 3175 et
775 3104 988 3173 mitis.
1022 3100 1325 3193 Sapient.
1372 3123 1517 3180 vm,
1567 3103 1593 3169 1
1647 3103 2061 3194 :Attinqita
2091 3103 2230 3194 fine

685 3236 899 3305 usque
924 3212 1022 3281 ad
1044 3213 1250 3303 finem
1288 3212 1588 3302 sortiter,
1630 3221 1692 3280 et
1739 3212 2041 3303 disponit
2078 3235 2229 3282 om-

682 3322 803 3389 nia
838 3320 1163 3388 suaviter.
1206 3317 1374 3386 Ecce
1403 3319 1755 3386 suavitatis
1786 3319 2224 3400 abundantia,

683 3429 877 3517 cujus
910 3427 1240 3495 memoria
1285 3428 1487 3495 etiam
1567 3428 1796 3494 suavis
1872 3435 1997 3510 est,
2057 3430 2228 3496 sicut

682 3537 907 3604 visum
943 3543 1070 3604 est.
1106 3532 1303 3613 Osee,
1339 3557 1479 3614 xiv,
1515 3534 1555 3602 8
1590 3557 1605 3601 :
1640 3535 2047 3604 Memoriale
2075 3536 2230 3626 ejus

679 3645 898 3714 sicut'
934 3646 1170 3713 vinum
1237 3642 1510 3711 Libani.
1592 3642 1786 3711 Unde
1880 3644 2228 3715 recordata

684 3758 874 3819 tanta
901 3750 1261 3827 suavitate,
1294 3748 1574 3818 tabescit
1597 3750 1761 3841 justi
1801 3751 2028 3818 anima
2060 3750 2232 3820 desi-

682 3857 982 3927 derantis
1010 3857 1324 3948 immergi
1349 3857 1416 3925 in
1446 3856 1780 3925 suavitate
1804 3857 1941 3925 illa.
1974 3856 2222 3928 Thren.

683 3988 780 4048 ιιι,
810 3966 896 4035 20
939 3989 956 4035 :
999 3966 1337 4034 Memoria
1367 3987 1625 4034 memor
1652 3987 1790 4047 ero,
1832 3974 1898 4033 et
1941 3966 2227 4036 tabescet

682 4074 753 4145 in
791 4095 900 4145 me
926 4074 1167 4144 anima
1206 4095 1379 4141 mea.

784 4310 816 4350 ιι
851 4284 948 4353 Et
962 4283 1253 4375 justitia
1282 4293 1431 4354 tua.
1477 4312 1512 4348 a
1556 4283 1726 4355 Ecce
1781 4285 2064 4354 ultimus
2119 4286 2227 4357 lo-

683 4414 802 4463 cus
831 4400 897 4461 et
936 4414 1182 4462 nonus.

770 4500 981 4582 Quasi
1010 4499 1260 4571 diceret
1292 4522 1308 4568 :
1346 4498 1461 4570 Sic
1497 4503 1901 4573 suavitatem
1957 4513 2224 4575 eructa-

678 4608 878 4694 bunt,
911 4631 1066 4703 qum
1096 4614 1352 4701 spectat
1379 4609 1463 4677 ad
1510 4608 1754 4689 bonos,
1806 4612 1983 4681 sicut
2011 4620 2226 4683 terror

680 4717 766 4786 ad
796 4715 1039 4797 malos,
1073 4726 1139 4787 et
1158 4719 1433 4787 terroris
1454 4718 1892 4811 magnitudo:
1930 4747 1960 4784 α
1981 4722 2075 4790 Et
2102 4745 2226 4790 ex-

679 4826 1048 4900 sultabunt
1052 4825 1344 4918 justitia
1365 4838 1515 4914 tua,
1552 4856 1585 4890 »
1617 4827 1684 4896 id
1713 4837 1838 4915 est,
1863 4837 2051 4899 extra
2068 4837 2223 4899 tan-

679 4944 819 5006 tam
846 4932 1271 5028 praetendent
1289 4957 1372 5003 ex
1393 4935 1655 5024 justitia
1685 4934 2013 5020 laetitiam,
2039 4938 2220 5030 quod

678 5070 831 5117 eam
869 5053 1103 5139 aperte
1129 5046 1736 5118 commendabunt.
1777 5048 1861 5117 Et
1882 5050 2219 5139 justitiam

674 5164 894 5238 tuam,
929 5177 1064 5247 qua
1100 5154 1300 5246 punis
1340 5153 1578 5233 malos,
1627 5156 1806 5226 l‘sal.
1861 5181 2018 5241 nvn,
2097 5159 2162 5225 11
2199 5179 2214 5226 :

675 5260 1060 5334 Laetabitur
1071 5264 1318 5356 justus
1337 5285 1491 5331 cum
1526 5263 1769 5333 viderit
1815 5266 2212 5334 vindictam.

673 5369 830 5455 vel,
881 5370 1217 5460 justitiam
1247 5370 1563 5440 cordibus
1592 5372 1733 5440 suis
1783 5373 2074 5442 infusam
2113 5383 2219 5443 at-

674 5478 1053 5559 tendentes,
1086 5486 1153 5547 te
1188 5476 1585 5558 laudabunt,
1629 5482 1742 5573 qui
1777 5479 1964 5549 illam
2029 5480 2220 5551 dedi-

673 5589 786 5667 sti.
813 5586 917 5663 Ad
938 5586 1226 5664 Roman.
1267 5611 1362 5677 ιιι,
1394 5590 1479 5660 30
1515 5612 1530 5658 ;
1577 5593 1761 5677 Quos
1781 5592 2067 5673 vocavit,
2098 5591 2220 5661 lios

1668 248 1749 316 D.
1803 249 2002 316 ALB.
2057 248 2271 316 MAG.
2325 247 2528 318 ORD.
2588 246 2881 314 PRAED.

2335 433 2397 491 et
2430 422 2867 512 justificavit.
2905 419 3057 498 Vel,
3105 418 3594 488 retribuentem
3646 443 3892 488 secun-

2335 534 2496 602 dum
2529 535 2793 615 merita,
2832 533 3032 622 juxta
3089 529 3259 597 illud
3313 527 3555 598 Matth.
3638 552 3750 606 xx,
3788 531 3882 595 4:

2333 645 2436 729 Ite
2470 653 2531 710 et
2560 665 2673 710 vos
2715 643 2786 708 in
2823 642 3093 707 vineam
3143 661 3395 718 meam,
3439 647 3503 705 et
3541 636 3731 727 quod
3764 636 3890 724 ju-

2330 762 2512 820 stum
2540 752 2778 840 fuerit,
2825 749 3001 816 dabo
3032 748 3244 816 vobis,

2424 1074 2867 1162 «miserator
2908 1083 2971 1140 et
3013 1074 3422 1141 misericors.
3486 1103 3520 1136 »
3592 1073 3720 1142 Hic
3786 1083 3887 1140 est

2332 1183 2528 1249 tertia
2547 1202 2701 1272 pars
2731 1178 3015 1262 Psalmi,
3053 1182 3122 1247 in
3156 1202 3292 1272 qua
3318 1178 3613 1271 explicat
3641 1189 3708 1249 et
3736 1203 3885 1272 pro·
3917 1200 4238 1299 'reg‘it'gim

2334 1290 2525 1381 ponit
2561 1291 2748 1358 locos
2779 1289 3146 1381 dispositos
3176 1289 3597 1381 diligentiuS,
3629 1297 3697 1358 et
3723 1312 3890 1381 pro-

2333 1400 2556 1470 lixius.
2596 1399 2682 1469 Et
2720 1399 2970 1490 prim0‚
3004 1398 3303 1489 explicat
3342 1399 3668 1491 primum,
3732 1406 3890 1466 tan·

2331 1527 2497 1596 gens
2538 1505 2721 1596 quod
2757 1506 3052 1593 pertinet
3082 1503 3169 1571 ad
3198 1527 3372 1595 opus
3425 1507 3883 1574 recreationis.

2335 1611 2675 1691 SecundO,
2729 1612 3122 1692 creationis»,
3185 1611 3303 1695 ibi,
3370 1640 3403 1675 «
3463 1615 3560 1680 Et
3632 1613 3892 1680 miscri-

2331 1742 2496 1787 cors.
2536 1745 2567 1781 »ι

2419 1827 2536 1895 Ait
2574 1829 2756 1897 enim
2790 1849 2805 1893 :
2852 1827 2967 1898 Sic
3006 1825 3174 1909 dixi,
3239 1827 3427 1919 quod
3484 1826 3886 1908 laudabunt,

2331 1938 2663 2007 rationem
2707 1936 2929 2006 laudis
2950 1936 3288 2006 sumendo
3321 1934 3406 2005 ab
3446 1938 3795 2029 operibuS,
3828 1946 3894 2007 ct

2332 2045 2615 2137 dignum
2647 2052 2774 2125 est,
2817 2045 2980 2136 quia
3019 2072 3050 2109 α
3087 2044 3432 2113 Dominus
3465 2069 3497 2110 ι
3532 2052 3637 2113 est
3671 2074 3703 2107 α
3760 2049 3893 2113 mi-

2330 2161 2615 2232 serator,
2661 2179 2692 2215 n
2752 2154 2821 2219 in
2869 2160 3022 2221 actu
3081 2151 3624 2221 misericordiam
3695 2152 3895 2222 exhi-

2332 2260 2582 2337 bendo,
2620 2259 2804 2352 quod
2837 2260 2997 2329 facit
3022 2282 3182 2328 cum
3227 2281 3358 2328 nos
3404 2269 3688 2347 recreat,
3757 2285 3791 2327 α
3831 2272 3896 2329 et

2334 2370 2739 2450 misericors,
2775 2395 2807 2429 »
2855 2375 2977 2458 p'er
3004 2373 3321 2435 naturam
3352 2370 3726 2459 propriam,
3759 2392 3890 2459 qua

2331 2501 2458 2548 nos
2508 2477 2783 2544 creavit.
2846 2475 2946 2543 De
3011 2476 3264 2565 primo,
3337 2474 3467 2544 lsa.
3530 2499 3709 2555 κως,
3746 2478 3825 2545 10
3872 2500 3887 2545 :

2330 2587 2698 2654 Mis-erutor
2732 2606 2965 2651 eorum
3000 2591 3186 2675 reyet
3237 2605 3371 2662 eoS,
3404 2594 3470 2652 et
3516 2584 3615 2652 ad
3668 2586 3894 2676 sontes

2333 2708 2675 2784 aquarum
2711 2691 2986 2783 potabit
3032 2716 3164 2761 eos.
3221 2692 3321 2761 De
3374 2693 3700 2771 secundo,
3754 2692 3889 2762 Isa.

2331 2824 2464 2881 mv,
2507 2801 2583 2869 10
2619 2822 2634 2866 :
2669 2800 3151 2868 Misericordia
3191 2823 3348 2870 mea
3376 2823 3512 2868 non
3563 2799 3819 2869 recedet
3847 2824 3893 2868 a

2331 2916 2417 2976 te.
2460 2904 2636 2986 Quia
2675 2903 2819 2974 haec
2847 2914 2949 2974 est
2990 2915 3235 2975 natura
3287 2929 3436 2986 sua,
3511 2909 3672 3000 quia
3747 2930 3888 2976 non

2331 3020 2552 3104 potest
2591 3012 2974 3104 relinquere
3004 3022 3386 3082 creaturam
3437 3036 3661 3084 suam.

2423 3258 2457 3300 α
2489 3235 2775 3303 Patiens
2798 3242 2863 3301 et
2893 3233 3197 3301 muttum
3238 3231 3647 3303 misericors.
3696 3258 3730 3300 ι
3764 3234 3889 3303 llic

2330 3343 2707 3432 explicatur
2745 3340 2930 3433 quod
2987 3342 3282 3432 pertinet
3332 3340 3417 3409 ad
3477 3346 3883 3433 potentiam,

2332 3455 2394 3517 et
2431 3456 2592 3516 sunt
2651 3448 2811 3517 duo.
2869 3445 3210 3516 Patientia
3268 3457 3335 3517 et
3399 3449 3884 3519 misericordia·

2332 3554 2775 3623 abundanfia.

2420 3661 2626 3742 Quasi
2666 3662 2919 3731 diceret
2958 3682 2976 3732 t
3023 3661 3200 3732 Vere
3254 3664 3460 3731 etiam
3510 3666 3886 3756 potentiam

2329 3777 2517 3837 tuam
2546 3768 3114 3860 pronuntiabunt,
3151 3771 3312 3861 quia
3342 3778 3417 3839 tu
3455 3791 3528 3839 es
3595 3772 3883 3862 patienS.

2331 3873 2644 3944 Potentia
2664 3875 2846 3943 enim
2877 3877 3022 3945 sine
3046 3876 3374 3967 patientia
3397 3876 3589 3945 furor
3607 3885 3732 3946 est.
3769 3877 3891 3947 Ec-

2330 3979 2439 4049 cli.
2472 4005 2542 4060 ν,
2577 3982 2656 4049 4:
2691 3979 3097 4049 Altissimus
3118 3983 3397 4073 patiens
3425 3994 3523 4051 est
3553 3982 3880 4053 redditor.

2329 4088 2435 4157 Ad
2473 4089 2763 4158 Roman.
2801 4112 2873 4167 ιι,
2920 4089 3009 4159 4:
3069 4091 3179 4159 An
3228 4089 3514 4159 divitias
3561 4090 3889 4161 bonitatis

2327 4196 2508 4287 ejus,
2584 4207 2649 4265 et
2723 4198 3105 4289 patientiae,
3184 4207 3250 4266 et
3329 4197 3889 4290 lonqanimitatis

2327 4305 2698 4372 contemnis
2721 4302 2763 4372 ?
2787 4305 3079 4395 Iynoras
3116 4306 3451 4396 quoniam
3501 4305 3887 4396 beniynitas

2326 4408 2459 4477 Dei
2520 4408 2619 4476 ad
2661 4410 3138 4500 poenitentiam
3195 4418 3260 4479 te
3324 4409 3675 4481 adducit?
3714 4437 3749 4478 ι
3797 4415 3886 4481 Et

2328 4516 2626 4584 multum
2658 4518 3065 4603 misericors,
3138 4543 3171 4584 ι
3233 4517 3417 4610 quod
3471 4541 3610 4588 non
3650 4529 3886 4611 posset

2325 4642 2495 4704 esse,
2530 4622 2657 4690 nisi
2708 4631 2885 4692 esset
2939 4622 3274 4692 mirabilis
3318 4624 3672 4716 potentiae.
3752 4622 3883 4693 Sa·-

2324 4728 2536 4819 picnt.
2571 4750 2668 4807 xi,
2712 4729 2799 4797 24
2842 4752 2860 4798 ε
2911 4731 3262 4799 Misereris
3340 4731 3681 4809 omnium,
3713 4733 3882 4823 quia

2325 4837 2558 4905 omnia
2584 4846 2806 4930 potes.

2413 5182 2445 5219 «ι
2471 5156 2725 5225 Suavis
2752 5155 3117 5223 Dominus.
3156 5182 3190 5224 ι
3223 5156 3355 5226 Πίο
3381 5160 3663 5250 exponit
3693 5161 3870 5251 quod

2320 5265 2609 5356 pertinet
2642 5262 2728 5331 ad
2766 5263 3380 5355 magnificentiam,
3414 5274 3481 5334 et
3518 5273 3679 5335 sunt
3709 5266 3869 5336 duo.

2324 5372 2643 5441 Suavitas
2680 5371 3161 5443 misericordia}
3201 5372 3549 5455 exhibitae,
3595 5383 3666 5446 et
3694 5378 3879 5445 mul-

2321 5479 2636 5572 tiplicitas
2694 5480 3061 5551 miserendi
3105 5479 3454 5561 omnibus,
3507 5482 3625 5564 ibi,
3687 5512 3722 5550 σι
3781 5487 3877 5553 Et

2321 5591 2806 5661 miserationes.
2845 5617 2878 5658 »
