5008 6329
1858 391 2568 460 COMMENTARIUS
2617 390 2709 456 IN
2757 389 3190 457 PSALMUM
3241 388 3536 457 CXLIII.

1127 554 1257 622 Isa.
1309 579 1412 636 LV,
1459 560 1535 627 3:
1592 562 1872 629 Feriam
1939 562 2368 630 vobiscum...
2422 563 2685 627 miseri-

1120 666 1396 734 cordias
1446 670 1674 737 David
1713 671 1959 748 fidelis,
1997 670 2106 738 vel
2136 670 2402 758 fideles.
2538 742 2544 749 ⁸

1220 804 1252 837 «
1289 779 1384 844 Et
1415 780 1783 868 resuqium
1814 801 2068 855 meum,
2114 806 2148 841 ι)
2192 802 2301 846 me
2344 778 2426 846 ab
2459 778 2687 868 impu-

1121 885 1449 973 gnatione
1492 884 1762 952 Goliath
1790 887 2287 955 conservandO.
2354 886 2679 954 Proverb.

1124 1012 1318 1062 xvm.
1369 994 1448 1060 10
1485 1014 1499 1057 τ
1541 993 1778 1059 Turris
1805 994 2197 1083 fortissima
2247 1019 2490 1063 rionzen
2544 998 2688 1062 Do-

1120 1100 1321 1175 mini,
1357 1096 1456 1164 ad
1494 1100 1721 1189 ipsum
1751 1103 1971 1169 currit
1990 1101 2263 1192 justus,
2306 1113 2371 1170 et
2413 1102 2686 1169 exalta-

1122 1203 1334 1270 bitur.
1374 1203 1458 1272 Et
1505 1203 1638 1274 hoe
1670 1206 1963 1297 dignum
2016 1217 2183 1288 erat,
2220 1216 2295 1276 ut
2350 1209 2685 1277 Dominus

1115 1311 1305 1379 tieret
1339 1311 1432 1379 illi
1491 1314 1859 1406 refugium,
1900 1339 2105 1407 quem
2158 1317 2303 1406 ipse
2353 1314 2682 1405 refugium

1114 1419 1267 1488 aliis
1346 1422 1796 1512 praeparabat.
1865 1423 1968 1491 De
2038 1425 2183 1513 ipso
2235 1424 2417 1492 enim
2467 1421 2681 1489 David

1111 1528 1375 1618 legitur
1413 1539 1676 1619 postea,
1721 1529 1745 1596 1
1780 1529 1951 1622 Reg.
1995 1554 2164 1610 xxu,
2200 1534 2285 1600 2:
2359 1533 2685 1601 Convene-

1114 1643 1278 1701 runt
1330 1635 1429 1702 ad
1467 1659 1648 1721 eum,
1703 1637 1961 1707 seilicet
2019 1638 2264 1716 David,
2299 1660 2527 1706 omnes
2563 1638 2684 1729 qui

1110 1754 1310 1810 erant
1358 1747 1428 1812 in
1478 1749 1813 1837 anqustia
1858 1747 2240 1827 constituti,
2278 1757 2340 1816 et
2388 1749 2688 1839 oppressi

1115 1875 1250 1920 aere
1290 1855 1548 1934 alieno,
1586 1864 1716 1926 ete.
1928 1926 1932 1930 ⁴

1203 1988 1237 2025 α
1282 1963 1653 2052 Susceptor
1705 1987 1918 2042 meus,
1949 1992 1983 2028 »
2028 1987 2137 2033 me
2179 1987 2392 2054 usque
2423 1964 2507 2033 ad
2554 1963 2681 2032 hoc

1111 2069 1301 2159 quod
1348 2093 1558 2160 gener
1604 2075 1784 2163 regis
1851 2095 2070 2142 essem
2111 2071 2495 2140 exaltando.
2550 2072 2678 2142 Isa.

1109 2200 1267 2258 xm,
1304 2179 1327 2245 1
1360 2202 1374 2245 ε
1401 2182 1574 2248 Eece
1599 2205 1832 2250 servus
1862 2205 2075 2260 meus,
2098 2183 2468 2273 suscipiam
2498 2205 2675 2250 eum.

1109 2283 1439 2378 Suscepit·
1465 2290 1670 2357 etiam
1720 2291 2012 2381 gratiam
2043 2291 2127 2359 ad
2166 2291 2339 2359 bene
2386 2312 2677 2382 operan-

1104 2391 1297 2471 dum,
1341 2404 1408 2462 et
1447 2391 1830 2487 propterea,
1866 2421 2015 2489 quae
2058 2421 2328 2466 sursum
2362 2407 2520 2467 suut
2567 2399 2674 2464 in-

1107 2502 1481 2574 fundendo,
1522 2504 1725 2573 Eceli.
1775 2529 1868 2584 ιν,
1918 2508 2040 2574 12:
2096 2507 2404 2597 Suscipit
2437 2504 2668 2595 iuqui-

1112 2623 1332 2679 reutes
1357 2638 1449 2681 se.

1206 2752 1238 2784 α
1311 2726 1406 2790 Εἰ
1474 2723 1806 2792 liberator
1861 2749 2074 2804 ineas,
2118 2753 2145 2787 n
2237 2724 2321 2792 ab
2390 2725 2663 2792 inimico

1108 2855 1259 2898 meo
1304 2832 1512 2900 Saule
1546 2857 1654 2901 me
1698 2844 2144 2925 persequente
2202 2844 2352 2924 post
2409 2833 2656 2902 exalta·

1110 2941 1365 3008 tionem
1416 2964 1500 3010 ex
1549 2942 1829 3010 invidia.
1880 2941 2127 3034 Supra,
2165 2945 2234 3009 in
2271 2942 2449 3012 i'sal.
2492 2963 2655 3019 xvu,

1106 3047 1190 3115 48
1227 3072 1243 3115 :
1288 3050 1651 3118 Liberator
1681 3074 1872 3119 meus
1900 3052 1986 3120 de
2005 3051 2302 3120 immicis
2330 3053 2496 3120 meis
2528 3053 2660 3119 ira-

1100 3156 1373 3225 cundis.
1414 3157 1767 3227 Liberator
1804 3159 2010 3227 etiam
2043 3182 2236 3227 meus
2264 3159 2349 3227 ab
2383 3160 2656 3227 inimico

1102 3265 1465 3354 spirituali,
1538 3276 1692 3357 post
1767 3267 1999 3336 datam
2074 3268 2363 3359 gratiam
2441 3268 2657 3357 magis

1101 3373 1429 3456 fervente,
1474 3384 1540 3442 et
1597 3377 1821 3445 aerius
1879 3377 2346 3467 impugnante.
2408 3374 2650 3443 Genes.

1098 3505 1242 3561 κη’.
1295 3484 1400 3559 16,
1435 3483 1789 3552 Abraham
1837 3484 2151 3553 liberavit
2219 3483 2344 3553 Lot
2411 3486 2653 3552 iterum

1097 3590 1183 3656 ab
1229 3591 1752 3681 impugnatione
1819 3590 2229 3662 alienorum.
2310 3592 2438 3659 Isa.
2512 3616 2650 3670 xix,

1094 3699 1223 3765 20:
1268 3698 1497 3766 Mittet
1536 3700 1633 3767 eis
1677 3700 2104 3768 salvatorem
2143 3710 2210 3767 et
2239 3722 2654 3792 propuqna-

1097 3816 1315 3873 torem
1337 3808 1463 3898 qui
1502 3807 1743 3876 liberet
1774 3831 1906 3876 eos.

1193 3940 1226 3979 ι
1279 3916 1636 3984 I’rotector
1699 3938 1916 3985 meus.
1972 3942 2007 3984 ι
2072 3915 2241 3986 Ecce
2308 3920 2648 4008 quintum.

1099 4021 1312 4101 Quasi
1354 4023 1609 4093 diceret
1642 4046 1657 4092 τ
1695 4023 1811 4094 Sic
1850 4023 2179 4093 liberator
2220 4033 2322 4093 est
2376 4048 2416 4093 a
2447 4024 2650 4093 Saule

1093 4140 1573 4221 persequente,
1634 4140 1701 4200 et
1762 4156 1797 4197 α
1829 4141 2174 4223 protector
2240 4154 2453 4211 meust,
2490 4162 2525 4197 n
2565 4131 2648 4201 ab

1092 4239 1285 4305 omni
1317 4237 1453 4306 alio
1487 4261 1595 4307 me
1635 4248 1873 4329 postea
1895 4223 2371 4331 persequente,
2407 4243 2648 4309 merito

1091 4341 1210 4411 illo
1269 4365 1407 4434 quo
1448 4345 1508 4412 ei
1538 4347 1812 4436 peperci
1844 4368 2000 4415 cum
2034 4346 2264 4415 inveni
2294 4370 2451 4416 eum
2482 4372 2649 4440 pur-

1090 4462 1372 4544 gantem
1411 4463 1727 4524 ventrem
1784 4455 1855 4524 in
1930 4454 2113 4525 fossa
2142 4467 2187 4524 ¹.
2269 4456 2518 4549 Supra,
2577 4459 2645 4527 in

1093 4559 1277 4630 Psal.
1313 4585 1500 4642 xxm,
1538 4563 1578 4631 3
1623 4585 1640 4633 ε
1684 4564 2065 4633 Protea-isti
2110 4588 2218 4633 me
2243 4589 2289 4634 a
2318 4576 2646 4635 conventu

1088 4669 1668 4760 maliqizatitium.
1750 4671 2106 4742 Protector
2180 4675 2414 4756 etiam,
2483 4676 2644 4767 quia

1084 4803 1224 4848 non
1264 4780 1491 4848 solum
1525 4781 1830 4852 liberasti
1863 4806 1973 4852 me
2024 4807 2065 4851 a
2111 4783 2424 4854 doemone
2490 4796 2643 4876 post

1083 4887 1402 4956 collatam
1441 4889 1737 4979 gratiam
1762 4889 2236 4981 impugnante,
2266 4890 2386 4960 sed
2412 4902 2643 4983 prote-

1084 4998 1244 5065 xisti
1313 5020 1422 5065 me
1462 5020 1501 5064 a
1559 5020 1763 5067 earne
1804 5007 1873 5068 et
1937 5000 2195 5068 mundo
2256 4999 2636 5071 infestante.

1089 5104 1294 5174 Eccli.
1339 5129 1415 5187 n,
1456 5106 1578 5175 13:
1622 5110 1979 5177 Protector
2021 5119 2120 5178 est
2157 5109 2473 5179 omnibus
2520 5135 2641 5180 ea·-

1085 5212 1519 5304 quirentibus
1546 5236 1620 5282 se
1658 5215 1730 5282 in
1768 5217 2074 5284 veritate.

1177 5454 1211 5490 α
1254 5428 1355 5495 Et
1382 5428 1454 5495 in
1496 5429 1645 5519 ipso
1670 5429 1969 5521 speravi.
1999 5454 2033 5491 n
2076 5428 2206 5498 llic
2234 5428 2634 5501 secundum.

1085 5533 1451 5603 praemissa
1488 5537 1677 5604 enim
1732 5537 2108 5627 gratiarum
2177 5537 2469 5618 actione,
2513 5561 2636 5631 pro

1157 5763 1176 5802 ⁸
1208 5761 1295 5822 ct.
1328 5766 1353 5825 1
1380 5764 1523 5839 Reg.
1552 5778 1711 5838 xxxv,
1744 5764 1782 5821 6
1809 5767 1870 5823 et
1898 5781 2025 5839 neq.

4215 385 4338 452 491

2796 558 3139 625 benefieiis
3196 559 3508 646 acceptis.
3582 557 4021 644 subjungitur
4052 554 4343 622 aliorum

2794 667 3245 754 exspectatio:
3304 675 3370 733 et
3408 675 3786 755 tanguntur
3862 663 4023 729 duo.
4092 663 4347 752 Exspe-

2792 777 3013 849 ctatio,
3052 787 3114 844 et
3171 779 3508 845 motivum
3567 776 3650 843 ad
3684 776 3929 865 ipsam,
3971 773 4088 856 ibi,
4137 799 4169 838 «
4210 773 4347 856 Qui

2788 884 3044 951 subdit.
3097 909 3127 948 »

2880 995 2991 1061 Ait
3023 1017 3235 1084 ergo:
3310 993 3424 1060 Sic
3479 993 3733 1083 gratias
3801 1013 3932 1080 ago
3984 1013 4105 1080 pro
4147 989 4342 1057 dietis

2790 1102 3156 1178 beneticiiS,
3191 1102 3365 1168 sieut
3398 1101 3654 1168 dietum
3689 1108 3814 1177 est,
3866 1123 3900 1164 «
3934 1109 3998 1166 et
4041 1124 4074 1163 »
4136 1100 4340 1165 etiarn

2793 1236 2824 1273 α
2863 1211 2928 1276 in
2973 1212 3140 1301 ips0,
3188 1235 3221 1275 ι)
3259 1209 3480 1278 adhue
3507 1210 3869 1300 «speravi,
3919 1235 3952 1272 »
3997 1207 4181 1299 quod
4235 1231 4343 1276 ac-

2789 1319 3032 1409 cipiam
3066 1318 3221 1385 atia.
3251 1317 3525 1397 Quare?
3561 1346 3591 1379 «
3642 1317 3801 1400 Qui,
3842 1341 3873 1380 ιο
3910 1316 3974 1383 id
4009 1323 4135 1396 est,
4180 1316 4340 1405 quia

2789 1427 2924 1512 ille,
2973 1454 3005 1494 α
3044 1428 3281 1496 subdit
3310 1426 3660 1518 populum
3699 1448 3929 1493 meum
3965 1423 4093 1492 sub
4133 1447 4263 1501 me,
4303 1450 4335 1486 n

2789 1559 2903 1603 eos
2934 1534 3381 1626 subjiciendO,
3416 1557 3525 1601 me
3557 1537 3626 1602 in
3668 1555 3877 1624 regno
3919 1531 4339 1600 confirman-

2789 1645 2899 1714 do.
2948 1644 3002 1711 lt
3075 1643 3240 1736 Reg.
3296 1667 3459 1726 xxu,
3508 1645 3633 1712 31:
3703 1643 3997 1712 Scutum
4053 1650 4149 1708 est
4188 1662 4339 1707 om·-

2785 1755 2976 1821 nium
3005 1753 3432 1844 sperantium
3465 1752 3534 1818 in
3551 1774 3644 1818 se.
3684 1749 3790 1829 Et,
3812 1757 3876 1825 5⁹.
3906 1750 3989 1815 42
4027 1748 4337 1836 :Dejicis

2781 1860 3077 1952 populos
3138 1858 3264 1927 sub
3305 1881 3433 1926 me.
3473 1857 3766 1949 Signum
3812 1864 4069 1935 autem,
4152 1853 4337 1945 quod

2787 1992 3015 2036 secure
3075 1969 3140 2035 in
3179 1969 3321 2036 Deo
3389 1966 3800 2058 sperandum
3863 1974 3990 2047 est,
4059 1963 4333 2055 quando

2787 2086 3011 2145 motus
3069 2086 3336 2145 nostros
3395 2076 3676 2144 arbitrio
3743 2084 3979 2143 nostro
4034 2073 4330 2162 subjicit,

2783 2186 3152 2254 secundum
3189 2185 3349 2252 illud
3421 2183 3667 2253 GeneS.
3711 2206 3802 2259 nv,
3849 2184 3886 2249 7
3920 2203 3935 2248 ε
3971 2180 4234 2250 Subtaecs
4272 2191 4336 2247 te

2781 2296 2906 2360 erit
2945 2295 3289 2385 appetitus
3318 2292 3495 2381 eJ'uS.
3554 2291 3634 2359 Et
3673 2301 3834 2359 tune
3876 2290 4195 2379 impietur
4244 2287 4331 2354 it-

2778 2401 2892 2469 lud
2926 2401 3261 2492 Apostoli,
3296 2401 3378 2480 ad
3414 2401 3705 2467 Roman.
3739 2423 3810 2475 v,
3843 2401 3883 2467 ὅ
3920 2421 3935 2464 :
3981 2399 4151 2488 Spes
4188 2418 4323 2463 non

2773 2510 3159 2600 conscendit.
3213 2512 3458 2578 Genes.
3513 2531 3645 2585 xm,
3683 2508 3815 2575 40:
3871 2506 3985 2574 Ad
4028 2506 4136 2572 tui
4182 2505 4321 2570 oris

2772 2621 3131 2708 imperium
3174 2627 3457 2684 cunctas
3489 2615 3796 2707 populus
3844 2613 4131 2681 obediet.
4193 2612 4319 2679 Jo-

2768 2750 2911 2799 sue.
2948 2748 3013 2796 x.
3049 2725 3133 2790 :22
3163 2746 3177 2792 :
3232 2723 3474 2791 l’onite
3504 2722 3709 2813 pedes
3753 2744 3960 2812 super
3987 2719 4175 2788 col-'a
4206 2741 4318 2784 re-

2763 2857 2926 2923 qmn
2972 2834 3282 2910 istormn,
3321 2841 3632 2899 motuum
3694 2829 4032 2898 malorum
4081 2851 4319 2919 regua-

2767 2966 2832 3009 re
2866 2942 3268 3010 volentium.

2857 3292 2885 3320 «ε
2930 3263 3244 3338 Domine,
3289 3262 3465 3354 quid
3498 3273 3595 3330 est
3621 3260 3827 3330 homo
3856 3263 3943 3331 P·
3992 3264 4313 3332 Praemis-

2760 3396 2831 3439 sa
2861 3372 3229 3464 gratiarum
3261 3375 3526 3440 actione
3557 3396 3679 3463 pro
3701 3375 3906 3441 tantis
3938 3373 4307 3452 benefieiis»,

2759 3494 2822 3551 ct
2872 3482 3091 3550 adhuc
3140 3482 3432 3549 atiorum
3474 3485 4008 3573 exspectatione,
4067 3483 4311 3550 subdi-

2759 3601 2870 3657 tur
2900 3590 3006 3658 hic
3037 3590 3398 3658 admiratio
3429 3590 3512 3658 de
3547 3599 3731 3659 tanta
3787 3591 3905 3659 Dei
3973 3591 4305 3659 bonitate.

2763 3697 2910 3766 ltuo
2967 3722 3131 3790 crgo
3190 3698 3530 3767 dicuntur.
3594 3697 3854 3777 Primo,
3917 3699 4303 3767 admiratio.

2762 3807 3102 3888 Secunde,
3148 3807 3318 3875 ratio
3358 3807 3856 3891 admirationis,
3928 3807 4046 3885 ihi,
4118 3815 4183 3884 ᾗ.
4221 3807 4301 3875 4:

2761 3942 2792 3979 ι
2837 3917 3056 3984 Homo
3097 3916 3414 3983 vanitati.
3463 3940 3496 3981 ι

2847 4021 2921 4090 lu
2955 4024 3172 4112 prima
3229 4021 3394 4093 duo.
3465 4022 3726 4099 Primo,
3798 4022 4160 4091 admiratio
4218 4021 4304 4091 de

2756 4131 2937 4197 bono
2967 4130 3405 4220 cognitionis,
3449 4127 3634 4221 quod
3672 4128 3938 4198 homini
3997 4153 4070 4198 se
4110 4130 4304 4199 exhi-

2756 4236 2898 4305 buit
2927 4237 3508 4329 cognoscendum.
3546 4235 3891 4319 Secundo,
3937 4237 4020 4305 de
4051 4236 4306 4306 beneti-

2753 4346 2857 4413 cio
2913 4345 3322 4424 dilectionis,
3365 4345 3483 4424 ibi,
3553 4375 3587 4408 κ
3626 4348 3767 4415 Aut
3819 4344 4021 4434 filius
4075 4345 4306 4414 homi-

2752 4454 2880 4520 nis.
2920 4482 2952 4516 υ

2840 4561 3016 4629 Dicit
3081 4585 3247 4654 ergo
3291 4583 3306 4630 ε
3345 4562 3509 4630 ltaec
3573 4561 3904 4631 beneficia
3962 4561 4302 4630 Dominus

2750 4670 3059 4749 contulit,
3093 4680 3154 4739 et
3188 4669 3410 4739 adhue
3439 4694 3639 4763 spero
3678 4670 3837 4749 alia,
3871 4671 4076 4750 sed,o
4109 4697 4144 4738 α
4171 4674 4303 4740 Do-

2753 4782 2954 4858 mine,
2997 4780 3174 4871 quid
3219 4790 3317 4848 est
3361 4782 3588 4858 leomo.
3630 4806 3663 4847 ι
3714 4789 3851 4848 tam
3886 4779 4171 4873 fragilis„
4236 4788 4303 4849 et

2747 4914 2965 4958 vanus
3004 4915 3125 4982 per
3160 4913 3256 4965 se.
3291 4918 3324 4957 ι
3359 4892 3528 4983 quia
3571 4892 3959 4966 innotuisti.
3999 4916 4032 4957 ι
4109 4892 4303 4959 inno-

2748 5008 3000 5065 tescere
3039 4998 3317 5066 voluisti
3379 5028 3412 5061 «ι
3446 5000 3510 5066 ei
3543 4996 3586 5067 ?
3618 5027 3650 5061 n
3711 4997 3923 5079 Quasi
3982 4997 4235 5068 diceret
4279 5021 4296 5068 ε

2748 5105 2956 5174 Nihil.
3002 5106 3108 5173 Ad
3139 5105 3295 5185 hoc,
3333 5106 3537 5176 Eccli.
3573 5130 3763 5186 xvut,
3809 5108 3849 5175 7
3895 5129 3910 5175 ι
3952 5106 4144 5192 Quid
4203 5116 4300 5174 est

2745 5216 2969 5293 leonio,
3012 5224 3076 5282 et
3120 5237 3272 5306 quae
3300 5225 3397 5283 est
3422 5218 3660 5308 qratia
3692 5215 3892 5284 illius
3925 5212 3968 5283 ?
4033 5214 4116 5282 Et
4147 5238 4303 5306 pos-

2745 5331 2843 5390 set
2886 5324 3306 5415 responderi,
3339 5347 3463 5393 vas
3507 5323 3772 5392 luteum
3814 5323 4190 5415 quoddam,
4233 5334 4301 5395 et

2745 5431 3008 5524 fragile,
3088 5443 3153 5503 et
3211 5433 3672 5502 immundum.
3741 5432 3991 5504 Genes.
4053 5458 4128 5515 ιι.
4184 5436 4224 5503 7
4275 5456 4293 5504 ε

2744 5539 3101 5609 Formavit
3160 5543 3379 5633 iqitur
3433 5542 3779 5611 Dominus
3832 5542 4180 5611 hominem
4218 5541 4304 5611 de
