5008 6329
2204 230 2918 301 COMMENTARIUS
2969 233 3061 300 IN
3111 232 3546 302 PSALMUM
3597 234 3703 301 Cl.
4490 229 4565 295 13

1443 427 1476 462 «
1524 403 1710 487 Quia
1735 406 2115 495 prospexit.
2165 430 2197 470 »
2240 405 2369 475 Hic
2406 406 2681 498 probat,
2727 408 2912 498 quod

1354 529 1509 575 vere
1550 509 1956 593 laudandu5‚
1993 514 2371 602 quiaterrae
2405 517 2724 583 misertus
2754 524 2856 583 est
2889 538 2904 582 ε

1356 624 1417 683 et
1472 621 1778 709 tangitur
1832 621 2056 710 primo
2114 625 2484 692 miseratio.
2563 623 2906 703 SecundO,

1355 735 1775 795 monstratur
1809 729 1879 796 in
1912 732 2384 823 quibus,ibi,5.
2420 736 2495 799 21
2541 756 2555 798 :
2596 757 2627 797 ι
2662 733 2747 800 Ut
2777 755 2912 799 au-
3003 732 3261 824 populi
3298 735 3431 800 mei
3471 735 3539 799 in
3607 735 3922 824 AEqypto
3992 755 4014 797 .·

1360 833 1537 899 diret
1564 838 1884 924 qemitch.
1926 865 1958 904 a

1443 941 1521 1010 In
1555 947 1772 1036 prima
1812 949 1974 1017 duo,
2020 950 2283 1031 Primo,
2327 950 2722 1040 adspectum
2773 950 2910 1016 mi-

1355 1052 1735 1121 sericordiae
1783 1053 1865 1122 de
1915 1056 2199 1124 excelsis
2244 1055 2511 1124 direxit.
2562 1054 2903 1133 Secundo,

1354 1161 1695 1250 specificat
1760 1164 1845 1231 ad
1901 1188 2101 1255 quoS,
2177 1174 2244 1233 et
2309 1165 2489 1233 unde
2558 1167 2903 1234 direxerit.

1439 1268 1621 1337 Dicit
1691 1293 1853 1362 ergo
1936 1295 1951 1338 ε
2035 1271 2151 1338 Sic
2237 1271 2541 1339 laudabit
2613 1272 2909 1364 populus

1352 1375 1705 1455 creanduS,
1740 1384 1807 1444 et
1853 1378 2118 1465 justum
2167 1379 2291 1444 erit
2339 1400 2354 1447 ε
2404 1404 2435 1443 α
2464 1380 2636 1470 quia
2677 1407 2709 1440 »
2768 1379 2906 1446 Do·

1350 1483 1575 1548 minus
1624 1506 1657 1546 e
1685 1484 2065 1573 prospexit,
2116 1508 2147 1548 ιι
2190 1485 2526 1576 propitius
2566 1482 2904 1576 adspexit,

1353 1618 1383 1651 «
1418 1588 1502 1656 de
1538 1591 1798 1658 excelso
1826 1603 2060 1660 sancto
2104 1615 2254 1672 suo,
2295 1619 2326 1658 ιι
2362 1592 2779 1663 habitaculo.
2824 1593 2909 1660 Et

1348 1695 1689 1786 specificat
1739 1720 1755 1764 :
1822 1724 1858 1765 α
1898 1700 2246 1768 Dominus
2292 1701 2612 1792 adspexit
2640 1702 2714 1768 in
2741 1711 2903 1768 -ter-

1356 1825 1530 1872 ram.
1578 1829 1613 1866 ι
1651 1802 1852 1872 Eccli.
1887 1829 2031 1888 xvi,
2070 1807 2156 1874 30
2200 1829 2216 1875 ε
2257 1808 2532 1874 Terram
2580 1808 2899 1899 respexit,

1349 1920 1410 1976 et
1449 1912 1762 2002 implerit
1806 1913 2009 1981 illam
2069 1913 2263 1981 bonis
2314 1917 2482 1982 suis.
2546 1914 2766 1982 Exod.
2826 1938 2900 1993 ιι,

1348 2022 1430 2088 25
1458 2042 1473 2085 :
1501 2021 1825 2111 Respexit
1851 2023 2039 2110 filios
2072 2023 2319 2103 Israel,
2340 2034 2403 2091 et
2431 2026 2746 2114 coqnovit
2765 2046 2898 2091 eos.

1436 2129 1521 2197 Et
1558 2130 1714 2208 hoc,
1768 2158 1803 2199 ι
1872 2134 1957 2200 de
2002 2134 2194 2202 coelo.
2245 2161 2276 2199 ιο
2331 2135 2501 2204 Ecce
2559 2135 2903 2204 excelsum

1348 2245 1661 2305 sanctum
1693 2261 1919 2307 suum.
1965 2240 2143 2308 Psal.
2203 2264 2429 2320 cxxix,
2471 2244 2548 2311 15
2586 2244 2908 2333 :Respice

1342 2344 1425 2412 de
1440 2345 1638 2424 coelo,
1687 2358 1753 2415 et
1792 2347 1967 2416 vide.
2007 2347 2347 2441 Prospicit
2385 2373 2551 2443 ergo
2590 2361 2902 2421 sanctum

1341 2452 1513 2520 sicut
1582 2463 1707 2533 est,
1783 2457 1944 2545 quia
2020 2457 2353 2548 propitius
2439 2458 2755 2548 adspicit,
2838 2468 2907 2529 et

1339 2561 1688 2650 prospicit,
1733 2564 1894 2653 quia
1936 2563 2170 2652 procul
2195 2563 2502 2656 adspicit.
2559 2564 2898 2646 Primum,

1343 2676 1676 2756 quantum
1705 2668 1787 2735 ad
1829 2668 2074 2750 bonOS,
2116 2672 2290 2739 sicut
2327 2671 2587 2739 dictum
2628 2682 2753 2740 est.
2784 2673 2905 2742 Se-

1343 2774 1668 2856 cundum,
1702 2786 2034 2868 quantum
2088 2778 2173 2847 ad
2230 2780 2472 2860 malos,
2531 2780 2614 2849 de
2654 2780 2905 2872 quibus

1342 2882 1587 2952 dicitur
1621 2905 1637 2950 ε
1670 2886 2018 2976 Pras-picit
2055 2889 2398 2956 Dominus
2434 2889 2629 2980 quod
2674 2892 2904 2958 veniat

1343 2991 1484 3057 dies
1530 2991 1687 3083 ejus
1718 2994 1761 3059 ¹.
1798 2992 1949 3074 Vel,
1995 2995 2346 3086 prospicit,
2391 2996 2459 3064 id
2480 3005 2606 3076 est,
2664 2997 2901 3089 procul

1341 3098 1650 3190 adspicit,
1691 3103 1899 3172 ctiam
1971 3101 2192 3172 bonos
2251 3105 2433 3198 ipsos
2500 3106 2587 3174 ab
2643 3113 2899 3177 aeterno

1341 3207 1912 3298 praedestinando,
1964 3219 2030 3279 et
2071 3211 2358 3304 adspicit
2404 3213 2681 3282 eosdem
2738 3238 2903 3309 gra-

1343 3316 1506 3384 tiam
1547 3315 1995 3403 infundendo,
2028 3328 2097 3387 et
2114 3320 2579 3408 justificando.
2618 3321 2725 3390 Ad
2765 3322 2902 3392 Ro·

1343 3444 1525 3490 man.
1576 3446 1724 3503 vm,
1764 3427 1850 3493 30
1886 3451 1902 3494 ε
1943 3428 2129 3512 Quos
2171 3429 2715 3519 pra-destinavit,
2776 3429 2901 3499 bos

1344 3539 1407 3598 et
1435 3534 1727 3617 vocavit,
1758 3541 1891 3602 etc.

1447 3878 1480 3916 ι
1513 3854 1605 3922 Ut
1630 3853 1926 3922 audiret.
1967 3882 1999 3918 ιι
2043 3853 2171 3924 llic
2208 3856 2612 3939 secundum,
2644 3858 2718 3927 in
2760 3880 2900 3952 quo

1351 3969 1770 4030 monstratur
1823 3962 1893 4029 in
1952 3961 2204 4055 quibus
2264 3961 2466 4032 fuerit
2530 3965 2897 4058 propitius,

1346 4070 1506 4160 quia
1537 4068 1609 4136 in
1658 4066 1873 4137 tribus
1908 4069 2135 4148 bonis,
2185 4092 2335 4162 quae
2382 4071 2676 4140 contulit
2724 4074 2902 4143 sim-

1344 4174 1634 4266 plicibus
1670 4172 2068 4244 bominibus
2103 4184 2170 4244 et
2208 4175 2514 4266 abjectis.
2556 4176 2893 4259 Primum,

1345 4281 1595 4351 solutio
1661 4282 1936 4351 illorum
1992 4307 2033 4350 a
2090 4293 2368 4375 peccato
2425 4293 2494 4354 et
2556 4283 2899 4356 diabolica

1343 4390 1693 4460 servitute.
1755 4388 2099 4468 Secundo,
2169 4389 2522 4482 deputatio
2586 4393 2895 4485 ipsorum

1345 4498 1426 4567 ad
1477 4497 1897 4567 laudandum
1962 4497 2188 4567 Deum
2244 4508 2400 4591 post
2448 4499 2892 4581 solutionem,

1345 4605 1462 4685 ibi,
1500 4614 1569 4682 5.
1603 4608 1690 4673 22
1750 4627 1766 4673 :
1835 4632 1870 4673 ι
1917 4607 2006 4675 Ut
2043 4607 2478 4676 annuntient.
2544 4633 2579 4675 a
2636 4607 2894 4694 Terti0,

1347 4713 1635 4782 aliorum
1695 4711 2020 4781 adunatio
2069 4713 2154 4784 ad
2212 4714 2413 4783 tidem
2472 4715 2555 4785 de
2622 4716 2896 4788 Christo

1342 4843 1464 4912 per
1487 4818 1786 4900 laudem,
1831 4818 1949 4903 ibi,
1998 4829 2065 4898 ᾗ.
2108 4823 2195 4890 23
2239 4843 2255 4890 :
2302 4848 2338 4889 α
2371 4824 2453 4892 In
2491 4827 2894 4893 convenien-

1344 4931 1455 5000 do.
1487 4957 1519 4993 ιι

1429 5037 1505 5106 ln
1537 5039 1759 5130 prima
1797 5036 1959 5106 duo.
2000 5037 2255 5116 Primo,
2308 5040 2526 5133 tangit
2571 5042 2894 5112 meritum

1341 5143 1853 5223 solvendorum,
1896 5143 2153 5214 scilicet
2210 5145 2567 5236 gemitum.
2627 5146 2897 5217 Secun-

1343 5250 1456 5330 do,
1499 5253 1884 5342 praemium,
1925 5251 2181 5321 scilicet
2228 5251 2592 5322 solutionis
2641 5254 2895 5326 beneti-

1343 5359 1546 5441 cium,
1583 5359 1701 5442 ibi,
1749 5386 1777 5421 ιι
1821 5359 1910 5427 Ut
1943 5358 2255 5430 solveret.
2307 5384 2342 5426 a

1412 5594 1427 5629 ¹
1465 5589 1619 5649 Psal.
1649 5603 1844 5658 xxxi-1,
1879 5590 1966 5647 ¹3.

3108 407 3287 476 Dicit
3344 432 3556 500 ergo:
3596 407 4096 475 Sicmisertus
4163 412 4287 486 est,
4357 412 4420 471 et
4493 404 4563 469 in

3020 517 3174 596 hoc,
3244 549 3275 581 a
3335 529 3409 587 ut
3475 520 3748 586 audiret
3793 519 4092 608 qemitus
4155 513 4566 605 compedito-

3017 647 3196 693 rum.
3236 650 3267 690 »
3312 625 3529 695 Exod.
3591 650 3686 706 ιιι,
3735 626 3772 692 7
3838 648 3853 692 ε
3928 623 4083 691 Vidi
4111 611 4563 712 afflictionem

4082 740 4145 798 et
4192 729 4561 796 clamorem

3017 838 3171 927 ejus
3208 839 3455 906 audivi
3493 855 3537 916 2.
3576 848 3928 929 tamquam
3996 837 4431 905 existentium
4486 834 4557 899 in

3017 947 3460 1036 compedibus
3516 948 3799 1036 peccati,
3852 945 3935 1013 de
3984 944 4232 1035 quibus
4279 942 4338 1009 11
4390 942 4558 1031 Reg.

3016 1076 3113 1132 ιιι,
3164 1054 3274 1131 34,
3337 1052 3581 1121 dicitur
3629 1054 3697 1119 in
3736 1050 4404 1120 commendationem
4451 1072 4566 1118 cu-

3006 1161 3280 1249 jusdam
3327 1185 3340 1228 τ
3389 1164 3637 1229 Manus
3705 1171 3838 1228 tuae
3890 1162 4127 1251 liqatae
4179 1183 4313 1226 non
4374 1168 4559 1240 sunt,

3015 1279 3079 1335 et
3099 1270 3303 1359 pedes
3333 1270 3441 1337 tui
3477 1292 3610 1335 non
3639 1277 3800 1336 sunt
3827 1267 4268 1360 compedibus
4316 1288 4566 1357 aqqra-

3014 1379 3177 1444 vati.
3214 1377 3320 1460 Et,
3363 1377 3616 1445 Jerem.
3654 1401 3891 1459 xxx1x,
3928 1378 3965 1444 7
4031 1400 4046 1444 ε
4124 1376 4353 1444 Vinxit
4381 1396 4560 1452 eum,

3011 1482 3265 1552 scilicet
3323 1483 3703 1567 Sedeciam,
3744 1483 4207 1576 compedibus,
4242 1490 4320 1549 ut
4374 1481 4570 1550 duce-

3013 1602 3200 1660 retur
3228 1593 3299 1660 in
3329 1592 3782 1684 Babylonem.
3825 1592 3979 1670 vel,
4008 1594 4078 1661 in
4124 1591 4565 1683 compedibus

3012 1702 3279 1771 timoris
3309 1703 3616 1786 Domini,
3659 1703 3739 1772 de
3768 1705 4018 1795 quibus
4048 1704 4255 1784 Eccli,
4288 1726 4381 1772 vt.
4418 1705 4500 1772 23
4538 1728 4553 1771 ε

3010 1809 3233 1899 Injice
3282 1810 3525 1902 pedem
3567 1820 3764 1879 tuum
3813 1812 3884 1879 in
3932 1812 4282 1903 compedes
4335 1811 4555 1880 illius.

3016 1918 3149 1987 Sed
3194 1920 3648 2006 Dominusfab
3680 1921 3987 2014 utrisque
4024 1921 4290 2004 liberat,
4333 1931 4400 1991 et
4435 1920 4567 1990 sol-

3011 2029 3105 2094 vit
3166 2029 3590 2119 compeditos
3649 2053 3769 2120 per
3841 2031 4159 2122 gratiam.
4219 2029 4350 2098 Sed
4405 2040 4563 2098 sunt

3012 2135 3377 2228 compedes
3430 2137 3915 2215 indifferentes,
3960 2139 4321 2206 infirmitas
4373 2147 4563 2205 natu·

3013 2266 3127 2322 rae,
3171 2243 3255 2311 de
3286 2243 3533 2335 quibus
3567 2242 3817 2312 Thren.
3853 2266 3949 2329 m,
3993 2244 4032 2312 Ἰ
4079 2267 4095 2312 :
4137 2248 4564 2334 Aqqravacit

3012 2352 3399 2444 compedem
3445 2373 3698 2419 meum.
3735 2351 4045 2443 Sapient.
4082 2373 4176 2432 ix,
4223 2353 4302 2421 15
4338 2373 4355 2419 ι
4394 2352 4563 2421 Cor-

3003 2482 3139 2551 pus
3200 2460 3391 2550 quod
3450 2460 3918 2552 corrumpitur
4008 2469 4349 2552 aqqravat
4406 2460 4565 2528 ani-

3010 2589 3220 2633 mam.
3260 2566 3393 2633 Sed
3433 2564 3517 2633 ab
3558 2566 3639 2632 iis
3686 2565 3892 2634 solvit
3938 2566 4351 2635 conterendo
4408 2568 4565 2658 glo-

3015 2696 3209 2741 riam.

3102 2911 3135 2951 e
3185 2888 3275 2955 Ut
3307 2887 3618 2954 solveret.
3659 2912 3694 2949 ιι
3738 2886 3865 2956 Hic
3913 2887 4214 2978 primum
4262 2887 4557 2980 gemitus

3008 2992 3370 3082 pra-mium
3419 2993 3742 3083 tangitur.
3787 2993 3998 3073 Quasi
4055 2993 4308 3061 diceret
4362 3015 4378 3062 ι
4446 2994 4560 3062 Sic

3008 3099 3266 3169 audivit
3302 3102 3661 3193 gemitum,
3695 3109 3762 3169 et
3782 3099 3866 3169 ad
3898 3099 4054 3181 hoc,
4101 3128 4138 3166 ι
4173 3108 4251 3169 ut
4273 3102 4561 3170 solveret

3002 3209 3195 3298 filios
3222 3211 3809 3302 interemptorum,
3850 3235 3884 3273 ι
3926 3207 4010 3277 ad
4042 3208 4335 3278 litteram
4377 3232 4559 3279 mor-

3006 3326 3309 3400 tuorum,
3349 3325 3418 3386 et
3478 3317 3963 3387 damnatorum
4023 3318 4091 3386 in
4132 3316 4421 3394 inferno,
4482 3328 4554 3386 ut

3004 3425 3311 3493 dicamus
3339 3425 3402 3494 ei
3435 3423 3602 3493 illud
3631 3423 3812 3493 l‘sal.
3846 3447 4003 3505 cxv,
4043 3425 4126 3492 ¹6
4159 3448 4176 3493 :
4211 3426 4560 3518 Dirupisti

3003 3534 3283 3603 vincula
3349 3555 3528 3616 mea,
3598 3531 3729 3601 tibi
3788 3531 4198 3623 sacrificabo
4250 3533 4552 3604 hostiam

3010 3640 3266 3712 laudis.
3337 3639 3419 3709 Et
3484 3639 3671 3720 alibi,
3736 3639 3919 3710 Psal.
3974 3662 4110 3722 etv,
4170 3643 4255 3710 20
4298 3663 4317 3710 :
4360 3644 4559 3712 Misit

3005 3773 3149 3829 rex,
3183 3759 3248 3818 et
3270 3747 3479 3817 solvit
3506 3772 3662 3819 eum
3700 3772 3725 3818 .·
3759 3751 4082 3844 princeps
4100 3751 4553 3842 populorum,

3005 3867 3070 3925 et
3096 3857 3367 3926 dimisit
3403 3880 3585 3926 eum.

3098 4198 3132 4232 α
3178 4170 3267 4239 Ut
3292 4171 3728 4240 annuntient.
3766 4196 3801 4238 a
3841 4171 3971 4242 1150
4023 4173 4401 4246 secundum
4431 4178 4549 4246 be·

3002 4278 3319 4348 neticium
3353 4287 3467 4349 :et
3489 4277 3811 4350 dicuntur
3837 4281 4002 4352 duo.
4037 4282 4298 4368 Primo,
4330 4286 4552 4380 depu-

3001 4387 3168 4455 tatio
3204 4386 3591 4458 solutorum
3627 4387 3714 4458 ad
3760 4389 4067 4462 osticium
4116 4393 4550 4484 predicatio-

2999 4497 3130 4566 nis.
3211 4494 3560 4576 Secundo,
3598 4497 3683 4567 ad
3740 4497 4045 4569 officium
4111 4500 4360 4582 laudis,
4424 4503 4546 4582 ibi,

3003 4630 3038 4671 ι
3071 4605 3165 4672 Et
3204 4603 3510 4674 laudem.
3556 4628 3591 4670 a

3088 4712 3203 4780 Ait
3231 4733 3439 4803 ergo:
3470 4709 3587 4781 Sic
3623 4711 3853 4782 solvit.
3884 4711 3998 4784 Ad
4026 4714 4248 4808 quid?
4282 4716 4390 4787 Ad
4416 4715 4550 4789 boc

2999 4821 3406 4891 beneficium
3438 4818 3746 4905 ulterius,
3781 4845 3817 4886 ι
3860 4830 3939 4891 ut
3984 4825 4396 4894 annuntient
4431 4849 4552 4895 no-

3001 4950 3152 4997 men
3192 4928 3506 5010 Domini,
3553 4954 3584 4991 a
3651 4928 4118 5021 praedicando,
4173 4930 4544 5014 dilatando,

3002 5062 3035 5100 ι
3071 5037 3143 5103 in
3170 5036 3367 5118 Sion,
3407 5060 3438 5097 ιι
3480 5034 3549 5103 in
3599 5034 3927 5120 Ecclesia,
3979 5060 4133 5130 quoe
4170 5036 4391 5108 Deum
4430 5063 4554 5133 per

2999 5143 3203 5214 fidem
3260 5144 3786 5238 contemplatur.
3837 5146 3867 5215 1
3925 5145 4111 5216 Petr.
4170 5169 4243 5229 ιι,
4301 5150 4405 5219 9:
4463 5152 4554 5222 Ut

3001 5253 3285 5323 virtutes
3312 5254 3737 5322 annuntietis
3762 5252 3946 5345 ejuS,
3998 5254 4127 5346 qui
4151 5253 4238 5324 de
4263 5256 4555 5327 tenebris

2997 5386 3113 5431 vos
3157 5362 3420 5431 vocavit
3460 5363 3533 5430 in
3587 5360 4010 5431 admirabile
4052 5362 4284 5434 lumen
4314 5387 4549 5436 suum.

3068 5595 3094 5632 ²
3121 5593 3208 5652 ct.
3267 5596 3399 5654 Act.
3431 5610 3536 5666 vu,
3567 5596 3656 5655 34.
