<?xml version="1.0" encoding="UTF-8"?>
<!DOCTYPE html PUBLIC "-//W3C//DTD XHTML 1.0 Transitional//EN"
    "http://www.w3.org/TR/xhtml1/DTD/xhtml1-transitional.dtd">
<html xmlns="http://www.w3.org/1999/xhtml" xml:lang="en" lang="en">
 <head>
  <title>
</title>
<meta http-equiv="Content-Type" content="text/html;charset=utf-8" />
  <meta name='ocr-system' content='tesseract 3.04.00' />
  <meta name='ocr-capabilities' content='ocr_page ocr_carea ocr_par ocr_line ocrx_word'/>
</head>
<body>
  <div class='ocr_page' id='page_1' title='image "balbertimagnira02chgoog_0133.png"; bbox 0 0 5008 6329; ppageno 0'>
   <div class='ocr_carea' id='block_1_1' title="bbox 2023 337 3587 409">
    <p class='ocr_par' dir='ltr' id='par_1_1' title="bbox 2023 337 3587 409">
     <span class='ocr_line' id='line_1_1' title="bbox 2023 337 3587 409; baseline -0.003 -3"><span class='ocrx_word' id='word_1_1' title='bbox 2023 341 2734 409; x_wconf 65' lang='lat' dir='ltr'>COMMENTARIUS</span> <span class='ocrx_word' id='word_1_2' title='bbox 2787 340 2876 405; x_wconf 80' lang='lat' dir='ltr'>IN</span> <span class='ocrx_word' id='word_1_3' title='bbox 2934 337 3358 404; x_wconf 69' lang='lat' dir='ltr'><strong>PSALMUM</strong></span> <span class='ocrx_word' id='word_1_4' title='bbox 3416 337 3587 404; x_wconf 75' lang='lat' dir='ltr'>cvl.</span> 
     </span>
    </p>
   </div>
   <div class='ocr_carea' id='block_1_2' title="bbox 1176 513 2749 2197">
    <p class='ocr_par' dir='ltr' id='par_1_2' title="bbox 1176 513 2749 2197">
     <span class='ocr_line' id='line_1_2' title="bbox 1189 513 2745 605; baseline 0.001 -27"><span class='ocrx_word' id='word_1_5' title='bbox 1189 513 1484 579; x_wconf 79' lang='lat' dir='ltr'>litteram</span> <span class='ocrx_word' id='word_1_6' title='bbox 1530 514 1599 577; x_wconf 91' lang='lat' dir='ltr'>in</span> <span class='ocrx_word' id='word_1_7' title='bbox 1647 534 1895 602; x_wconf 82' lang='lat' dir='ltr'>magna</span> <span class='ocrx_word' id='word_1_8' title='bbox 1937 524 2336 605; x_wconf 76' lang='lat' dir='ltr'>tempestate</span> <span class='ocrx_word' id='word_1_9' title='bbox 2383 539 2397 581; x_wconf 89' lang='lat'>:</span> <span class='ocrx_word' id='word_1_10' title='bbox 2436 537 2575 604; x_wconf 81' lang='lat' dir='ltr'>proe</span> <span class='ocrx_word' id='word_1_11' title='bbox 2605 523 2745 580; x_wconf 84' lang='lat' dir='ltr'>tur·</span> 
     </span>
     <span class='ocr_line' id='line_1_3' title="bbox 1189 621 2749 715; baseline -0.001 -29"><span class='ocrx_word' id='word_1_12' title='bbox 1189 621 1463 687; x_wconf 76' lang='lat' dir='ltr'>batione</span> <span class='ocrx_word' id='word_1_13' title='bbox 1543 622 1726 715; x_wconf 78' lang='lat' dir='ltr'>enim</span> <span class='ocrx_word' id='word_1_14' title='bbox 1802 622 1968 689; x_wconf 84' lang='lat' dir='ltr'>nihil</span> <span class='ocrx_word' id='word_1_15' title='bbox 2067 627 2348 691; x_wconf 86' lang='lat' dir='ltr'>omnino</span> <span class='ocrx_word' id='word_1_16' title='bbox 2432 622 2749 688; x_wconf 86' lang='lat' dir='ltr'>videntur</span> 
     </span>
     <span class='ocr_line' id='line_1_4' title="bbox 1191 730 2748 810; baseline 0 -15"><span class='ocrx_word' id='word_1_17' title='bbox 1191 731 1359 796; x_wconf 92' lang='lat' dir='ltr'>scire</span> <span class='ocrx_word' id='word_1_18' title='bbox 1393 739 1642 810; x_wconf 78' lang='lat' dir='ltr'>nautae,</span> <span class='ocrx_word' id='word_1_19' title='bbox 1676 731 1792 797; x_wconf 87' lang='lat' dir='ltr'>sed</span> <span class='ocrx_word' id='word_1_20' title='bbox 1824 741 2040 799; x_wconf 84' lang='lat' dir='ltr'>totum</span> <span class='ocrx_word' id='word_1_21' title='bbox 2068 733 2420 799; x_wconf 86' lang='lat' dir='ltr'>dimittunt</span> <span class='ocrx_word' id='word_1_22' title='bbox 2446 730 2542 795; x_wconf 87' lang='lat' dir='ltr'>ire</span> <span class='ocrx_word' id='word_1_23' title='bbox 2572 731 2748 796; x_wconf 89' lang='lat' dir='ltr'>sicut</span> 
     </span>
     <span class='ocr_line' id='line_1_5' title="bbox 1189 838 2746 928; baseline 0.001 -27"><span class='ocrx_word' id='word_1_24' title='bbox 1189 843 1435 926; x_wconf 87' lang='lat' dir='ltr'>potest.</span> <span class='ocrx_word' id='word_1_25' title='bbox 1492 838 1644 905; x_wconf 82' lang='lat' dir='ltr'>Act.</span> <span class='ocrx_word' id='word_1_26' title='bbox 1685 861 1899 922; x_wconf 77' lang='lat' dir='ltr'>xxvii,</span> <span class='ocrx_word' id='word_1_27' title='bbox 1943 845 2028 907; x_wconf 78' lang='lat'>20</span> <span class='ocrx_word' id='word_1_28' title='bbox 2072 863 2085 905; x_wconf 90' lang='lat'>:</span> <span class='ocrx_word' id='word_1_29' title='bbox 2153 841 2567 928; x_wconf 74' lang='lat' dir='ltr'><em>Tempestate</em></span> <span class='ocrx_word' id='word_1_30' title='bbox 2608 861 2746 905; x_wconf 84' lang='lat' dir='ltr'>non</span> 
     </span>
     <span class='ocr_line' id='line_1_6' title="bbox 1191 945 2747 1037; baseline 0.003 -29"><span class='ocrx_word' id='word_1_31' title='bbox 1191 946 1445 1033; x_wconf 65' lang='lat' dir='ltr'>emiqua</span> <span class='ocrx_word' id='word_1_32' title='bbox 1479 946 1895 1024; x_wconf 76' lang='lat' dir='ltr'><em>imminente,</em></span> <span class='ocrx_word' id='word_1_33' title='bbox 1925 946 2086 1030; x_wconf 85' lang='lat' dir='ltr'>jam</span> <span class='ocrx_word' id='word_1_34' title='bbox 2143 945 2382 1011; x_wconf 84' lang='lat' dir='ltr'>ablata</span> <span class='ocrx_word' id='word_1_35' title='bbox 2412 954 2560 1013; x_wconf 84' lang='lat' dir='ltr'>erat</span> <span class='ocrx_word' id='word_1_36' title='bbox 2595 968 2747 1037; x_wconf 89' lang='lat' dir='ltr'>spes</span> 
     </span>
     <span class='ocr_line' id='line_1_7' title="bbox 1190 1053 2738 1142; baseline 0.004 -26"><span class='ocrx_word' id='word_1_37' title='bbox 1190 1053 1410 1119; x_wconf 85' lang='lat' dir='ltr'>omnis</span> <span class='ocrx_word' id='word_1_38' title='bbox 1435 1053 1692 1121; x_wconf 90' lang='lat' dir='ltr'>salutis</span> <span class='ocrx_word' id='word_1_39' title='bbox 1745 1065 2012 1122; x_wconf 65' lang='lat' dir='ltr'>nostr-fe.</span> <span class='ocrx_word' id='word_1_40' title='bbox 2088 1053 2164 1119; x_wconf 73' lang='lat' dir='ltr'>Et</span> <span class='ocrx_word' id='word_1_41' title='bbox 2243 1063 2418 1142; x_wconf 82' lang='lat' dir='ltr'>post,</span> <span class='ocrx_word' id='word_1_42' title='bbox 2470 1061 2535 1129; x_wconf 52' lang='grc' dir='ltr'>ᾗ.</span> <span class='ocrx_word' id='word_1_43' title='bbox 2590 1056 2673 1122; x_wconf 71' lang='lat'>40</span> <span class='ocrx_word' id='word_1_44' title='bbox 2723 1074 2738 1122; x_wconf 76' lang='grc' dir='ltr'>ε</span> 
     </span>
     <span class='ocr_line' id='line_1_8' title="bbox 1193 1159 2745 1241; baseline 0.001 -15"><span class='ocrx_word' id='word_1_45' title='bbox 1193 1159 1723 1229; x_wconf 84' lang='lat' dir='ltr'>Committebant</span> <span class='ocrx_word' id='word_1_46' title='bbox 1775 1186 1846 1228; x_wconf 82' lang='lat' dir='ltr'>se</span> <span class='ocrx_word' id='word_1_47' title='bbox 1889 1162 2093 1241; x_wconf 84' lang='lat' dir='ltr'>mari,</span> <span class='ocrx_word' id='word_1_48' title='bbox 2151 1162 2367 1228; x_wconf 83' lang='lat' dir='ltr'>simul</span> <span class='ocrx_word' id='word_1_49' title='bbox 2426 1163 2745 1230; x_wconf 65' lang='lat' dir='ltr'>laxantes</span> 
     </span>
     <span class='ocr_line' id='line_1_9' title="bbox 1176 1257 2746 1359; baseline 0.002 -25"><span class='ocrx_word' id='word_1_50' title='bbox 1176 1257 1559 1357; x_wconf 77' lang='lat' dir='ltr'>juncturas</span> <span class='ocrx_word' id='word_1_51' title='bbox 1591 1270 2244 1359; x_wconf 79' lang='lat' dir='ltr'>qubernaculorum.</span> <span class='ocrx_word' id='word_1_52' title='bbox 2286 1270 2400 1338; x_wconf 85' lang='lat' dir='ltr'>Sic</span> <span class='ocrx_word' id='word_1_53' title='bbox 2432 1272 2499 1336; x_wconf 90' lang='lat' dir='ltr'>in</span> <span class='ocrx_word' id='word_1_54' title='bbox 2520 1269 2746 1338; x_wconf 83' lang='lat' dir='ltr'>Eccle-</span> 
     </span>
     <span class='ocr_line' id='line_1_10' title="bbox 1186 1375 2745 1467; baseline 0.002 -27"><span class='ocrx_word' id='word_1_55' title='bbox 1186 1376 1310 1459; x_wconf 86' lang='lat' dir='ltr'>sia,</span> <span class='ocrx_word' id='word_1_56' title='bbox 1344 1386 1664 1467; x_wconf 78' lang='lat' dir='ltr'><strong>surgente</strong></span> <span class='ocrx_word' id='word_1_57' title='bbox 1703 1375 2218 1444; x_wconf 76' lang='lat' dir='ltr'>conturbatione</span> <span class='ocrx_word' id='word_1_58' title='bbox 2251 1399 2528 1466; x_wconf 84' lang='lat' dir='ltr'>magna,</span> <span class='ocrx_word' id='word_1_59' title='bbox 2571 1380 2745 1466; x_wconf 89' lang='lat' dir='ltr'>perit</span> 
     </span>
     <span class='ocr_line' id='line_1_11' title="bbox 1187 1480 2744 1571; baseline 0.001 -24"><span class='ocrx_word' id='word_1_60' title='bbox 1187 1480 1576 1571; x_wconf 82' lang='lat' dir='ltr'>frequenter</span> <span class='ocrx_word' id='word_1_61' title='bbox 1643 1492 2005 1550; x_wconf 83' lang='lat' dir='ltr'>nautarum</span> <span class='ocrx_word' id='word_1_62' title='bbox 2081 1483 2471 1561; x_wconf 84' lang='lat' dir='ltr'>consilium,</span> <span class='ocrx_word' id='word_1_63' title='bbox 2524 1493 2592 1549; x_wconf 92' lang='lat' dir='ltr'>et</span> <span class='ocrx_word' id='word_1_64' title='bbox 2638 1506 2744 1549; x_wconf 89' lang='lat' dir='ltr'>sa-</span> 
     </span>
     <span class='ocr_line' id='line_1_12' title="bbox 1185 1588 2740 1678; baseline 0.001 -24"><span class='ocrx_word' id='word_1_65' title='bbox 1185 1591 1463 1678; x_wconf 80' lang='lat' dir='ltr'>pientia.</span> <span class='ocrx_word' id='word_1_66' title='bbox 1504 1588 1836 1657; x_wconf 81' lang='lat' dir='ltr'>Ezecbiel.</span> <span class='ocrx_word' id='word_1_67' title='bbox 1874 1614 1994 1672; x_wconf 77' lang='lat' dir='ltr'>vn,</span> <span class='ocrx_word' id='word_1_68' title='bbox 2044 1594 2130 1657; x_wconf 73' lang='lat'>:26</span> <span class='ocrx_word' id='word_1_69' title='bbox 2203 1614 2217 1658; x_wconf 89' lang='lat'><strong>:</strong></span> <span class='ocrx_word' id='word_1_70' title='bbox 2284 1588 2740 1658; x_wconf 85' lang='lat' dir='ltr'>Conturbatio</span> 
     </span>
     <span class='ocr_line' id='line_1_13' title="bbox 1181 1696 2743 1789; baseline 0 -27"><span class='ocrx_word' id='word_1_71' title='bbox 1181 1720 1390 1787; x_wconf 79' lang='lat' dir='ltr'>super</span> <span class='ocrx_word' id='word_1_72' title='bbox 1417 1697 2005 1765; x_wconf 78' lang='lat' dir='ltr'>conturbationem</span> <span class='ocrx_word' id='word_1_73' title='bbox 2040 1699 2368 1781; x_wconf 82' lang='lat' dir='ltr'>veniet,...</span> <span class='ocrx_word' id='word_1_74' title='bbox 2398 1709 2462 1766; x_wconf 90' lang='lat' dir='ltr'>et</span> <span class='ocrx_word' id='word_1_75' title='bbox 2483 1696 2743 1789; x_wconf 78' lang='lat' dir='ltr'>peribit</span> 
     </span>
     <span class='ocr_line' id='line_1_14' title="bbox 1184 1804 2740 1897; baseline 0.001 -27"><span class='ocrx_word' id='word_1_76' title='bbox 1184 1804 1551 1872; x_wconf 86' lang='lat' dir='ltr'>consilium</span> <span class='ocrx_word' id='word_1_77' title='bbox 1594 1829 1638 1872; x_wconf 92' lang='lat' dir='ltr'>a</span> <span class='ocrx_word' id='word_1_78' title='bbox 1672 1805 2073 1873; x_wconf 85' lang='lat' dir='ltr'>senioribus.</span> <span class='ocrx_word' id='word_1_79' title='bbox 2120 1805 2386 1896; x_wconf 82' lang='lat' dir='ltr'>Quippe</span> <span class='ocrx_word' id='word_1_80' title='bbox 2424 1805 2740 1897; x_wconf 88' lang='lat' dir='ltr'>aliquan·</span> 
     </span>
     <span class='ocr_line' id='line_1_15' title="bbox 1186 1913 2733 2004; baseline 0 -24"><span class='ocrx_word' id='word_1_81' title='bbox 1186 1913 1272 1981; x_wconf 91' lang='lat' dir='ltr'>do</span> <span class='ocrx_word' id='word_1_82' title='bbox 1330 1923 1492 1982; x_wconf 89' lang='lat' dir='ltr'>sunt</span> <span class='ocrx_word' id='word_1_83' title='bbox 1548 1913 1861 1983; x_wconf 88' lang='lat' dir='ltr'>inebriati</span> <span class='ocrx_word' id='word_1_84' title='bbox 1926 1936 2159 1982; x_wconf 85' lang='lat' dir='ltr'>amore</span> <span class='ocrx_word' id='word_1_85' title='bbox 2226 1914 2733 2004; x_wconf 75' lang='lat' dir='ltr'>temporalium.</span> 
     </span>
     <span class='ocr_line' id='line_1_16' title="bbox 1178 2019 2741 2111; baseline 0.001 -26"><span class='ocrx_word' id='word_1_86' title='bbox 1178 2019 1338 2103; x_wconf 82' lang='lat' dir='ltr'>Job,</span> <span class='ocrx_word' id='word_1_87' title='bbox 1392 2044 1515 2103; x_wconf 68' lang='grc' dir='ltr'>χιι,</span> <span class='ocrx_word' id='word_1_88' title='bbox 1566 2023 1650 2089; x_wconf 80' lang='lat'>25</span> <span class='ocrx_word' id='word_1_89' title='bbox 1695 2043 1710 2089; x_wconf 73' lang='grc' dir='ltr'>ε</span> <span class='ocrx_word' id='word_1_90' title='bbox 1769 2023 2031 2088; x_wconf 80' lang='lat' dir='ltr'>Errare</span> <span class='ocrx_word' id='word_1_91' title='bbox 2085 2044 2195 2087; x_wconf 86' lang='lat' dir='ltr'>eos</span> <span class='ocrx_word' id='word_1_92' title='bbox 2249 2023 2463 2110; x_wconf 82' lang='lat' dir='ltr'>saciet</span> <span class='ocrx_word' id='word_1_93' title='bbox 2535 2020 2741 2111; x_wconf 81' lang='lat' dir='ltr'>quasi</span> 
     </span>
     <span class='ocr_line' id='line_1_17' title="bbox 1183 2126 1426 2197; baseline 0.016 -4"><span class='ocrx_word' id='word_1_94' title='bbox 1183 2126 1426 2197; x_wconf 87' lang='lat' dir='ltr'>ebrios.</span> 
     </span>
    </p>
   </div>
   <div class='ocr_carea' id='block_1_3' title="bbox 1175 2459 2741 3622">
    <p class='ocr_par' dir='ltr' id='par_1_3' title="bbox 1182 2459 2740 2853">
     <span class='ocr_line' id='line_1_18' title="bbox 1278 2459 2730 2529; baseline 0.001 -5"><span class='ocrx_word' id='word_1_95' title='bbox 1278 2485 1312 2524; x_wconf 73' lang='lat' dir='ltr'>a</span> <span class='ocrx_word' id='word_1_96' title='bbox 1369 2462 1470 2529; x_wconf 88' lang='lat' dir='ltr'>Et</span> <span class='ocrx_word' id='word_1_97' title='bbox 1504 2459 2002 2529; x_wconf 83' lang='lat' dir='ltr'>clamaverunt.</span> <span class='ocrx_word' id='word_1_98' title='bbox 2044 2492 2076 2523; x_wconf 73' lang='lat' dir='ltr'>n</span> <span class='ocrx_word' id='word_1_99' title='bbox 2136 2461 2263 2529; x_wconf 92' lang='lat' dir='ltr'>llic</span> <span class='ocrx_word' id='word_1_100' title='bbox 2327 2459 2730 2528; x_wconf 88' lang='lat' dir='ltr'>secundum.</span> 
     </span>
     <span class='ocr_line' id='line_1_19' title="bbox 1186 2566 2740 2658; baseline 0 -24"><span class='ocrx_word' id='word_1_101' title='bbox 1186 2566 1545 2634; x_wconf 80' lang='lat' dir='ltr'>Praemissa</span> <span class='ocrx_word' id='word_1_102' title='bbox 1611 2569 1796 2635; x_wconf 90' lang='lat' dir='ltr'>enim</span> <span class='ocrx_word' id='word_1_103' title='bbox 1864 2567 2324 2646; x_wconf 76' lang='lat' dir='ltr'>tribulatione,</span> <span class='ocrx_word' id='word_1_104' title='bbox 2386 2567 2740 2658; x_wconf 84' lang='lat' dir='ltr'>subjungi-</span> 
     </span>
     <span class='ocr_line' id='line_1_20' title="bbox 1182 2675 2737 2753; baseline -0.003 -9"><span class='ocrx_word' id='word_1_105' title='bbox 1182 2687 1291 2744; x_wconf 91' lang='lat' dir='ltr'>tur</span> <span class='ocrx_word' id='word_1_106' title='bbox 1320 2677 1403 2745; x_wconf 91' lang='lat' dir='ltr'>de</span> <span class='ocrx_word' id='word_1_107' title='bbox 1433 2675 1756 2753; x_wconf 87' lang='lat' dir='ltr'>clamore,</span> <span class='ocrx_word' id='word_1_108' title='bbox 1791 2687 1855 2743; x_wconf 87' lang='lat' dir='ltr'>et</span> <span class='ocrx_word' id='word_1_109' title='bbox 1878 2677 2107 2744; x_wconf 80' lang='lat' dir='ltr'>auxilii</span> <span class='ocrx_word' id='word_1_110' title='bbox 2131 2677 2342 2744; x_wconf 73' lang='lat' dir='ltr'>«livini</span> <span class='ocrx_word' id='word_1_111' title='bbox 2371 2677 2737 2744; x_wconf 80' lang='lat' dir='ltr'>invocatio·</span> 
     </span>
     <span class='ocr_line' id='line_1_21' title="bbox 1182 2806 1292 2853; baseline 0 -1"><span class='ocrx_word' id='word_1_112' title='bbox 1182 2806 1292 2853; x_wconf 85' lang='lat' dir='ltr'>ne.</span> 
     </span>
    </p>

    <p class='ocr_par' dir='ltr' id='par_1_4' title="bbox 1175 2894 2741 3622">
     <span class='ocr_line' id='line_1_22' title="bbox 1268 2894 2734 2984; baseline 0 -25"><span class='ocrx_word' id='word_1_113' title='bbox 1268 2895 1384 2961; x_wconf 83' lang='lat' dir='ltr'>Ait</span> <span class='ocrx_word' id='word_1_114' title='bbox 1433 2896 1618 2963; x_wconf 88' lang='lat' dir='ltr'>enim</span> <span class='ocrx_word' id='word_1_115' title='bbox 1663 2917 1678 2963; x_wconf 91' lang='lat'>:</span> <span class='ocrx_word' id='word_1_116' title='bbox 1727 2894 1841 2961; x_wconf 75' lang='lat' dir='ltr'>Sic</span> <span class='ocrx_word' id='word_1_117' title='bbox 1908 2903 2321 2961; x_wconf 73' lang='lat' dir='ltr'>revertenti-s</span> <span class='ocrx_word' id='word_1_118' title='bbox 2380 2917 2498 2984; x_wconf 86' lang='lat' dir='ltr'>per</span> <span class='ocrx_word' id='word_1_119' title='bbox 2547 2916 2734 2959; x_wconf 89' lang='lat' dir='ltr'>mare</span> 
     </span>
     <span class='ocr_line' id='line_1_23' title="bbox 1175 2999 2736 3091; baseline -0.001 -23"><span class='ocrx_word' id='word_1_120' title='bbox 1175 3000 1452 3070; x_wconf 73' lang='lat' dir='ltr'>fuerunt</span> <span class='ocrx_word' id='word_1_121' title='bbox 1482 3004 1554 3070; x_wconf 89' lang='lat' dir='ltr'>in</span> <span class='ocrx_word' id='word_1_122' title='bbox 1570 3000 2034 3081; x_wconf 79' lang='lat' dir='ltr'>tribulatione,</span> <span class='ocrx_word' id='word_1_123' title='bbox 2067 3012 2131 3068; x_wconf 85' lang='lat' dir='ltr'>et</span> <span class='ocrx_word' id='word_1_124' title='bbox 2158 3013 2309 3091; x_wconf 74' lang='lat' dir='ltr'>post</span> <span class='ocrx_word' id='word_1_125' title='bbox 2341 2999 2496 3079; x_wconf 87' lang='lat' dir='ltr'>boc,</span> <span class='ocrx_word' id='word_1_126' title='bbox 2531 3030 2563 3062; x_wconf 72' lang='grc' dir='ltr'>«ι</span> <span class='ocrx_word' id='word_1_127' title='bbox 2594 2999 2736 3067; x_wconf 84' lang='lat' dir='ltr'>cla·</span> 
     </span>
     <span class='ocr_line' id='line_1_24' title="bbox 1178 3108 2737 3180; baseline -0.001 -4"><span class='ocrx_word' id='word_1_128' title='bbox 1178 3120 1539 3178; x_wconf 79' lang='lat' dir='ltr'>moverunt</span> <span class='ocrx_word' id='word_1_129' title='bbox 1573 3110 1673 3178; x_wconf 85' lang='lat' dir='ltr'>ad</span> <span class='ocrx_word' id='word_1_130' title='bbox 1694 3112 2072 3179; x_wconf 78' lang='lat' dir='ltr'>Dominum</span> <span class='ocrx_word' id='word_1_131' title='bbox 2112 3134 2268 3178; x_wconf 88' lang='lat' dir='ltr'>cum</span> <span class='ocrx_word' id='word_1_132' title='bbox 2310 3108 2737 3180; x_wconf 81' lang='lat' dir='ltr'>tribularen-</span> 
     </span>
     <span class='ocr_line' id='line_1_25' title="bbox 1180 3216 2731 3309; baseline 0.001 -24"><span class='ocrx_word' id='word_1_133' title='bbox 1180 3227 1296 3285; x_wconf 90' lang='lat' dir='ltr'>tur</span> <span class='ocrx_word' id='word_1_134' title='bbox 1324 3240 1349 3285; x_wconf 94' lang='lat'>.·</span> <span class='ocrx_word' id='word_1_135' title='bbox 1382 3247 1414 3278; x_wconf 81' lang='grc' dir='ltr'>ιι</span> <span class='ocrx_word' id='word_1_136' title='bbox 1453 3218 1628 3286; x_wconf 86' lang='lat' dir='ltr'>sicut</span> <span class='ocrx_word' id='word_1_137' title='bbox 1659 3218 1754 3285; x_wconf 89' lang='lat' dir='ltr'>illi</span> <span class='ocrx_word' id='word_1_138' title='bbox 1795 3218 1911 3308; x_wconf 90' lang='lat' dir='ltr'>qui</span> <span class='ocrx_word' id='word_1_139' title='bbox 1963 3218 2297 3309; x_wconf 66' lang='lat' dir='ltr'>peribant,</span> <span class='ocrx_word' id='word_1_140' title='bbox 2344 3216 2507 3284; x_wconf 82' lang='lat' dir='ltr'>Jon.</span> <span class='ocrx_word' id='word_1_141' title='bbox 2544 3240 2591 3301; x_wconf 88' lang='lat'>1,</span> <span class='ocrx_word' id='word_1_142' title='bbox 2627 3219 2667 3286; x_wconf 79' lang='lat'>:5</span> <span class='ocrx_word' id='word_1_143' title='bbox 2714 3239 2731 3287; x_wconf 72' lang='grc' dir='ltr'><strong><em>ε</em></strong></span> 
     </span>
     <span class='ocr_line' id='line_1_26' title="bbox 1179 3324 2741 3406; baseline -0.002 -13"><span class='ocrx_word' id='word_1_144' title='bbox 1179 3324 1584 3393; x_wconf 81' lang='lat' dir='ltr'>Timuerunt</span> <span class='ocrx_word' id='word_1_145' title='bbox 1622 3334 1878 3406; x_wconf 59' lang='lat' dir='ltr'>nautae,</span> <span class='ocrx_word' id='word_1_146' title='bbox 1902 3334 1966 3390; x_wconf 88' lang='lat' dir='ltr'>et</span> <span class='ocrx_word' id='word_1_147' title='bbox 1983 3325 2456 3390; x_wconf 81' lang='lat' dir='ltr'>clmnarcrunt</span> <span class='ocrx_word' id='word_1_148' title='bbox 2491 3326 2623 3391; x_wconf 78' lang='lat' dir='ltr'>viri</span> <span class='ocrx_word' id='word_1_149' title='bbox 2642 3324 2741 3391; x_wconf 90' lang='lat' dir='ltr'>ad</span> 
     </span>
     <span class='ocr_line' id='line_1_27' title="bbox 1179 3431 2735 3510; baseline 0.001 -15"><span class='ocrx_word' id='word_1_150' title='bbox 1179 3431 1378 3499; x_wconf 78' lang='lat' dir='ltr'>deum</span> <span class='ocrx_word' id='word_1_151' title='bbox 1416 3453 1649 3498; x_wconf 84' lang='lat' dir='ltr'>suum.</span> <span class='ocrx_word' id='word_1_152' title='bbox 1706 3431 1812 3508; x_wconf 74' lang='lat'>131,</span> <span class='ocrx_word' id='word_1_153' title='bbox 1849 3431 2128 3510; x_wconf 79' lang='lat' dir='ltr'>ibidem,</span> <span class='ocrx_word' id='word_1_154' title='bbox 2173 3440 2232 3505; x_wconf 65' lang='lat'>›²-</span> <span class='ocrx_word' id='word_1_155' title='bbox 2291 3434 2362 3497; x_wconf 74' lang='grc' dir='ltr'>Η</span> <span class='ocrx_word' id='word_1_156' title='bbox 2398 3452 2414 3500; x_wconf 88' lang='lat'>:</span> <span class='ocrx_word' id='word_1_157' title='bbox 2453 3431 2735 3498; x_wconf 84' lang='lat' dir='ltr'>Clama-</span> 
     </span>
     <span class='ocr_line' id='line_1_28' title="bbox 1179 3541 2731 3622; baseline -0.001 -14"><span class='ocrx_word' id='word_1_158' title='bbox 1179 3552 1417 3611; x_wconf 81' lang='lat' dir='ltr'>verunl</span> <span class='ocrx_word' id='word_1_159' title='bbox 1448 3553 1672 3610; x_wconf 75' lang='lat' dir='ltr'>nautae</span> <span class='ocrx_word' id='word_1_160' title='bbox 1704 3541 1802 3608; x_wconf 85' lang='lat' dir='ltr'>ad</span> <span class='ocrx_word' id='word_1_161' title='bbox 1826 3542 2230 3622; x_wconf 82' lang='lat' dir='ltr'>Dominum,</span> <span class='ocrx_word' id='word_1_162' title='bbox 2265 3551 2328 3607; x_wconf 85' lang='lat' dir='ltr'>el</span> <span class='ocrx_word' id='word_1_163' title='bbox 2357 3541 2688 3608; x_wconf 64' lang='lat' dir='ltr'>dicerunt</span> <span class='ocrx_word' id='word_1_164' title='bbox 2710 3564 2731 3607; x_wconf 93' lang='lat'>.·</span> 
     </span>
    </p>
   </div>
   <div class='ocr_carea' id='block_1_4' title="bbox 1153 3642 2733 3741">
    <p class='ocr_par' dir='ltr' id='par_1_5' title="bbox 1153 3642 2733 3741">
     <span class='ocr_line' id='line_1_29' title="bbox 1153 3642 2733 3741; baseline -0.001 -23"><span class='ocrx_word' id='word_1_165' title='bbox 1153 3642 1614 3735; x_wconf 63' lang='lat' dir='ltr'>‘Quaesumus,</span> <span class='ocrx_word' id='word_1_166' title='bbox 1699 3651 2021 3733; x_wconf 81' lang='lat' dir='ltr'>Domine,</span> <span class='ocrx_word' id='word_1_167' title='bbox 2079 3673 2164 3716; x_wconf 91' lang='lat' dir='ltr'>nc</span> <span class='ocrx_word' id='word_1_168' title='bbox 2212 3672 2604 3741; x_wconf 87' lang='lat' dir='ltr'>pereamus.</span> <span class='ocrx_word' id='word_1_169' title='bbox 2651 3647 2733 3717; x_wconf 78' lang='lat' dir='ltr'>Et</span> 
     </span>
    </p>
   </div>
   <div class='ocr_carea' id='block_1_5' title="bbox 1161 3758 2734 4604">
    <p class='ocr_par' dir='ltr' id='par_1_6' title="bbox 1161 3758 2734 4604">
     <span class='ocr_line' id='line_1_30' title="bbox 1178 3758 2730 3829; baseline -0.001 -1"><span class='ocrx_word' id='word_1_170' title='bbox 1178 3762 1273 3828; x_wconf 82' lang='lat' dir='ltr'>ita</span> <span class='ocrx_word' id='word_1_171' title='bbox 1332 3759 1537 3829; x_wconf 84' lang='lat' dir='ltr'>debet</span> <span class='ocrx_word' id='word_1_172' title='bbox 1609 3758 1755 3828; x_wconf 85' lang='lat' dir='ltr'>fieri</span> <span class='ocrx_word' id='word_1_173' title='bbox 1813 3767 1887 3827; x_wconf 90' lang='lat' dir='ltr'>ut</span> <span class='ocrx_word' id='word_1_174' title='bbox 1937 3770 2420 3827; x_wconf 76' lang='lat' dir='ltr'>convertamus</span> <span class='ocrx_word' id='word_1_175' title='bbox 2460 3782 2588 3827; x_wconf 85' lang='lat' dir='ltr'>nos</span> <span class='ocrx_word' id='word_1_176' title='bbox 2644 3758 2730 3826; x_wconf 85' lang='lat' dir='ltr'>ad</span> 
     </span>
     <span class='ocr_line' id='line_1_31' title="bbox 1174 3864 2726 3958; baseline -0.002 -22"><span class='ocrx_word' id='word_1_177' title='bbox 1174 3868 1426 3952; x_wconf 84' lang='lat' dir='ltr'>Deum,</span> <span class='ocrx_word' id='word_1_178' title='bbox 1477 3890 1635 3937; x_wconf 87' lang='lat' dir='ltr'>cum</span> <span class='ocrx_word' id='word_1_179' title='bbox 1678 3889 1815 3935; x_wconf 88' lang='lat' dir='ltr'>non</span> <span class='ocrx_word' id='word_1_180' title='bbox 1874 3891 2237 3958; x_wconf 83' lang='lat' dir='ltr'>possumus</span> <span class='ocrx_word' id='word_1_181' title='bbox 2291 3867 2612 3958; x_wconf 86' lang='lat' dir='ltr'>amplius.</span> <span class='ocrx_word' id='word_1_182' title='bbox 2666 3864 2726 3934; x_wconf 86' lang='lat' dir='ltr'>ll</span> 
     </span>
     <span class='ocr_line' id='line_1_32' title="bbox 1177 3973 2734 4067; baseline -0.001 -25"><span class='ocrx_word' id='word_1_183' title='bbox 1177 3973 1475 4067; x_wconf 84' lang='lat' dir='ltr'>Paralip.</span> <span class='ocrx_word' id='word_1_184' title='bbox 1547 3997 1665 4058; x_wconf 84' lang='lat' dir='ltr'>xx,</span> <span class='ocrx_word' id='word_1_185' title='bbox 1705 3977 1835 4043; x_wconf 81' lang='lat'>¹2:</span> <span class='ocrx_word' id='word_1_186' title='bbox 1883 3975 2053 4044; x_wconf 88' lang='lat' dir='ltr'>Cum</span> <span class='ocrx_word' id='word_1_187' title='bbox 2109 3976 2503 4064; x_wconf 74' lang='lat' dir='ltr'>iynoremus</span> <span class='ocrx_word' id='word_1_188' title='bbox 2558 3973 2734 4065; x_wconf 82' lang='lat' dir='ltr'>quid</span> 
     </span>
     <span class='ocr_line' id='line_1_33' title="bbox 1173 4080 2729 4174; baseline -0.001 -23"><span class='ocrx_word' id='word_1_189' title='bbox 1173 4104 1376 4174; x_wconf 74' lang='lat' dir='ltr'>aqere</span> <span class='ocrx_word' id='word_1_190' title='bbox 1453 4080 1845 4164; x_wconf 76' lang='lat' dir='ltr'>debeamus,</span> <span class='ocrx_word' id='word_1_191' title='bbox 1911 4083 2038 4150; x_wconf 76' lang='lat' dir='ltr'>hoc</span> <span class='ocrx_word' id='word_1_192' title='bbox 2095 4084 2322 4149; x_wconf 77' lang='lat' dir='ltr'>solum</span> <span class='ocrx_word' id='word_1_193' title='bbox 2397 4082 2729 4150; x_wconf 76' lang='lat' dir='ltr'>habemus</span> 
     </span>
     <span class='ocr_line' id='line_1_34' title="bbox 1173 4189 2731 4282; baseline 0.001 -26"><span class='ocrx_word' id='word_1_194' title='bbox 1173 4189 1461 4273; x_wconf 75' lang='lat' dir='ltr'>residui,</span> <span class='ocrx_word' id='word_1_195' title='bbox 1494 4200 1574 4257; x_wconf 83' lang='lat' dir='ltr'>ut</span> <span class='ocrx_word' id='word_1_196' title='bbox 1618 4190 1853 4258; x_wconf 88' lang='lat' dir='ltr'>oculos</span> <span class='ocrx_word' id='word_1_197' title='bbox 1890 4200 2152 4257; x_wconf 81' lang='lat' dir='ltr'>nostros</span> <span class='ocrx_word' id='word_1_198' title='bbox 2191 4192 2583 4282; x_wconf 65' lang='lat' dir='ltr'>dirigamus</span> <span class='ocrx_word' id='word_1_199' title='bbox 2630 4191 2731 4258; x_wconf 88' lang='lat' dir='ltr'>ad</span> 
     </span>
     <span class='ocr_line' id='line_1_35' title="bbox 1171 4294 2722 4391; baseline -0.001 -26"><span class='ocrx_word' id='word_1_200' title='bbox 1171 4307 1256 4366; x_wconf 87' lang='lat' dir='ltr'>te.</span> <span class='ocrx_word' id='word_1_201' title='bbox 1295 4294 1455 4391; x_wconf 28' lang='lat' dir='ltr'>‘Pras</span> <span class='ocrx_word' id='word_1_202' title='bbox 1503 4305 1904 4389; x_wconf 74' lang='lat' dir='ltr'>tempestate</span> <span class='ocrx_word' id='word_1_203' title='bbox 1945 4297 2334 4365; x_wconf 83' lang='lat' dir='ltr'>clamabant</span> <span class='ocrx_word' id='word_1_204' title='bbox 2380 4296 2722 4390; x_wconf 86' lang='lat' dir='ltr'>discipuli,</span> 
     </span>
     <span class='ocr_line' id='line_1_36' title="bbox 1167 4400 2718 4487; baseline 0 -16"><span class='ocrx_word' id='word_1_205' title='bbox 1167 4400 1412 4473; x_wconf 81' lang='lat' dir='ltr'>Mattb.</span> <span class='ocrx_word' id='word_1_206' title='bbox 1454 4425 1603 4487; x_wconf 81' lang='lat' dir='ltr'>vm,</span> <span class='ocrx_word' id='word_1_207' title='bbox 1647 4405 1761 4483; x_wconf 79' lang='lat'>25,</span> <span class='ocrx_word' id='word_1_208' title='bbox 1794 4426 1951 4473; x_wconf 88' lang='lat' dir='ltr'>cum</span> <span class='ocrx_word' id='word_1_209' title='bbox 1990 4403 2303 4472; x_wconf 84' lang='lat' dir='ltr'>dicebant</span> <span class='ocrx_word' id='word_1_210' title='bbox 2338 4426 2355 4472; x_wconf 90' lang='lat'>:</span> <span class='ocrx_word' id='word_1_211' title='bbox 2397 4404 2718 4482; x_wconf 83' lang='lat' dir='ltr'>Domine,</span> 
     </span>
     <span class='ocr_line' id='line_1_37' title="bbox 1161 4511 1913 4604; baseline 0 -25"><span class='ocrx_word' id='word_1_212' title='bbox 1161 4511 1361 4581; x_wconf 79' lang='lat' dir='ltr'>salva</span> <span class='ocrx_word' id='word_1_213' title='bbox 1391 4533 1543 4596; x_wconf 85' lang='lat' dir='ltr'>nos,</span> <span class='ocrx_word' id='word_1_214' title='bbox 1579 4512 1913 4604; x_wconf 84' lang='lat' dir='ltr'>perimus.</span> 
     </span>
    </p>
   </div>
   <div class='ocr_carea' id='block_1_6' title="bbox 1159 4737 2724 5036">
    <p class='ocr_par' dir='ltr' id='par_1_7' title="bbox 1159 4737 2724 5036">
     <span class='ocr_line' id='line_1_38' title="bbox 1262 4737 2724 4830; baseline 0.003 -28"><span class='ocrx_word' id='word_1_215' title='bbox 1262 4766 1293 4802; x_wconf 76' lang='grc' dir='ltr'>ι</span> <span class='ocrx_word' id='word_1_216' title='bbox 1335 4741 1432 4808; x_wconf 83' lang='lat' dir='ltr'>Et</span> <span class='ocrx_word' id='word_1_217' title='bbox 1477 4737 1563 4806; x_wconf 87' lang='lat' dir='ltr'>de</span> <span class='ocrx_word' id='word_1_218' title='bbox 1611 4737 2144 4807; x_wconf 87' lang='lat' dir='ltr'>necessitatibus.</span> <span class='ocrx_word' id='word_1_219' title='bbox 2211 4764 2247 4802; x_wconf 78' lang='grc' dir='ltr'>ιι</span> <span class='ocrx_word' id='word_1_220' title='bbox 2319 4738 2444 4807; x_wconf 81' lang='lat' dir='ltr'>llic</span> <span class='ocrx_word' id='word_1_221' title='bbox 2510 4759 2724 4830; x_wconf 85' lang='lat' dir='ltr'>quar-</span> 
     </span>
     <span class='ocr_line' id='line_1_39' title="bbox 1161 4843 2723 4939; baseline -0.001 -23"><span class='ocrx_word' id='word_1_222' title='bbox 1161 4857 1331 4926; x_wconf 88' lang='lat' dir='ltr'>tum,</span> <span class='ocrx_word' id='word_1_223' title='bbox 1374 4843 1633 4915; x_wconf 75' lang='lat' dir='ltr'>scilicet</span> <span class='ocrx_word' id='word_1_224' title='bbox 1684 4845 1988 4935; x_wconf 84' lang='lat' dir='ltr'>ipsorum</span> <span class='ocrx_word' id='word_1_225' title='bbox 2032 4845 2343 4915; x_wconf 88' lang='lat' dir='ltr'>liberatio</span> <span class='ocrx_word' id='word_1_226' title='bbox 2390 4855 2544 4939; x_wconf 82' lang='lat' dir='ltr'>post</span> <span class='ocrx_word' id='word_1_227' title='bbox 2584 4847 2723 4915; x_wconf 90' lang='lat' dir='ltr'>cla-</span> 
     </span>
     <span class='ocr_line' id='line_1_40' title="bbox 1159 4951 2723 5036; baseline 0.001 -12"><span class='ocrx_word' id='word_1_228' title='bbox 1159 4976 1451 5024; x_wconf 86' lang='lat' dir='ltr'>morem.</span> <span class='ocrx_word' id='word_1_229' title='bbox 1497 4952 1583 5021; x_wconf 84' lang='lat' dir='ltr'>Et</span> <span class='ocrx_word' id='word_1_230' title='bbox 1618 4951 1940 5022; x_wconf 84' lang='lat' dir='ltr'>dicuntur</span> <span class='ocrx_word' id='word_1_231' title='bbox 1965 4955 2119 5025; x_wconf 86' lang='lat' dir='ltr'>tria.</span> <span class='ocrx_word' id='word_1_232' title='bbox 2169 4955 2427 5036; x_wconf 81' lang='lat' dir='ltr'>l‘rimo,</span> <span class='ocrx_word' id='word_1_233' title='bbox 2468 4955 2723 5025; x_wconf 84' lang='lat' dir='ltr'>libera-</span> 
     </span>
    </p>
   </div>
   <div class='ocr_carea' id='block_1_7' title="bbox 1127 5057 2715 5148">
    <p class='ocr_par' dir='ltr' id='par_1_8' title="bbox 1127 5057 2715 5148">
     <span class='ocr_line' id='line_1_41' title="bbox 1127 5057 2715 5148; baseline 0.002 -18"><span class='ocrx_word' id='word_1_234' title='bbox 1127 5057 1279 5133; x_wconf 76' lang='lat' dir='ltr'>&#39;tio.</span> <span class='ocrx_word' id='word_1_235' title='bbox 1343 5059 1693 5145; x_wconf 86' lang='lat' dir='ltr'>Secundo,</span> <span class='ocrx_word' id='word_1_236' title='bbox 1770 5060 2193 5132; x_wconf 76' lang='lat' dir='ltr'>liberationis</span> <span class='ocrx_word' id='word_1_237' title='bbox 2245 5063 2521 5148; x_wconf 81' lang='lat' dir='ltr'>modus,</span> <span class='ocrx_word' id='word_1_238' title='bbox 2591 5064 2715 5148; x_wconf 88' lang='lat' dir='ltr'>ibi,</span> 
     </span>
    </p>
   </div>
   <div class='ocr_carea' id='block_1_8' title="bbox 1161 5171 2715 5367">
    <p class='ocr_par' dir='ltr' id='par_1_9' title="bbox 1161 5171 2715 5367">
     <span class='ocr_line' id='line_1_42' title="bbox 1161 5171 2714 5262; baseline 0.002 -22"><span class='ocrx_word' id='word_1_239' title='bbox 1161 5179 1223 5250; x_wconf 71' lang='lat'>5.</span> <span class='ocrx_word' id='word_1_240' title='bbox 1267 5174 1353 5241; x_wconf 80' lang='lat'>29</span> <span class='ocrx_word' id='word_1_241' title='bbox 1388 5193 1407 5242; x_wconf 70' lang='grc' dir='ltr'><strong><em>ι</em></strong></span> <span class='ocrx_word' id='word_1_242' title='bbox 1448 5201 1483 5236; x_wconf 77' lang='grc' dir='ltr'>ι</span> <span class='ocrx_word' id='word_1_243' title='bbox 1512 5173 1613 5240; x_wconf 83' lang='lat' dir='ltr'>Et</span> <span class='ocrx_word' id='word_1_244' title='bbox 1651 5171 1901 5239; x_wconf 75' lang='lat' dir='ltr'>statuit</span> <span class='ocrx_word' id='word_1_245' title='bbox 1929 5171 2338 5262; x_wconf 81' lang='lat' dir='ltr'>procellam.</span> <span class='ocrx_word' id='word_1_246' title='bbox 2374 5199 2410 5237; x_wconf 79' lang='grc' dir='ltr'>ιι</span> <span class='ocrx_word' id='word_1_247' title='bbox 2456 5173 2714 5260; x_wconf 85' lang='lat' dir='ltr'>Tertio,</span> 
     </span>
     <span class='ocr_line' id='line_1_43' title="bbox 1161 5274 2715 5367; baseline 0.001 -23"><span class='ocrx_word' id='word_1_248' title='bbox 1161 5276 1529 5346; x_wconf 76' lang='lat' dir='ltr'>exsultatio</span> <span class='ocrx_word' id='word_1_249' title='bbox 1568 5284 1637 5345; x_wconf 90' lang='lat' dir='ltr'>et</span> <span class='ocrx_word' id='word_1_250' title='bbox 1657 5274 1892 5344; x_wconf 78' lang='lat' dir='ltr'>laetitia</span> <span class='ocrx_word' id='word_1_251' title='bbox 1929 5298 2052 5367; x_wconf 84' lang='lat' dir='ltr'>pro</span> <span class='ocrx_word' id='word_1_252' title='bbox 2091 5277 2558 5361; x_wconf 86' lang='lat' dir='ltr'>tribulatione,</span> <span class='ocrx_word' id='word_1_253' title='bbox 2590 5277 2715 5363; x_wconf 87' lang='lat' dir='ltr'>ibi,</span> 
     </span>
    </p>
   </div>
   <div class='ocr_carea' id='block_1_9' title="bbox 1156 5386 2716 5588">
    <p class='ocr_par' dir='ltr' id='par_1_10' title="bbox 1156 5386 2716 5588">
     <span class='ocr_line' id='line_1_44' title="bbox 1156 5386 2152 5465; baseline -0.005 -10"><span class='ocrx_word' id='word_1_254' title='bbox 1156 5395 1221 5465; x_wconf 63' lang='lat' dir='ltr'>y.</span> <span class='ocrx_word' id='word_1_255' title='bbox 1263 5386 1350 5457; x_wconf 83' lang='lat'>30</span> <span class='ocrx_word' id='word_1_256' title='bbox 1383 5408 1403 5458; x_wconf 68' lang='grc' dir='ltr'><strong><em>ε</em></strong></span> <span class='ocrx_word' id='word_1_257' title='bbox 1449 5416 1484 5451; x_wconf 77' lang='grc' dir='ltr'>ι</span> <span class='ocrx_word' id='word_1_258' title='bbox 1525 5389 1622 5458; x_wconf 72' lang='grc' dir='ltr'>ΕΙ</span> <span class='ocrx_word' id='word_1_259' title='bbox 1651 5386 1871 5457; x_wconf 73' lang='lat' dir='ltr'>letati</span> <span class='ocrx_word' id='word_1_260' title='bbox 1899 5398 2084 5454; x_wconf 82' lang='lat' dir='ltr'>sunt.</span> <span class='ocrx_word' id='word_1_261' title='bbox 2120 5415 2152 5449; x_wconf 73' lang='grc' dir='ltr'>ι</span> 
     </span>
     <span class='ocr_line' id='line_1_45' title="bbox 1247 5493 2716 5588; baseline 0.004 -24"><span class='ocrx_word' id='word_1_262' title='bbox 1247 5494 1427 5565; x_wconf 82' lang='lat' dir='ltr'>Dicit</span> <span class='ocrx_word' id='word_1_263' title='bbox 1453 5516 1619 5588; x_wconf 77' lang='lat' dir='ltr'>ergo</span> <span class='ocrx_word' id='word_1_264' title='bbox 1677 5517 1696 5565; x_wconf 70' lang='grc' dir='ltr'><strong>ε</strong></span> <span class='ocrx_word' id='word_1_265' title='bbox 1731 5493 1845 5564; x_wconf 87' lang='lat' dir='ltr'>Sic</span> <span class='ocrx_word' id='word_1_266' title='bbox 1907 5495 2403 5581; x_wconf 79' lang='lat' dir='ltr'>clamaverunt,</span> <span class='ocrx_word' id='word_1_267' title='bbox 2456 5524 2490 5563; x_wconf 75' lang='grc' dir='ltr'>ι</span> <span class='ocrx_word' id='word_1_268' title='bbox 2529 5507 2595 5565; x_wconf 85' lang='lat' dir='ltr'>et</span> <span class='ocrx_word' id='word_1_269' title='bbox 2630 5500 2716 5569; x_wconf 87' lang='lat' dir='ltr'>de</span> 
     </span>
    </p>
   </div>
   <div class='ocr_carea' id='block_1_10' title="bbox 1231 5706 2712 5778">
    <p class='ocr_par' dir='ltr' id='par_1_11' title="bbox 1231 5706 2712 5778">
     <span class='ocr_line' id='line_1_46' title="bbox 1231 5706 2712 5778; baseline 0.001 -14"><span class='ocrx_word' id='word_1_270' title='bbox 1231 5708 1248 5744; x_wconf 79' lang='lat'>⁸</span> <span class='ocrx_word' id='word_1_271' title='bbox 1279 5707 1366 5766; x_wconf 84' lang='lat' dir='ltr'>Ct&#39;.</span> <span class='ocrx_word' id='word_1_272' title='bbox 1400 5706 1605 5766; x_wconf 65' lang='lat' dir='ltr'>naith.</span> <span class='ocrx_word' id='word_1_273' title='bbox 1637 5719 1751 5773; x_wconf 72' lang='lat' dir='ltr'>vlu,</span> <span class='ocrx_word' id='word_1_274' title='bbox 1783 5706 1853 5759; x_wconf 77' lang='lat'>2³</span> <span class='ocrx_word' id='word_1_275' title='bbox 1887 5711 1949 5760; x_wconf 86' lang='lat' dir='ltr'>et</span> <span class='ocrx_word' id='word_1_276' title='bbox 1994 5721 2120 5778; x_wconf 75' lang='lat' dir='ltr'>seq.</span> <span class='ocrx_word' id='word_1_277' title='bbox 2156 5723 2175 5775; x_wconf 75' lang='grc' dir='ltr'>ς</span> <span class='ocrx_word' id='word_1_278' title='bbox 2205 5707 2382 5766; x_wconf 67' lang='lat' dir='ltr'>liare.</span> <span class='ocrx_word' id='word_1_279' title='bbox 2444 5725 2520 5778; x_wconf 83' lang='grc' dir='ltr'>ιν,</span> <span class='ocrx_word' id='word_1_280' title='bbox 2548 5710 2622 5768; x_wconf 72' lang='grc'>36</span> <span class='ocrx_word' id='word_1_281' title='bbox 2651 5713 2712 5765; x_wconf 84' lang='lat' dir='ltr'>et</span> 
     </span>
    </p>
   </div>
   <div class='ocr_carea' id='block_1_11' title="bbox 4286 339 4409 404">
    <p class='ocr_par' dir='ltr' id='par_1_12' title="bbox 4286 339 4409 404">
     <span class='ocr_line' id='line_1_47' title="bbox 4286 339 4409 404; baseline 0.016 -2"><span class='ocrx_word' id='word_1_282' title='bbox 4286 339 4409 404; x_wconf 79' lang='lat'><strong>1:23</strong></span> 
     </span>
    </p>
   </div>
   <div class='ocr_carea' id='block_1_12' title="bbox 2850 509 4407 901">
    <p class='ocr_par' dir='ltr' id='par_1_13' title="bbox 2850 509 4407 901">
     <span class='ocr_line' id='line_1_48' title="bbox 2853 509 4406 578; baseline 0 -2"><span class='ocrx_word' id='word_1_283' title='bbox 2853 511 3361 578; x_wconf 80' lang='lat' dir='ltr'>necessitatibus</span> <span class='ocrx_word' id='word_1_284' title='bbox 3391 533 3627 578; x_wconf 83' lang='lat' dir='ltr'>eorum</span> <span class='ocrx_word' id='word_1_285' title='bbox 3670 509 3911 575; x_wconf 75' lang='lat' dir='ltr'>eduxit</span> <span class='ocrx_word' id='word_1_286' title='bbox 3939 535 4048 575; x_wconf 84' lang='lat' dir='ltr'>eos</span> <span class='ocrx_word' id='word_1_287' title='bbox 4085 538 4115 570; x_wconf 79' lang='lat' dir='ltr'>n</span> <span class='ocrx_word' id='word_1_288' title='bbox 4156 510 4224 576; x_wconf 86' lang='lat' dir='ltr'>in</span> <span class='ocrx_word' id='word_1_289' title='bbox 4268 520 4406 578; x_wconf 80' lang='lat' dir='ltr'>ler-</span> 
     </span>
     <span class='ocr_line' id='line_1_49' title="bbox 2850 614 4398 699; baseline -0.002 -14"><span class='ocrx_word' id='word_1_290' title='bbox 2850 641 2995 685; x_wconf 87' lang='lat' dir='ltr'>ram</span> <span class='ocrx_word' id='word_1_291' title='bbox 3036 643 3254 699; x_wconf 88' lang='lat' dir='ltr'>suam,</span> <span class='ocrx_word' id='word_1_292' title='bbox 3316 616 3570 685; x_wconf 89' lang='lat' dir='ltr'>scilicet</span> <span class='ocrx_word' id='word_1_293' title='bbox 3632 619 3990 684; x_wconf 87' lang='lat' dir='ltr'>interram</span> <span class='ocrx_word' id='word_1_294' title='bbox 4050 614 4398 683; x_wconf 76' lang='lat' dir='ltr'>Cltanaan.</span> 
     </span>
     <span class='ocr_line' id='line_1_50' title="bbox 2853 723 4407 816; baseline -0.003 -24"><span class='ocrx_word' id='word_1_295' title='bbox 2853 724 2965 793; x_wconf 84' lang='lat' dir='ltr'>Sic</span> <span class='ocrx_word' id='word_1_296' title='bbox 2985 725 3421 816; x_wconf 88' lang='lat' dir='ltr'>spiritualiter</span> <span class='ocrx_word' id='word_1_297' title='bbox 3446 724 4091 815; x_wconf 74' lang='lat' dir='ltr'>DoininuS,quando</span> <span class='ocrx_word' id='word_1_298' title='bbox 4114 723 4407 789; x_wconf 83' lang='lat' dir='ltr'>clamant</span> 
     </span>
     <span class='ocr_line' id='line_1_51' title="bbox 2850 833 4403 901; baseline -0.002 0"><span class='ocrx_word' id='word_1_299' title='bbox 2850 835 3123 901; x_wconf 87' lang='lat' dir='ltr'>adeum</span> <span class='ocrx_word' id='word_1_300' title='bbox 3192 833 3464 900; x_wconf 83' lang='lat' dir='ltr'>I&#39;raelati</span> <span class='ocrx_word' id='word_1_301' title='bbox 3513 834 3583 899; x_wconf 88' lang='lat' dir='ltr'>in</span> <span class='ocrx_word' id='word_1_302' title='bbox 3650 836 3791 900; x_wconf 89' lang='lat' dir='ltr'>suis</span> <span class='ocrx_word' id='word_1_303' title='bbox 3850 833 4403 900; x_wconf 78' lang='lat' dir='ltr'>tribulationibus</span> 
     </span>
    </p>
   </div>
   <div class='ocr_carea' id='block_1_13' title="bbox 2851 939 4467 1030">
    <p class='ocr_par' dir='ltr' id='par_1_14' title="bbox 2851 939 4467 1030">
     <span class='ocr_line' id='line_1_52' title="bbox 2851 939 4467 1030; baseline -0.001 -22"><span class='ocrx_word' id='word_1_304' title='bbox 2851 950 2915 1008; x_wconf 93' lang='lat' dir='ltr'>et</span> <span class='ocrx_word' id='word_1_305' title='bbox 2953 941 3491 1017; x_wconf 84' lang='lat' dir='ltr'>necessitatibus,</span> <span class='ocrx_word' id='word_1_306' title='bbox 3530 942 3671 1030; x_wconf 88' lang='lat' dir='ltr'>ipse</span> <span class='ocrx_word' id='word_1_307' title='bbox 3705 942 3888 1007; x_wconf 86' lang='lat' dir='ltr'>viam</span> <span class='ocrx_word' id='word_1_308' title='bbox 3922 941 4102 1021; x_wconf 81' lang='lat' dir='ltr'>lacit,</span> <span class='ocrx_word' id='word_1_309' title='bbox 4138 950 4200 1006; x_wconf 82' lang='lat' dir='ltr'>et</span> <span class='ocrx_word' id='word_1_310' title='bbox 4231 939 4403 1006; x_wconf 89' lang='lat' dir='ltr'>libe-</span> <span class='ocrx_word' id='word_1_311' title='bbox 4462 987 4467 994; x_wconf 82' lang='lat'><em>-</em></span> 
     </span>
    </p>
   </div>
   <div class='ocr_carea' id='block_1_14' title="bbox 2843 1045 4401 1889">
    <p class='ocr_par' dir='ltr' id='par_1_15' title="bbox 2843 1045 4401 1889">
     <span class='ocr_line' id='line_1_53' title="bbox 2852 1045 4394 1123; baseline -0.001 -10"><span class='ocrx_word' id='word_1_312' title='bbox 2852 1056 2955 1113; x_wconf 88' lang='lat' dir='ltr'>rat</span> <span class='ocrx_word' id='word_1_313' title='bbox 2992 1068 3107 1112; x_wconf 85' lang='lat' dir='ltr'>eos</span> <span class='ocrx_word' id='word_1_314' title='bbox 3147 1069 3302 1112; x_wconf 90' lang='lat' dir='ltr'>cum</span> <span class='ocrx_word' id='word_1_315' title='bbox 3343 1047 3507 1112; x_wconf 89' lang='lat' dir='ltr'>suis.</span> <span class='ocrx_word' id='word_1_316' title='bbox 3572 1045 3702 1113; x_wconf 85' lang='lat' dir='ltr'>lsa.</span> <span class='ocrx_word' id='word_1_317' title='bbox 3765 1069 3996 1123; x_wconf 67' lang='lat' dir='ltr'>xavui,</span> <span class='ocrx_word' id='word_1_318' title='bbox 4049 1047 4129 1112; x_wconf 82' lang='grc'>16</span> <span class='ocrx_word' id='word_1_319' title='bbox 4162 1054 4226 1112; x_wconf 88' lang='lat' dir='ltr'>et</span> <span class='ocrx_word' id='word_1_320' title='bbox 4264 1046 4338 1110; x_wconf 82' lang='lat' dir='ltr'>l&#39;i</span> <span class='ocrx_word' id='word_1_321' title='bbox 4381 1064 4394 1112; x_wconf 78' lang='lat' dir='ltr'><em>z</em></span> 
     </span>
     <span class='ocr_line' id='line_1_54' title="bbox 2849 1151 4401 1242; baseline -0.002 -23"><span class='ocrx_word' id='word_1_322' title='bbox 2849 1154 3009 1219; x_wconf 56' lang='lat' dir='ltr'>Ilaec</span> <span class='ocrx_word' id='word_1_323' title='bbox 3051 1152 3219 1218; x_wconf 80' lang='lat' dir='ltr'>(licit</span> <span class='ocrx_word' id='word_1_324' title='bbox 3267 1154 3636 1231; x_wconf 84' lang='lat' dir='ltr'>Dominus,</span> <span class='ocrx_word' id='word_1_325' title='bbox 3698 1153 3821 1242; x_wconf 85' lang='lat' dir='ltr'>qui</span> <span class='ocrx_word' id='word_1_326' title='bbox 3878 1151 4068 1219; x_wconf 85' lang='lat' dir='ltr'>dedit</span> <span class='ocrx_word' id='word_1_327' title='bbox 4109 1153 4178 1218; x_wconf 86' lang='lat' dir='ltr'>in</span> <span class='ocrx_word' id='word_1_328' title='bbox 4219 1152 4401 1216; x_wconf 85' lang='lat' dir='ltr'>mari</span> 
     </span>
     <span class='ocr_line' id='line_1_55' title="bbox 2852 1258 4396 1349; baseline -0.001 -23"><span class='ocrx_word' id='word_1_329' title='bbox 2852 1260 3061 1342; x_wconf 76' lang='lat' dir='ltr'>ciam,</span> <span class='ocrx_word' id='word_1_330' title='bbox 3095 1269 3156 1325; x_wconf 89' lang='lat' dir='ltr'>et</span> <span class='ocrx_word' id='word_1_331' title='bbox 3196 1261 3266 1325; x_wconf 86' lang='lat' dir='ltr'>in</span> <span class='ocrx_word' id='word_1_332' title='bbox 3315 1262 3516 1349; x_wconf 85' lang='lat' dir='ltr'>aquis</span> <span class='ocrx_word' id='word_1_333' title='bbox 3555 1258 3970 1326; x_wconf 79' lang='lat' dir='ltr'>torrentibus</span> <span class='ocrx_word' id='word_1_334' title='bbox 4016 1261 4330 1327; x_wconf 82' lang='lat' dir='ltr'>semitam</span> <span class='ocrx_word' id='word_1_335' title='bbox 4374 1281 4396 1325; x_wconf 90' lang='lat'>.·</span> 
     </span>
     <span class='ocr_line' id='line_1_56' title="bbox 2847 1365 4400 1459; baseline 0 -26"><span class='ocrx_word' id='word_1_336' title='bbox 2847 1369 2969 1458; x_wconf 85' lang='lat' dir='ltr'>qui</span> <span class='ocrx_word' id='word_1_337' title='bbox 3025 1368 3265 1435; x_wconf 73' lang='lat' dir='ltr'>eduxit</span> <span class='ocrx_word' id='word_1_338' title='bbox 3322 1369 3742 1458; x_wconf 76' lang='lat' dir='ltr'>quadriqam</span> <span class='ocrx_word' id='word_1_339' title='bbox 3800 1378 3864 1434; x_wconf 91' lang='lat' dir='ltr'>et</span> <span class='ocrx_word' id='word_1_340' title='bbox 3928 1392 4201 1459; x_wconf 86' lang='lat' dir='ltr'>equum.</span> <span class='ocrx_word' id='word_1_341' title='bbox 4269 1365 4400 1433; x_wconf 83' lang='lat' dir='ltr'>Sa-</span> 
     </span>
     <span class='ocr_line' id='line_1_57' title="bbox 2845 1475 4398 1564; baseline 0 -24"><span class='ocrx_word' id='word_1_342' title='bbox 2845 1477 3056 1564; x_wconf 85' lang='lat' dir='ltr'>pient.</span> <span class='ocrx_word' id='word_1_343' title='bbox 3102 1499 3170 1555; x_wconf 83' lang='lat' dir='ltr'>x,</span> <span class='ocrx_word' id='word_1_344' title='bbox 3221 1478 3297 1543; x_wconf 84' lang='lat'>19</span> <span class='ocrx_word' id='word_1_345' title='bbox 3336 1498 3350 1544; x_wconf 86' lang='lat'><strong>:</strong></span> <span class='ocrx_word' id='word_1_346' title='bbox 3386 1477 3709 1544; x_wconf 84' lang='lat' dir='ltr'>Inimicos</span> <span class='ocrx_word' id='word_1_347' title='bbox 3740 1475 4029 1544; x_wconf 85' lang='lat' dir='ltr'>illorum</span> <span class='ocrx_word' id='word_1_348' title='bbox 4082 1477 4398 1542; x_wconf 75' lang='lat' dir='ltr'>demersit</span> 
     </span>
     <span class='ocr_line' id='line_1_58' title="bbox 2845 1583 4396 1672; baseline 0 -22"><span class='ocrx_word' id='word_1_349' title='bbox 2845 1585 2915 1650; x_wconf 88' lang='lat' dir='ltr'>in</span> <span class='ocrx_word' id='word_1_350' title='bbox 2948 1607 3160 1662; x_wconf 84' lang='lat' dir='ltr'>mare,</span> <span class='ocrx_word' id='word_1_351' title='bbox 3194 1595 3257 1651; x_wconf 90' lang='lat' dir='ltr'>et</span> <span class='ocrx_word' id='word_1_352' title='bbox 3296 1583 3382 1652; x_wconf 88' lang='lat' dir='ltr'>ab</span> <span class='ocrx_word' id='word_1_353' title='bbox 3411 1583 3786 1651; x_wconf 82' lang='lat' dir='ltr'>altitudine</span> <span class='ocrx_word' id='word_1_354' title='bbox 3817 1586 4199 1672; x_wconf 77' lang='lat' dir='ltr'>inferorum</span> <span class='ocrx_word' id='word_1_355' title='bbox 4237 1583 4396 1650; x_wconf 88' lang='lat' dir='ltr'>edu-</span> 
     </span>
     <span class='ocr_line' id='line_1_59' title="bbox 2843 1690 4398 1781; baseline -0.001 -24"><span class='ocrx_word' id='word_1_356' title='bbox 2843 1691 2951 1757; x_wconf 71' lang='lat' dir='ltr'>oeit</span> <span class='ocrx_word' id='word_1_357' title='bbox 2973 1690 3158 1758; x_wconf 89' lang='lat' dir='ltr'>illos.</span> <span class='ocrx_word' id='word_1_358' title='bbox 3205 1690 3365 1769; x_wconf 69' lang='lat' dir='ltr'>lob,</span> <span class='ocrx_word' id='word_1_359' title='bbox 3407 1713 3647 1770; x_wconf 75' lang='lat' dir='ltr'>xxxin,</span> <span class='ocrx_word' id='word_1_360' title='bbox 3709 1691 3846 1758; x_wconf 73' lang='lat'>213:</span> <span class='ocrx_word' id='word_1_361' title='bbox 3906 1690 4398 1781; x_wconf 85' lang='lat' dir='ltr'>Deprecabitur</span> 
     </span>
     <span class='ocr_line' id='line_1_60' title="bbox 2845 1787 4016 1889; baseline 0 -25"><span class='ocrx_word' id='word_1_362' title='bbox 2845 1798 3249 1878; x_wconf 88' lang='lat' dir='ltr'>Dominum,</span> <span class='ocrx_word' id='word_1_363' title='bbox 3283 1808 3344 1864; x_wconf 90' lang='lat' dir='ltr'>et</span> <span class='ocrx_word' id='word_1_364' title='bbox 3366 1797 3747 1889; x_wconf 87' lang='lat' dir='ltr'>placabilis</span> <span class='ocrx_word' id='word_1_365' title='bbox 3775 1787 3849 1864; x_wconf 79' lang='lat' dir='ltr'>ei</span> <span class='ocrx_word' id='word_1_366' title='bbox 3867 1800 4016 1866; x_wconf 88' lang='lat' dir='ltr'>erit.</span> 
     </span>
    </p>
   </div>
   <div class='ocr_carea' id='block_1_15' title="bbox 2827 2119 4394 5030">
    <p class='ocr_par' dir='ltr' id='par_1_16' title="bbox 2841 2119 4392 2641">
     <span class='ocr_line' id='line_1_61' title="bbox 2935 2119 4391 2211; baseline 0.003 -28"><span class='ocrx_word' id='word_1_367' title='bbox 2935 2146 2970 2183; x_wconf 74' lang='grc' dir='ltr'><strong>α</strong></span> <span class='ocrx_word' id='word_1_368' title='bbox 3011 2120 3108 2187; x_wconf 88' lang='lat' dir='ltr'>Et</span> <span class='ocrx_word' id='word_1_369' title='bbox 3157 2121 3408 2188; x_wconf 88' lang='lat' dir='ltr'>statuit</span> <span class='ocrx_word' id='word_1_370' title='bbox 3455 2120 3865 2211; x_wconf 84' lang='lat' dir='ltr'>procellam.</span> <span class='ocrx_word' id='word_1_371' title='bbox 3892 2150 3925 2181; x_wconf 74' lang='lat' dir='ltr'>u</span> <span class='ocrx_word' id='word_1_372' title='bbox 3990 2119 4119 2188; x_wconf 81' lang='lat' dir='ltr'>llic</span> <span class='ocrx_word' id='word_1_373' title='bbox 4146 2142 4391 2189; x_wconf 85' lang='lat' dir='ltr'>secun-</span> 
     </span>
     <span class='ocr_line' id='line_1_62' title="bbox 2843 2226 4383 2320; baseline 0.001 -26"><span class='ocrx_word' id='word_1_374' title='bbox 2843 2226 3030 2309; x_wconf 86' lang='lat' dir='ltr'>dum,</span> <span class='ocrx_word' id='word_1_375' title='bbox 3067 2229 3137 2295; x_wconf 90' lang='lat' dir='ltr'>in</span> <span class='ocrx_word' id='word_1_376' title='bbox 3167 2251 3304 2319; x_wconf 86' lang='lat' dir='ltr'>quo</span> <span class='ocrx_word' id='word_1_377' title='bbox 3330 2230 3634 2320; x_wconf 83' lang='lat' dir='ltr'>tangitur</span> <span class='ocrx_word' id='word_1_378' title='bbox 3661 2229 3908 2298; x_wconf 89' lang='lat' dir='ltr'>modus</span> <span class='ocrx_word' id='word_1_379' title='bbox 3937 2227 4383 2309; x_wconf 73' lang='lat' dir='ltr'>liberationiS,</span> 
     </span>
     <span class='ocr_line' id='line_1_63' title="bbox 2844 2336 4391 2426; baseline 0.003 -24"><span class='ocrx_word' id='word_1_380' title='bbox 2844 2336 2958 2426; x_wconf 87' lang='lat' dir='ltr'>qui</span> <span class='ocrx_word' id='word_1_381' title='bbox 3000 2337 3381 2405; x_wconf 88' lang='lat' dir='ltr'>ostenditur</span> <span class='ocrx_word' id='word_1_382' title='bbox 3407 2339 3477 2405; x_wconf 88' lang='lat' dir='ltr'>in</span> <span class='ocrx_word' id='word_1_383' title='bbox 3507 2336 3801 2408; x_wconf 89' lang='lat' dir='ltr'>duobus.</span> <span class='ocrx_word' id='word_1_384' title='bbox 3835 2336 3913 2406; x_wconf 90' lang='lat' dir='ltr'>ln</span> <span class='ocrx_word' id='word_1_385' title='bbox 3944 2340 4391 2407; x_wconf 86' lang='lat' dir='ltr'>conversione</span> 
     </span>
     <span class='ocr_line' id='line_1_64' title="bbox 2842 2446 4392 2531; baseline 0.001 -20"><span class='ocrx_word' id='word_1_386' title='bbox 2842 2455 3202 2513; x_wconf 78' lang='lat' dir='ltr'>ventorum</span> <span class='ocrx_word' id='word_1_387' title='bbox 3266 2446 3336 2514; x_wconf 90' lang='lat' dir='ltr'>in</span> <span class='ocrx_word' id='word_1_388' title='bbox 3394 2469 3632 2514; x_wconf 90' lang='lat' dir='ltr'>auram</span> <span class='ocrx_word' id='word_1_389' title='bbox 3691 2446 3943 2531; x_wconf 89' lang='lat' dir='ltr'>lenem,</span> <span class='ocrx_word' id='word_1_390' title='bbox 4022 2457 4090 2516; x_wconf 89' lang='lat' dir='ltr'>et</span> <span class='ocrx_word' id='word_1_391' title='bbox 4143 2449 4214 2514; x_wconf 90' lang='lat' dir='ltr'>in</span> <span class='ocrx_word' id='word_1_392' title='bbox 4267 2447 4392 2514; x_wconf 88' lang='lat' dir='ltr'>ssu-</span> 
     </span>
     <span class='ocr_line' id='line_1_65' title="bbox 2841 2555 4318 2641; baseline 0.001 -19"><span class='ocrx_word' id='word_1_393' title='bbox 2841 2564 3074 2623; x_wconf 86' lang='lat' dir='ltr'>ctuum</span> <span class='ocrx_word' id='word_1_394' title='bbox 3103 2555 3478 2639; x_wconf 88' lang='lat' dir='ltr'>sedatione,</span> <span class='ocrx_word' id='word_1_395' title='bbox 3522 2558 3641 2641; x_wconf 90' lang='lat' dir='ltr'>ibi,</span> <span class='ocrx_word' id='word_1_396' title='bbox 3680 2584 3712 2623; x_wconf 75' lang='grc' dir='ltr'><em>α</em></span> <span class='ocrx_word' id='word_1_397' title='bbox 3749 2561 3843 2627; x_wconf 84' lang='grc' dir='ltr'>ΕΙ</span> <span class='ocrx_word' id='word_1_398' title='bbox 3877 2558 4247 2628; x_wconf 87' lang='lat' dir='ltr'>siluerunt.</span> <span class='ocrx_word' id='word_1_399' title='bbox 4285 2584 4318 2624; x_wconf 69' lang='lat' dir='ltr'>s</span> 
     </span>
    </p>

    <p class='ocr_par' dir='ltr' id='par_1_17' title="bbox 2833 2662 4394 3736">
     <span class='ocr_line' id='line_1_66' title="bbox 2936 2662 4390 2758; baseline 0.003 -29"><span class='ocrx_word' id='word_1_400' title='bbox 2936 2662 3109 2730; x_wconf 87' lang='lat' dir='ltr'>Dicit</span> <span class='ocrx_word' id='word_1_401' title='bbox 3152 2688 3315 2755; x_wconf 76' lang='lat' dir='ltr'>ergo</span> <span class='ocrx_word' id='word_1_402' title='bbox 3352 2688 3367 2733; x_wconf 73' lang='grc' dir='ltr'>ε</span> <span class='ocrx_word' id='word_1_403' title='bbox 3406 2663 3520 2733; x_wconf 88' lang='lat' dir='ltr'>Sic</span> <span class='ocrx_word' id='word_1_404' title='bbox 3558 2666 3725 2750; x_wconf 73' lang='lat' dir='ltr'>dixi,</span> <span class='ocrx_word' id='word_1_405' title='bbox 3783 2666 3969 2758; x_wconf 86' lang='lat' dir='ltr'>quod</span> <span class='ocrx_word' id='word_1_406' title='bbox 4008 2666 4241 2735; x_wconf 80' lang='lat' dir='ltr'>eduxit</span> <span class='ocrx_word' id='word_1_407' title='bbox 4273 2689 4390 2734; x_wconf 83' lang='lat' dir='ltr'>eos</span> 
     </span>
     <span class='ocr_line' id='line_1_67' title="bbox 2840 2768 4391 2855; baseline 0.004 -19"><span class='ocrx_word' id='word_1_408' title='bbox 2840 2768 2920 2837; x_wconf 85' lang='lat' dir='ltr'>de</span> <span class='ocrx_word' id='word_1_409' title='bbox 2983 2769 3533 2841; x_wconf 83' lang='lat' dir='ltr'>tribulationibus</span> <span class='ocrx_word' id='word_1_410' title='bbox 3590 2798 3860 2855; x_wconf 89' lang='lat' dir='ltr'>eorum,</span> <span class='ocrx_word' id='word_1_411' title='bbox 3927 2805 3958 2839; x_wconf 76' lang='grc' dir='ltr'>α</span> <span class='ocrx_word' id='word_1_412' title='bbox 4027 2785 4092 2844; x_wconf 87' lang='lat' dir='ltr'>et</span> <span class='ocrx_word' id='word_1_413' title='bbox 4144 2776 4391 2843; x_wconf 82' lang='lat' dir='ltr'>statuit</span> 
     </span>
     <span class='ocr_line' id='line_1_68' title="bbox 2833 2882 4391 2974; baseline 0.004 -25"><span class='ocrx_word' id='word_1_414' title='bbox 2833 2882 3277 2974; x_wconf 53' lang='lat' dir='ltr'>procellarnm</span> <span class='ocrx_word' id='word_1_415' title='bbox 3307 2896 3672 2956; x_wconf 75' lang='lat' dir='ltr'>ventorum</span> <span class='ocrx_word' id='word_1_416' title='bbox 3697 2886 4210 2957; x_wconf 87' lang='lat' dir='ltr'>multitudinem</span> <span class='ocrx_word' id='word_1_417' title='bbox 4233 2911 4391 2955; x_wconf 88' lang='lat' dir='ltr'>con-</span> 
     </span>
     <span class='ocr_line' id='line_1_69' title="bbox 2840 2991 4390 3085; baseline 0.005 -28"><span class='ocrx_word' id='word_1_418' title='bbox 2840 2991 3145 3073; x_wconf 89' lang='lat' dir='ltr'>trariam,</span> <span class='ocrx_word' id='word_1_419' title='bbox 3180 3021 3216 3058; x_wconf 75' lang='grc' dir='ltr'>ι</span> <span class='ocrx_word' id='word_1_420' title='bbox 3253 2994 3324 3060; x_wconf 85' lang='lat' dir='ltr'>in</span> <span class='ocrx_word' id='word_1_421' title='bbox 3362 3017 3612 3063; x_wconf 85' lang='lat' dir='ltr'>auram</span> <span class='ocrx_word' id='word_1_422' title='bbox 3647 3023 3681 3058; x_wconf 70' lang='lat' dir='ltr'>n</span> <span class='ocrx_word' id='word_1_423' title='bbox 3715 2994 3943 3066; x_wconf 89' lang='lat' dir='ltr'>lenem</span> <span class='ocrx_word' id='word_1_424' title='bbox 3979 3019 3996 3066; x_wconf 72' lang='grc' dir='ltr'>ε</span> <span class='ocrx_word' id='word_1_425' title='bbox 4049 3025 4082 3060; x_wconf 73' lang='grc' dir='ltr'><strong>α</strong></span> <span class='ocrx_word' id='word_1_426' title='bbox 4117 3008 4179 3064; x_wconf 90' lang='lat' dir='ltr'>et</span> <span class='ocrx_word' id='word_1_427' title='bbox 4241 2997 4390 3085; x_wconf 81' lang='lat' dir='ltr'>llu-</span> 
     </span>
     <span class='ocr_line' id='line_1_70' title="bbox 2838 3097 4387 3198; baseline 0.005 -32"><span class='ocrx_word' id='word_1_428' title='bbox 2838 3109 2989 3167; x_wconf 85' lang='lat' dir='ltr'>ctus</span> <span class='ocrx_word' id='word_1_429' title='bbox 3016 3097 3196 3190; x_wconf 81' lang='lat' dir='ltr'>ejus,</span> <span class='ocrx_word' id='word_1_430' title='bbox 3233 3125 3266 3167; x_wconf 69' lang='lat' dir='ltr'>a</span> <span class='ocrx_word' id='word_1_431' title='bbox 3303 3103 3513 3171; x_wconf 86' lang='lat' dir='ltr'>maris</span> <span class='ocrx_word' id='word_1_432' title='bbox 3541 3102 3799 3174; x_wconf 84' lang='lat' dir='ltr'>scilicet</span> <span class='ocrx_word' id='word_1_433' title='bbox 3831 3114 4108 3198; x_wconf 87' lang='lat' dir='ltr'>propter</span> <span class='ocrx_word' id='word_1_434' title='bbox 4145 3116 4387 3174; x_wconf 78' lang='lat' dir='ltr'>ventos</span> 
     </span>
     <span class='ocr_line' id='line_1_71' title="bbox 2840 3210 4389 3290; baseline 0.005 -14"><span class='ocrx_word' id='word_1_435' title='bbox 2840 3210 3195 3290; x_wconf 88' lang='lat' dir='ltr'>commoti,</span> <span class='ocrx_word' id='word_1_436' title='bbox 3242 3210 3666 3283; x_wconf 75' lang='lat' dir='ltr'>«siluerunt.</span> <span class='ocrx_word' id='word_1_437' title='bbox 3714 3242 3749 3277; x_wconf 71' lang='grc' dir='ltr'><strong>υ</strong></span> <span class='ocrx_word' id='word_1_438' title='bbox 3793 3213 4000 3284; x_wconf 85' lang='lat' dir='ltr'>Eccli.</span> <span class='ocrx_word' id='word_1_439' title='bbox 4035 3237 4218 3289; x_wconf 73' lang='grc' dir='ltr'>κιιιι,</span> <span class='ocrx_word' id='word_1_440' title='bbox 4253 3215 4336 3282; x_wconf 78' lang='lat'>25</span> <span class='ocrx_word' id='word_1_441' title='bbox 4372 3235 4389 3283; x_wconf 73' lang='grc' dir='ltr'>ε</span> 
     </span>
     <span class='ocr_line' id='line_1_72' title="bbox 2846 3320 4394 3415; baseline 0.004 -29"><span class='ocrx_word' id='word_1_442' title='bbox 2846 3320 2924 3386; x_wconf 90' lang='lat' dir='ltr'>In</span> <span class='ocrx_word' id='word_1_443' title='bbox 2943 3342 3251 3389; x_wconf 89' lang='lat' dir='ltr'>sermone</span> <span class='ocrx_word' id='word_1_444' title='bbox 3284 3321 3439 3411; x_wconf 85' lang='lat' dir='ltr'>ejus</span> <span class='ocrx_word' id='word_1_445' title='bbox 3478 3321 3682 3390; x_wconf 87' lang='lat' dir='ltr'>siluit</span> <span class='ocrx_word' id='word_1_446' title='bbox 3710 3335 3972 3405; x_wconf 84' lang='lat' dir='ltr'>ventus,</span> <span class='ocrx_word' id='word_1_447' title='bbox 4027 3334 4091 3391; x_wconf 91' lang='lat' dir='ltr'>ct</span> <span class='ocrx_word' id='word_1_448' title='bbox 4126 3326 4394 3415; x_wconf 76' lang='lat' dir='ltr'>coqita-</span> 
     </span>
     <span class='ocr_line' id='line_1_73' title="bbox 2841 3430 4391 3523; baseline 0.003 -27"><span class='ocrx_word' id='word_1_449' title='bbox 2841 3430 3168 3498; x_wconf 88' lang='lat' dir='ltr'>tionesua</span> <span class='ocrx_word' id='word_1_450' title='bbox 3207 3430 3523 3523; x_wconf 86' lang='lat' dir='ltr'>placavit</span> <span class='ocrx_word' id='word_1_451' title='bbox 3554 3430 3879 3523; x_wconf 78' lang='lat' dir='ltr'>abyssum</span> <span class='ocrx_word' id='word_1_452' title='bbox 3912 3457 3937 3499; x_wconf 93' lang='lat'>.·</span> <span class='ocrx_word' id='word_1_453' title='bbox 3967 3433 4141 3501; x_wconf 82' lang='lat' dir='ltr'>sicut</span> <span class='ocrx_word' id='word_1_454' title='bbox 4168 3431 4391 3518; x_wconf 79' lang='lat' dir='ltr'>Jonae,</span> 
     </span>
     <span class='ocr_line' id='line_1_74' title="bbox 2840 3537 4391 3633; baseline 0.003 -27"><span class='ocrx_word' id='word_1_455' title='bbox 2840 3560 2888 3620; x_wconf 83' lang='lat'>1,</span> <span class='ocrx_word' id='word_1_456' title='bbox 2930 3538 3036 3621; x_wconf 77' lang='lat'>15,</span> <span class='ocrx_word' id='word_1_457' title='bbox 3058 3537 3303 3606; x_wconf 88' lang='lat' dir='ltr'>dicitur</span> <span class='ocrx_word' id='word_1_458' title='bbox 3337 3542 3586 3610; x_wconf 88' lang='lat' dir='ltr'>:Stetit</span> <span class='ocrx_word' id='word_1_459' title='bbox 3616 3563 3830 3624; x_wconf 90' lang='lat' dir='ltr'>mare,</span> <span class='ocrx_word' id='word_1_460' title='bbox 3855 3538 4157 3610; x_wconf 87' lang='lat' dir='ltr'>Domino</span> <span class='ocrx_word' id='word_1_461' title='bbox 4179 3542 4391 3633; x_wconf 83' lang='lat' dir='ltr'>impe·</span> 
     </span>
     <span class='ocr_line' id='line_1_75' title="bbox 2840 3648 3614 3736; baseline 0.006 -23"><span class='ocrx_word' id='word_1_462' title='bbox 2840 3654 3056 3726; x_wconf 84' lang='lat' dir='ltr'>rante,</span> <span class='ocrx_word' id='word_1_463' title='bbox 3090 3671 3133 3714; x_wconf 95' lang='lat' dir='ltr'>a</span> <span class='ocrx_word' id='word_1_464' title='bbox 3160 3648 3432 3736; x_wconf 77' lang='lat' dir='ltr'>servare</span> <span class='ocrx_word' id='word_1_465' title='bbox 3462 3672 3614 3718; x_wconf 87' lang='lat' dir='ltr'>suo.</span> 
     </span>
    </p>

    <p class='ocr_par' dir='ltr' id='par_1_18' title="bbox 2827 3757 4394 5030">
     <span class='ocr_line' id='line_1_76' title="bbox 2933 3757 4393 3851; baseline 0.005 -27"><span class='ocrx_word' id='word_1_466' title='bbox 2933 3757 3046 3826; x_wconf 82' lang='lat' dir='ltr'>sie</span> <span class='ocrx_word' id='word_1_467' title='bbox 3128 3760 3576 3851; x_wconf 78' lang='lat' dir='ltr'>spiritualiter</span> <span class='ocrx_word' id='word_1_468' title='bbox 3657 3785 3815 3830; x_wconf 88' lang='lat' dir='ltr'>cum</span> <span class='ocrx_word' id='word_1_469' title='bbox 3892 3761 4228 3831; x_wconf 86' lang='lat' dir='ltr'>clamatur</span> <span class='ocrx_word' id='word_1_470' title='bbox 4305 3762 4393 3831; x_wconf 87' lang='lat' dir='ltr'>ad</span> 
     </span>
     <span class='ocr_line' id='line_1_77' title="bbox 2839 3871 4383 3958; baseline 0.003 -19"><span class='ocrx_word' id='word_1_471' title='bbox 2839 3871 3184 3939; x_wconf 80' lang='lat' dir='ltr'>Christum</span> <span class='ocrx_word' id='word_1_472' title='bbox 3227 3875 3297 3941; x_wconf 91' lang='lat' dir='ltr'>in</span> <span class='ocrx_word' id='word_1_473' title='bbox 3330 3872 3913 3958; x_wconf 84' lang='lat' dir='ltr'>tribulationibus,</span> <span class='ocrx_word' id='word_1_474' title='bbox 3955 3873 4145 3943; x_wconf 86' lang='lat' dir='ltr'>sedat</span> <span class='ocrx_word' id='word_1_475' title='bbox 4187 3875 4333 3942; x_wconf 89' lang='lat' dir='ltr'>illas</span> <span class='ocrx_word' id='word_1_476' title='bbox 4367 3898 4383 3943; x_wconf 73' lang='grc' dir='ltr'><strong><em>ε</em></strong></span> 
     </span>
     <span class='ocr_line' id='line_1_78' title="bbox 2838 3983 4382 4075; baseline 0.005 -26"><span class='ocrx_word' id='word_1_477' title='bbox 2838 3983 3022 4075; x_wconf 85' lang='lat' dir='ltr'>quod</span> <span class='ocrx_word' id='word_1_478' title='bbox 3088 3985 3548 4073; x_wconf 79' lang='lat' dir='ltr'>significatum</span> <span class='ocrx_word' id='word_1_479' title='bbox 3613 3985 3766 4063; x_wconf 78' lang='lat' dir='ltr'>fuit,</span> <span class='ocrx_word' id='word_1_480' title='bbox 3810 3984 3975 4057; x_wconf 88' lang='lat' dir='ltr'>Luc.</span> <span class='ocrx_word' id='word_1_481' title='bbox 4037 4010 4182 4069; x_wconf 76' lang='lat' dir='ltr'>vin,</span> <span class='ocrx_word' id='word_1_482' title='bbox 4234 3989 4319 4054; x_wconf 84' lang='lat'>23</span> <span class='ocrx_word' id='word_1_483' title='bbox 4365 4008 4382 4056; x_wconf 68' lang='grc' dir='ltr'>ε</span> 
     </span>
     <span class='ocr_line' id='line_1_79' title="bbox 2840 4090 4391 4184; baseline 0.003 -25"><span class='ocrx_word' id='word_1_484' title='bbox 2840 4090 3198 4159; x_wconf 78' lang='lat' dir='ltr'>Descendit</span> <span class='ocrx_word' id='word_1_485' title='bbox 3236 4091 3550 4183; x_wconf 86' lang='lat' dir='ltr'>procella</span> <span class='ocrx_word' id='word_1_486' title='bbox 3581 4094 3765 4159; x_wconf 76' lang='lat' dir='ltr'>venti</span> <span class='ocrx_word' id='word_1_487' title='bbox 3811 4094 3883 4160; x_wconf 88' lang='lat' dir='ltr'>in</span> <span class='ocrx_word' id='word_1_488' title='bbox 3920 4103 4275 4184; x_wconf 68' lang='lat' dir='ltr'>uuquam,</span> <span class='ocrx_word' id='word_1_489' title='bbox 4326 4107 4391 4163; x_wconf 81' lang='lat' dir='ltr'>et</span> 
     </span>
     <span class='ocr_line' id='line_1_80' title="bbox 2835 4196 4394 4291; baseline 0.003 -26"><span class='ocrx_word' id='word_1_490' title='bbox 2835 4196 3381 4291; x_wconf 84' lang='lat' dir='ltr'>complebantur,</span> <span class='ocrx_word' id='word_1_491' title='bbox 3461 4207 3528 4267; x_wconf 91' lang='lat' dir='ltr'>et</span> <span class='ocrx_word' id='word_1_492' title='bbox 3601 4198 4210 4290; x_wconf 83' lang='lat' dir='ltr'>periclitabantur.</span> <span class='ocrx_word' id='word_1_493' title='bbox 4306 4200 4394 4270; x_wconf 83' lang='lat' dir='ltr'>Et</span> 
     </span>
     <span class='ocr_line' id='line_1_81' title="bbox 2834 4306 4393 4402; baseline 0.003 -29"><span class='ocrx_word' id='word_1_494' title='bbox 2834 4314 3017 4397; x_wconf 85' lang='lat' dir='ltr'>post,</span> <span class='ocrx_word' id='word_1_495' title='bbox 3057 4314 3120 4382; x_wconf 59' lang='grc' dir='ltr'>γ.</span> <span class='ocrx_word' id='word_1_496' title='bbox 3153 4306 3238 4374; x_wconf 70' lang='lat'>24</span> <span class='ocrx_word' id='word_1_497' title='bbox 3292 4330 3309 4375; x_wconf 78' lang='lat'>2</span> <span class='ocrx_word' id='word_1_498' title='bbox 3351 4309 3444 4376; x_wconf 82' lang='lat' dir='ltr'>At</span> <span class='ocrx_word' id='word_1_499' title='bbox 3502 4306 3628 4375; x_wconf 84' lang='lat' dir='ltr'>ille</span> <span class='ocrx_word' id='word_1_500' title='bbox 3659 4331 3973 4400; x_wconf 73' lang='lat' dir='ltr'>sut-qens,</span> <span class='ocrx_word' id='word_1_501' title='bbox 4017 4310 4393 4402; x_wconf 74' lang='lat' dir='ltr'>increpavit</span> 
     </span>
     <span class='ocr_line' id='line_1_82' title="bbox 2837 4420 4379 4508; baseline 0.006 -29"><span class='ocrx_word' id='word_1_502' title='bbox 2837 4421 3206 4493; x_wconf 77' lang='lat' dir='ltr'>ventum,et</span> <span class='ocrx_word' id='word_1_503' title='bbox 3233 4424 3704 4507; x_wconf 84' lang='lat' dir='ltr'>tempestatem</span> <span class='ocrx_word' id='word_1_504' title='bbox 3733 4427 4027 4508; x_wconf 74' lang='lat' dir='ltr'>aquae,ct</span> <span class='ocrx_word' id='word_1_505' title='bbox 4053 4420 4335 4487; x_wconf 79' lang='lat' dir='ltr'>cessavit</span> <span class='ocrx_word' id='word_1_506' title='bbox 4356 4444 4379 4489; x_wconf 94' lang='lat'>.·</span> 
     </span>
     <span class='ocr_line' id='line_1_83' title="bbox 2832 4523 4385 4616; baseline 0.003 -28"><span class='ocrx_word' id='word_1_507' title='bbox 2832 4532 2900 4591; x_wconf 81' lang='lat' dir='ltr'>et</span> <span class='ocrx_word' id='word_1_508' title='bbox 2921 4524 3117 4612; x_wconf 77' lang='lat' dir='ltr'>sacta</span> <span class='ocrx_word' id='word_1_509' title='bbox 3144 4532 3243 4591; x_wconf 87' lang='lat' dir='ltr'>est</span> <span class='ocrx_word' id='word_1_510' title='bbox 3270 4523 3757 4616; x_wconf 81' lang='lat' dir='ltr'>tranquillitas</span> <span class='ocrx_word' id='word_1_511' title='bbox 3797 4528 3847 4594; x_wconf 82' lang='lat'>⁸.</span> <span class='ocrx_word' id='word_1_512' title='bbox 3893 4524 4221 4596; x_wconf 77' lang='lat' dir='ltr'>Proverb.</span> <span class='ocrx_word' id='word_1_513' title='bbox 4245 4550 4385 4607; x_wconf 72' lang='lat' dir='ltr'>xvi,</span> 
     </span>
     <span class='ocr_line' id='line_1_84' title="bbox 2831 4627 4381 4722; baseline 0.004 -25"><span class='ocrx_word' id='word_1_514' title='bbox 2831 4631 2909 4698; x_wconf 76' lang='lat'>7:</span> <span class='ocrx_word' id='word_1_515' title='bbox 2949 4632 3124 4701; x_wconf 86' lang='lat' dir='ltr'>Cum</span> <span class='ocrx_word' id='word_1_516' title='bbox 3146 4627 3543 4722; x_wconf 81' lang='lat' dir='ltr'>placuerint</span> <span class='ocrx_word' id='word_1_517' title='bbox 3572 4635 3876 4702; x_wconf 88' lang='lat' dir='ltr'>Domino</span> <span class='ocrx_word' id='word_1_518' title='bbox 3904 4636 4033 4703; x_wconf 76' lang='lat' dir='ltr'>oiae</span> <span class='ocrx_word' id='word_1_519' title='bbox 4058 4634 4381 4718; x_wconf 76' lang='lat' dir='ltr'>hominis,</span> 
     </span>
     <span class='ocr_line' id='line_1_85' title="bbox 2829 4739 4375 4834; baseline 0.003 -27"><span class='ocrx_word' id='word_1_520' title='bbox 2829 4739 3141 4807; x_wconf 87' lang='lat' dir='ltr'>inimicos</span> <span class='ocrx_word' id='word_1_521' title='bbox 3154 4762 3426 4832; x_wconf 82' lang='lat' dir='ltr'>quoque</span> <span class='ocrx_word' id='word_1_522' title='bbox 3444 4740 3601 4831; x_wconf 86' lang='lat' dir='ltr'>ejus</span> <span class='ocrx_word' id='word_1_523' title='bbox 3626 4752 3968 4810; x_wconf 79' lang='lat' dir='ltr'>convertet</span> <span class='ocrx_word' id='word_1_524' title='bbox 3994 4740 4095 4810; x_wconf 92' lang='lat' dir='ltr'>ad</span> <span class='ocrx_word' id='word_1_525' title='bbox 4110 4766 4375 4834; x_wconf 85' lang='lat' dir='ltr'>pacem.</span> 
     </span>
     <span class='ocr_line' id='line_1_86' title="bbox 2827 4844 4374 4942; baseline 0.005 -28"><span class='ocrx_word' id='word_1_526' title='bbox 2827 4844 3067 4916; x_wconf 72' lang='lat' dir='ltr'>Mattli.</span> <span class='ocrx_word' id='word_1_527' title='bbox 3128 4868 3274 4930; x_wconf 82' lang='lat' dir='ltr'>vm,</span> <span class='ocrx_word' id='word_1_528' title='bbox 3330 4848 3416 4915; x_wconf 78' lang='lat'>27</span> <span class='ocrx_word' id='word_1_529' title='bbox 3486 4869 3502 4916; x_wconf 74' lang='grc' dir='ltr'><strong><em>ε</em></strong></span> <span class='ocrx_word' id='word_1_530' title='bbox 3561 4848 3811 4934; x_wconf 81' lang='lat' dir='ltr'>Qualis</span> <span class='ocrx_word' id='word_1_531' title='bbox 3857 4857 3956 4918; x_wconf 86' lang='lat' dir='ltr'>est</span> <span class='ocrx_word' id='word_1_532' title='bbox 4009 4849 4146 4932; x_wconf 72' lang='lat' dir='ltr'>Me,</span> <span class='ocrx_word' id='word_1_533' title='bbox 4206 4852 4374 4942; x_wconf 81' lang='lat' dir='ltr'>quia</span> 
     </span>
     <span class='ocr_line' id='line_1_87' title="bbox 2829 4956 3883 5030; baseline 0.004 -4"><span class='ocrx_word' id='word_1_534' title='bbox 2829 4959 3013 5027; x_wconf 82' lang='lat' dir='ltr'>venti</span> <span class='ocrx_word' id='word_1_535' title='bbox 3056 4968 3121 5025; x_wconf 92' lang='lat' dir='ltr'>et</span> <span class='ocrx_word' id='word_1_536' title='bbox 3157 4978 3350 5026; x_wconf 89' lang='lat' dir='ltr'>mare</span> <span class='ocrx_word' id='word_1_537' title='bbox 3375 4956 3706 5029; x_wconf 84' lang='lat' dir='ltr'>obediunt</span> <span class='ocrx_word' id='word_1_538' title='bbox 3742 4962 3809 5030; x_wconf 90' lang='lat' dir='ltr'>ei</span> <span class='ocrx_word' id='word_1_539' title='bbox 3841 4959 3883 5029; x_wconf 81' lang='lat'><em>?</em></span> 
     </span>
    </p>
   </div>
   <div class='ocr_carea' id='block_1_16' title="bbox 2826 5275 4378 5586">
    <p class='ocr_par' dir='ltr' id='par_1_19' title="bbox 2826 5275 4378 5586">
     <span class='ocr_line' id='line_1_88' title="bbox 2919 5275 4378 5348; baseline 0.005 -8"><span class='ocrx_word' id='word_1_540' title='bbox 2919 5303 2955 5340; x_wconf 75' lang='grc' dir='ltr'>ι</span> <span class='ocrx_word' id='word_1_541' title='bbox 2996 5277 3092 5343; x_wconf 76' lang='lat' dir='ltr'>Et</span> <span class='ocrx_word' id='word_1_542' title='bbox 3122 5275 3342 5344; x_wconf 79' lang='lat' dir='ltr'>laetati</span> <span class='ocrx_word' id='word_1_543' title='bbox 3366 5285 3552 5347; x_wconf 82' lang='lat' dir='ltr'>sunt.</span> <span class='ocrx_word' id='word_1_544' title='bbox 3601 5301 3637 5342; x_wconf 70' lang='grc' dir='ltr'>ι</span> <span class='ocrx_word' id='word_1_545' title='bbox 3684 5275 3808 5346; x_wconf 86' lang='lat' dir='ltr'>llic</span> <span class='ocrx_word' id='word_1_546' title='bbox 3844 5278 4149 5346; x_wconf 87' lang='lat' dir='ltr'>tertium.</span> <span class='ocrx_word' id='word_1_547' title='bbox 4185 5277 4378 5348; x_wconf 66' lang='lat' dir='ltr'>Prae-</span> 
     </span>
     <span class='ocr_line' id='line_1_89' title="bbox 2827 5382 4378 5480; baseline 0.005 -29"><span class='ocrx_word' id='word_1_548' title='bbox 2827 5384 3032 5452; x_wconf 85' lang='lat' dir='ltr'>missa</span> <span class='ocrx_word' id='word_1_549' title='bbox 3070 5384 3254 5452; x_wconf 88' lang='lat' dir='ltr'>enim</span> <span class='ocrx_word' id='word_1_550' title='bbox 3291 5382 3722 5469; x_wconf 87' lang='lat' dir='ltr'>liberatione,</span> <span class='ocrx_word' id='word_1_551' title='bbox 3772 5396 3837 5456; x_wconf 88' lang='lat' dir='ltr'>et</span> <span class='ocrx_word' id='word_1_552' title='bbox 3884 5390 4236 5480; x_wconf 77' lang='lat' dir='ltr'>supposito</span> <span class='ocrx_word' id='word_1_553' title='bbox 4289 5389 4378 5459; x_wconf 89' lang='lat' dir='ltr'>li·</span> 
     </span>
     <span class='ocr_line' id='line_1_90' title="bbox 2826 5490 4376 5586; baseline 0.005 -27"><span class='ocrx_word' id='word_1_554' title='bbox 2826 5491 3195 5560; x_wconf 87' lang='lat' dir='ltr'>berationis</span> <span class='ocrx_word' id='word_1_555' title='bbox 3212 5490 3447 5571; x_wconf 85' lang='lat' dir='ltr'>modo,</span> <span class='ocrx_word' id='word_1_556' title='bbox 3471 5490 3914 5586; x_wconf 80' lang='lat' dir='ltr'>subjungitur</span> <span class='ocrx_word' id='word_1_557' title='bbox 3929 5495 4376 5566; x_wconf 88' lang='lat' dir='ltr'>liberatorum</span> 
     </span>
    </p>
   </div>
   <div class='ocr_carea' id='block_1_17' title="bbox 2823 5726 2951 5783">
    <p class='ocr_par' dir='ltr' id='par_1_20' title="bbox 2823 5726 2951 5783">
     <span class='ocr_line' id='line_1_91' title="bbox 2823 5726 2951 5783; baseline -0.023 -14"><span class='ocrx_word' id='word_1_558' title='bbox 2823 5726 2951 5783; x_wconf 80' lang='lat' dir='ltr'>seq.</span> 
     </span>
    </p>
   </div>
  </div>
 </body>
</html>
