5008 6329
1932 204 2643 276 COMMENTARIUS
2695 204 2790 271 ΙΝ
2838 207 3277 277 PSALMUM
3326 209 3532 276 GVH.

1129 386 1316 474 quasi
1368 407 1578 451 servae
1644 391 1962 452 tenentur
2015 391 2075 451 et
2136 390 2442 473 gemunt,
2508 403 2677 471 quas

1126 491 1375 580 diligis,
1424 491 1727 584 Sapient.
1777 518 1870 573 xx,
1906 496 1989 559 255
2029 516 2042 558 ε
2080 492 2280 559 Nihil
2317 491 2526 556 odisti
2567 512 2675 555 eo-

1126 621 1278 664 rum
1310 623 1460 688 qnae
1488 602 1736 691 sec-isli.
1773 601 1880 679 Et,
1917 600 2001 666 ad
2035 600 2324 665 Roman.
2380 620 2525 674 vin,
2562 598 2671 672 21,

1125 706 1369 774 (licitur
1402 731 1416 775 ε
1451 708 1891 776 Liberabilm·
1927 717 2240 773 crealum
2272 730 2313 771 α
2354 705 2677 771 servitute

1123 817 1580 907 corruptionis
1631 818 1702 881 in
1754 814 2136 881 libertatem
2192 815 2438 903 qlorioe
2473 811 2671 899 filio·-

1126 946 1282 988 rum
1323 925 1479 990 Dei.

1211 1161 1243 1194 «
1299 1131 1594 1200 Salvum
1646 1135 1764 1223 sac
1812 1132 2111 1200 dez-Iera.
2163 1157 2196 1197 »
2242 1131 2368 1197 llic
2424 1152 2672 1196 seeun-

1115 1240 1303 1320 dum,
1354 1240 1609 1309 scilicet
1649 1240 2023 1309 electorum
2085 1237 2391 1306 liberatio
2435 1260 2471 1305 a
2522 1235 2673 1305 cul-

1116 1372 1201 1438 pa
1237 1371 1251 1415 ε
1290 1350 1359 1416 in
1391 1373 1528 1440 quo
1568 1349 1886 1417 dicuntur
1914 1348 2075 1415 duo,
2112 1347 2369 1430 l‘rimo,
2421 1345 2671 1413 libera-

1015 1488 1020 1493 ’
1116 1457 1211 1523 tio
1260 1456 1345 1523 ab
1404 1458 1706 1523 instanti.
1770 1455 2110 1531 Secundo,
2175 1455 2492 1533 afutura,
2547 1450 2666 1535 ibi,

1118 1591 1155 1626 α
1191 1566 1288 1630 Et
1315 1562 1577 1629 exaudi
1612 1584 1740 1629 me.
1778 1588 1812 1625 »

1203 1671 1382 1739 Dicit
1420 1694 1582 1762 ergo
1621 1695 1637 1739 ε
1674 1672 1788 1740 Sic
1827 1671 2149 1749 exaltare,
2186 1678 2260 1738 ut
2302 1668 2528 1736 dilecti
2580 1667 2668 1734 li-

1117 1778 1462 1859 berentur,
1504 1789 1572 1848 et
1627 1782 1833 1848 etiam
1889 1808 1924 1844 «
1984 1779 2265 1846 dextera
2307 1789 2454 1860 tua,
2509 1801 2544 1841 n
2598 1773 2667 1841 id

1112 1897 1237 1968 est,
1278 1890 1783 1980 propitiationis
1826 1899 1961 1957 tuae
2015 1889 2273 1967 favore,
2326 1886 2511 1977 quod
2567 1893 2668 1953 est

1110 1997 1413 2078 dextera,
1459 2025 1491 2056 «
1526 1995 1803 2064 salvum
1839 1999 1984 2087 sac,
2019 2025 2050 2057 n
2099 1994 2364 2086 supple,
2398 2016 2436 2060 a
2467 1993 2669 2083 culpa

1110 2108 1392 2173 dilectos
1423 2114 1575 2175 tuos
1611 2116 1768 2175 :tua
1807 2109 1989 2174 enim
2023 2106 2303 2174 dextera
2341 2105 2663 2195 protegit,

1115 2212 1327 2279 Exod.
1378 2236 1620 2292 xxxm,
1664 2216 1748 2281 22
1785 2235 1802 2279 ε
1846 2215 2219 2303 Proteyam
2267 2224 2331 2281 te
2385 2212 2669 2278 dea-tera

1113 2343 1284 2387 mea.
1341 2319 1495 2411 Ipsa
1542 2319 1785 2401 salvat,
1836 2320 2082 2411 Supra,
2126 2322 2196 2388 iu
2236 2319 2415 2388 l‘sal.
2460 2343 2664 2401 xcvn,

1118 2429 1144 2493 1
1187 2449 1205 2496 z
1240 2429 1563 2496 Salvavit
1588 2428 1725 2496 sibi
1752 2428 2033 2496 dextera
2071 2428 2250 2517 ejece.
2293 2426 2376 2495 Et
2415 2426 2669 2496 exaltat

1111 2537 1343 2613 etiam,
1390 2535 1594 2613 Infra,
1632 2536 1701 2603 in
1732 2535 1915 2605 Psal.
1953 2560 2158 2618 cxvii,
2199 2539 2278 2603 ¹0
2315 2558 2331 2603 :
2366 2537 2670 2603 Dextera

1112 2643 1399 2710 Domini
1477 2644 1644 2733 feci!
1743 2645 2086 2711 virtutem.
2184 2642 2666 2711 [liternitatem

1113 2751 1249 2829 dat,
1294 2752 1623 2821 Proverb.
1693 2776 1788 2829 ιιι,
1855 2757 1936 2821 1ίί
1998 2778 2013 2823 :
2076 2754 2468 2843 Lonyilmlo
2519 2753 2671 2819 die-

1115 2882 1269 2926 rum
1311 2861 1383 2928 in
1424 2861 1704 2929 dextera
1743 2862 1899 2951 ejus
1927 2885 1952 2931 .·
1993 2886 2200 2955 quam
2247 2861 2559 2953 porrigit,
2593 2870 2670 2928 ut

1114 2970 1484 3059 accipiatur
1530 2970 1714 3062 quod
1756 2971 1846 3038 ibi
1894 2979 2019 3041 est.
2064 2970 2390 3041 l’roverb.
2440 2994 2488 3049 ι,
2523 2971 2609 3038 24
2645 2992 2661 3037 τ

1115 3078 1423 3146 Extendi
1456 3102 1744 3148 manum
1792 3103 2041 3167 meam,
2083 3090 2310 3148 elnon
2356 3081 2501 3171 luit
2544 3079 2668 3172 qui

1111 3186 1511 3279 adspiceret.
1556 3188 1853 3257 Dextera
1896 3192 2101 3258 etiam
2145 3190 2270 3258 Dei
2311 3189 2549 3269 Filius,
2595 3188 2665 3255 in

1109 3319 1270 3387 qua,
1330 3304 1398 3366 et
1453 3321 1574 3389 per
1628 3322 1837 3391 quam
1888 3300 2128 3369 salvat.
2203 3299 2443 3368 Matth.
2514 3321 2659 3378 vm,

1107 3406 1220 3485 25,
1252 3404 1487 3473 dicunt
1517 3407 1828 3498 Apostoli
1854 3407 2013 3476 huic
2040 3407 2333 3476 dexterae
2369 3429 2385 3475 :
2421 3407 2662 3475 Domi-

1105 3534 1211 3590 ne,
1286 3512 1487 3581 salva
1543 3538 1689 3594 nos,
1735 3515 2073 3609 perimuS.
2125 3514 2301 3584 lluic
2353 3514 2661 3608 loquitur

1102 3621 1463 3705 Jeremias,
1511 3623 1765 3694 Jerem.
1815 3649 1983 3705 xvn,
2024 3626 2103 3693 11
2150 3648 2167 3693 :
2211 3623 2507 3694 Salvum
2554 3648 2662 3694 me

1099 3733 1242 3822 sac,
1275 3743 1341 3799 et
1375 3733 1613 3802 salvus
1648 3759 1785 3803 ero.
1840 3735 2037 3804 Nunc
2077 3736 2144 3804 in
2183 3759 2331 3827 spe,
2365 3735 2468 3803 Ad
2517 3735 2661 3803 llo-

1104 3859 1287 3907 man.
1338 3862 1481 3916 vm,
1546 3841 1856 3934 21:8pe
1907 3842 2092 3910 salvi
2133 3843 2311 3932 sacti
2362 3864 2603 3910 sumus
2636 3865 2659 3910 .·

1100 3957 1163 4016 et
1193 3949 1473 4018 tandem
1504 3951 1575 4018 in
1607 3974 1703 4031 re,
1734 3950 1820 4018 ad
1854 3950 2148 4042 Philipp.
2185 3975 2281 4031 ιιι,
2323 3952 2410 4018 20
2446 3972 2463 4019 ε
2497 3948 2659 4019 Sal-

1097 4068 1404 4127 vatorem
1465 4070 1933 4153 exspectamus
1998 4062 2379 4130 Dominum
2417 4063 2655 4130 lesum

1103 4165 1481 4247 Christum,
1505 4176 1633 4238 etc.

1192 4298 1225 4338 ι
1258 4274 1356 4342 131
1407 4274 1670 4343 naudi
1722 4298 1851 4342 me.
1889 4303 1923 4338 u
1981 4273 2222 4344 Glossa
2261 4275 2422 4346 dicit
2466 4275 2655 4369 quod

1098 4377 1337 4449 ordine
1393 4389 1808 4474 praepostero
1866 4380 2171 4474 loquitur
2227 4402 2246 4453 ζ
2306 4382 2652 4454 debuisset

1097 4487 1279 4556 enim
1334 4487 1586 4559 dixisse
1660 4497 1737 4559 ut
1799 4489 2092 4569 videtur,
2170 4490 2462 4560 Exaudi
2516 4515 2646 4572 me,

1096 4595 1343 4686 primo,
1377 4602 1446 4663 et
1491 4605 1646 4687 post
1682 4595 1954 4665 salvum
1995 4621 2102 4665 me
2137 4599 2278 4689 sac.
2325 4597 2459 4668 Sed
2488 4608 2652 4692 pot-

1092 4711 1191 4770 est
1220 4702 1353 4772 dici
1394 4702 1579 4795 quod
1622 4705 1920 4796 primum
1959 4706 2246 4775 refertur
2290 4707 2376 4776 ad
2412 4706 2646 4777 salva-

1092 4813 1348 4881 tionem
1431 4835 1472 4881 a
1536 4814 1827 4905 peccatis
1883 4816 2402 4907 praesentialiter
2487 4820 2644 4888 exi-

1088 4920 1423 4989 stentibus
1461 4928 1529 4989 et
1567 4922 1637 4989 in
1688 4929 1844 4990 actu
1878 4942 1896 4993 ε
1929 4920 2062 4992 hoc
2092 4933 2350 5012 autem,
2376 4927 2459 4996 ad
2499 4928 2645 4998 sal-

1091 5028 1393 5097 vandum
1461 5052 1501 5098 a
1571 5028 1840 5098 futuris.
1909 5029 2180 5114 Esther,
2247 5057 2390 5117 xiv,
2473 5039 2556 5106 19
2617 5063 2635 5113 2

1090 5138 1278 5205 Deus
1319 5139 1529 5228 sortis
1579 5161 1790 5231 super
1821 5161 2077 5223 omnes,
2122 5144 2382 5213 exaudi
2417 5169 2642 5218 vocem

1090 5266 1326 5312 eorum
1363 5246 1490 5337 qui
1531 5246 1809 5316 niellam
1848 5246 2070 5317 aliam
2121 5275 2310 5345 spem
2358 5253 2640 5337 liabent,

1090 5351 1356 5445 supple,
1409 5354 1537 5422 nisi
1579 5355 1649 5423 in
1694 5364 1788 5425 te.
1844 5354 2028 5428 Psal.
2077 5381 2309 5442 vanu,
2360 5364 2468 5446 ¹7,
2528 5387 2643 5434 su-

1087 5482 1210 5551 pra
1243 5462 1581 5531 :Exaudi
1613 5486 1745 5546 me,
1782 5466 2100 5548 Domine,
2149 5469 2481 5561 quoniam
2526 5470 2645 5541 be-

1092 5570 1308 5660 niqna
1329 5583 1427 5641 es!
1455 5573 1926 5643 misericordia
1955 5584 2107 5658 tua,
2136 5586 2266 5648 etc.

4220 202 4344 267 137

2877 406 2910 447 α
2943 385 3130 449 Deus
3176 383 3442 449 loculus
3489 390 3611 447 est.
3659 407 3688 439 υ
3745 378 3871 443 llic
3929 376 4334 457 secundum,

2783 487 2853 553 in
2893 509 3029 576 quo
3071 489 3265 554 tactis
3294 486 3641 552 beneficiis
3675 487 3742 551 in
3784 481 3992 549 modo
4037 480 4334 569 petendi,

2783 599 2847 657 et
2878 590 3143 668 orandi,
3196 590 3633 679 subjungitur
3675 585 4007 655 certitudo
4056 585 4139 650 de
4210 585 4337 649 im·

2780 698 3033 787 plendo
3076 700 3258 791 quod
3290 701 3580 789 petitum
3624 706 3750 764 est.

2869 807 2985 875 Ait
3032 809 3215 875 enim
3261 829 3275 873 :
3327 806 3440 874 Sic
3489 805 3667 887 dico,
3704 802 3889 893 quod
3928 802 4195 868 salvum
4240 801 4343 866 sa·-

2778 918 2942 998 cias,
2986 916 3171 1007 quod
3227 914 3575 993 exaudiaS,
3626 922 3691 980 et
3741 912 3836 978 sic
3884 910 3997 976 fiet
4034 931 4049 977 :
4082 934 4113 972 α
4162 911 4339 974 Deus

2781 1026 3051 1094 locutus
3077 1037 3174 1094 est
3204 1027 3520 1092 insancto
3558 1046 3711 1101 suo,
3759 1049 3793 1085 n
3830 1021 4118 1110 meipSO,
4153 1020 4206 1085 si
4234 1018 4341 1084 lo-

2777 1134 3009 1224 quitur
3061 1132 3368 1201 Christus
3403 1155 3418 1199 :
3450 1130 3587 1210 vel,
3640 1132 3695 1195 si
3747 1127 4054 1218 loquitur
4091 1124 4335 1201 David,

2777 1245 2849 1310 in
2911 1254 3147 1311 sancto
3221 1265 3370 1321 suo,
3428 1240 3698 1308 Christo
3730 1236 4005 1306 scilicet.
4071 1235 4201 1303 llic
4240 1240 4341 1301 est

2774 1359 3049 1420 sanctus
3089 1352 3172 1419 de
3231 1374 3396 1441 quo,
3456 1349 3620 1418 Luc.
3698 1372 3746 1431 1,
3801 1348 3885 1415 35
3923 1369 3938 1413 :
3980 1344 4185 1430 Quod
4218 1368 4338 1410 ua-

2771 1471 2995 1529 seetur
3031 1484 3115 1528 ex
3154 1470 3216 1527 te
3250 1470 3591 1528 sanctum.
3638 1457 3746 1537 Et,
3785 1453 4049 1521 Daniel.
4090 1454 4277 1533 (κζ-11
4316 1476 4330 1519 :

2773 1570 3071 1639 Sanctus
3105 1578 3524 1636 sanctorum.
3587 1565 3667 1632 In
3719 1563 3852 1631 hoc
3907 1562 4177 1630 locutus
4234 1569 4335 1627 est

2774 1675 2983 1744 Deus».
3018 1676 3126 1744 Ad
3174 1675 3385 1743 Hebr.
3428 1697 3477 1758 1,
3523 1675 3611 1740 2:
3647 1672 4033 1740 Novissime
4098 1667 4336 1735 diebus

2774 1786 2926 1851 istis
2968 1783 3235 1852 loeutus
3284 1791 3380 1849 est
3426 1780 3625 1848 nobis
3657 1783 3729 1846 in
3757 1778 3975 1860 Filio,
4020 1784 4090 1844 et
4134 1777 4203 1843 in
4234 1800 4337 1843 se-

2773 1894 2923 1984 ipso
2968 1891 3316 1983 loquente,
3360 1898 3426 1958 et
3465 1890 3534 1956 in
3593 1910 3854 1980 organo
3915 1907 4040 1954 suo
4091 1882 4333 1967 Paulo,

2774 2001 2837 2068 11
2869 2001 2954 2069 ad
2984 1998 3290 2068 Corinth.
3338 2021 3483 2078 κιιι,
3520 1998 3559 2065 3
3596 2020 3612 2065 ε
3646 1998 3753 2065 An
3794 1995 4331 2086 experimentum

2776 2110 3083 2202 qnaeritis
3111 2108 3288 2197 ejm,
3323 2108 3448 2198 qui
3476 2109 3549 2173 in
3613 2128 3724 2171 me
3785 2104 4098 2194 loquitur
4128 2100 4327 2169 Cleri·

2771 2216 2981 2287 slus?
3017 2216 3101 2284 Et
3137 2216 3411 2285 adverte
3435 2214 3751 2282 Glossam
3789 2235 3804 2280 :
3844 2235 3877 2276 ct
3921 2210 4147 2289 Quare
4196 2230 4333 2274 non

2782 2357 2814 2391 «
2884 2335 2986 2395 est
3071 2350 3206 2420 per
3268 2333 3582 2393 sanctum
3650 2344 3882 2399 suum,
3960 2318 4079 2386 sed
4152 2319 4219 2383 in
4292 2316 4333 2381 :²

2781 2466 2813 2501 «
2866 2436 3026 2504 llaec
3072 2443 3302 2504 autem
3343 2433 3613 2500 locutus
3672 2430 3878 2499 estin
3929 2436 4166 2495 sancto
4207 2448 4331 2490 suo

2780 2574 2814 2611 α
2858 2545 3154 2615 Christo.
3193 2570 3225 2608 ι

2866 2786 2902 2824 α
2932 2756 3351 2840 ExsultabO,
3393 2765 3458 2824 et
3487 2754 3825 2822 dividam.
3863 2780 3896 2812 ι»
3936 2750 4062 2818 llic
4100 2773 4337 2817 secun-

2776 2864 2939 2933 dum
2969 2865 3181 2933 totius
3219 2861 3402 2931 illius
3440 2861 3679 2952 partis,
3715 2859 3783 2926 in
3823 2879 3959 2948 qua
3996 2857 4224 2946 agitur
4250 2854 4333 2922 de

2776 2973 2927 3041 Filii
2958 2972 3082 3040 Dei
3114 2969 3606 3040 incarnatione.
3638 2965 3848 3033 Tacto
3888 2965 4073 3033 enim
4112 2963 4330 3030 fructu

2772 3080 3152 3173 pertinente
3198 3076 3285 3146 ad
3340 3075 3818 3145 liberationem
3877 3070 4066 3150 mali,
4118 3071 4332 3158 tangit

2771 3189 3227 3281 pertinentem
3258 3190 3345 3259 ad
3374 3186 3888 3280 promotionem
3910 3182 3979 3249 in
4009 3177 4271 3246 bonum
4308 3196 4324 3244 ε

2772 3309 2840 3369 et
2876 3300 3196 3371 dicuntur
3224 3298 3386 3368 duo.
3421 3297 3689 3381 Primo,
3732 3291 4048 3362 Ecclesiae
4096 3291 4165 3357 in
4212 3287 4333 3356 bo-

2771 3432 2940 3478 num
2975 3410 3344 3503 promotio.
3394 3404 3743 3488 Secundo,
3784 3398 4168 3470 ostenditur
4212 3420 4331 3487 per

2770 3541 2977 3611 quem
3007 3520 3095 3589 sit
3123 3517 3239 3587 illa
3267 3517 3640 3609 promotio,
3670 3511 3790 3593 ibi,
3822 3518 3884 3587 y.
3925 3510 3998 3576 11
4043 3532 4123 3576 z«
4162 3508 4330 3591 Quis

2770 3625 3054 3696 deducet
3081 3647 3188 3695 me
3214 3623 3258 3694 ?
3288 3653 3323 3689 n

2858 3732 2939 3803 ln
2965 3733 3188 3826 prima
3239 3732 3401 3802 duo.
3438 3730 3701 3807 Primo,
3745 3725 4050 3816 tangitur
4096 3721 4330 3790 Eccle-

2765 3844 2887 3912 siae
2918 3844 3289 3936 promotio,
3317 3840 3429 3911 vel
3469 3836 3829 3909 delectatio
3876 3835 3948 3902 in
3991 3830 4322 3925 generali.

2768 3952 3114 4035 Secundo,
3148 3953 3217 4022 in
3247 3948 3551 4044 speciali,
3586 3946 3710 4032 ibi,
3751 3971 3789 4010 α
3818 3947 4018 4013 Meus
4053 3951 4153 4010 est
4192 3943 4329 4009 Ga-

2767 4059 2960 4129 laad.
3000 4086 3035 4127 s

2853 4170 2932 4238 ln
2961 4170 3186 4264 prima
3221 4167 3386 4238 duo.
3431 4165 3697 4247 Primo,
3728 4162 4033 4254 tangitur
4076 4158 4326 4228 dilata-

2763 4277 2859 4349 tio
2891 4279 2963 4346 in
3000 4275 3467 4346 Gentilitatem
3505 4269 3939 4366 generaliter.
3975 4267 4321 4347 Secundo,

2761 4386 2833 4454 in
2871 4405 3299 4478 synagogam
3335 4381 3658 4452 similiter
3696 4380 3765 4449 in
3823 4376 4153 4471 generali,
4201 4375 4318 4453 ibi,

2764 4520 2800 4562 ι
2832 4496 2929 4564 Et
2955 4491 3367 4563 convallem.
3409 4520 3445 4555 »ι

2849 4600 3034 4672 Dicit
3087 4623 3252 4694 ergo
3295 4622 3313 4670 ε
3362 4598 3479 4667 Sic
3525 4596 3793 4691 rogavi,
3850 4594 4177 4679 Domine,
4246 4600 4320 4662 ut

2761 4710 3080 4780 exalteris
3127 4709 3214 4779 ad
3253 4707 3733 4778 liberationem
3781 4705 4214 4783 dilectorum,
4255 4713 4320 4773 et

2759 4842 2798 4889 a
2827 4841 3031 4913 poena
3057 4826 3128 4888 et
3155 4839 3197 4887 a
3223 4816 3425 4910 culpa
3466 4838 3484 4887 ε
3526 4814 3716 4907 quod
3743 4813 3798 4883 si
3822 4813 4086 4892 feceris,
4121 4837 4157 4879 ι
4198 4838 4322 4880 es-

2754 4929 3059 5000 sultabo.
3096 4954 3132 4993 n
3158 4925 3315 5008 vel,
3344 4925 3725 4998 secundum
3746 4923 3952 4993 aliam
3992 4922 4314 5003 litteram,

2761 5065 2797 5107 ι
2830 5036 3206 5109 exaltabor.
3254 5061 3289 5102 s
3319 5034 3407 5105 Et
3443 5034 3620 5104 bene
3666 5034 4110 5115 concordant,
4156 5035 4317 5126 quia

2754 5149 2828 5217 in
2855 5146 3271 5217 exaltatione
3324 5142 3678 5223 Ecclesiae,
3712 5149 3814 5211 cst
3853 5143 4001 5235 ipsa
4055 5142 4309 5212 laetitia.

2756 5282 2792 5324 ι
2826 5256 2921 5325 ΕΙ
2957 5253 3271 5323 dividam
3297 5252 3711 5330 Sieleimam,
3756 5276 3791 5319 s
3822 5250 4160 5346 populum
4190 5251 4318 5319 sci-

2753 5363 2911 5434 licet
2962 5361 3390 5432 laborantem
3443 5362 3519 5430 in
3565 5368 3872 5453 peccato,
3908 5370 3978 5429 et
4018 5359 4317 5429 idolola-

2755 5473 2909 5542 tria.
2957 5469 3264 5541 Sicbima
3301 5471 3793 5564 interpretatur
3836 5468 4037 5538 labor
4072 5471 4313 5539 leumi-

2761 5583 2938 5652 iium
2976 5604 3002 5652 .·
3038 5590 3108 5652 et
3143 5578 3504 5652 Gentilitas
3545 5582 3841 5674 pessime
3884 5578 4014 5648 sub
4061 5581 4312 5648 virtute
