5008 6329
1946 394 2659 469 COMMENTARIUS
2711 392 2809 462 IN
2854 389 3294 462 PSALMUM
3343 389 3519 462 CIX.

1097 562 1405 651 Luqebat
1443 565 1737 633 Samuel
1771 569 2093 648 Saulem,
2150 571 2483 660 quoniam
2513 570 2658 634 Do-

1101 671 1364 738 minum
1436 673 1811 762 paenitebat
1895 677 2089 768 quod
2203 674 2662 745 constituisset

1101 800 1254 845 eum
1313 802 1538 869 reqem
1615 805 1823 873 super
1886 783 2133 852 Israel.
2215 780 2654 869 Respondeo.

1099 884 1385 953 Mutatio
1436 886 1511 953 fit
1540 890 1610 956 in
1669 913 1739 958 re
1800 891 2148 966 exteriori,
2209 886 2400 955 nullo
2450 886 2658 954 modo

1099 993 1170 1059 in
1200 991 1431 1063 divino
1490 997 1802 1075 consilio,
1906 995 2096 1088 quod
2125 1002 2228 1063 est
2258 994 2440 1062 idem
2474 994 2660 1085 quod

1099 1097 1283 1165 Deus
1318 1120 1333 1165 :
1372 1101 1441 1167 in
1473 1101 1674 1170 nobis
1705 1110 1937 1170 autem
1990 1123 2150 1169 cum
2217 1100 2657 1192 poenitemuS,

1103 1207 1179 1274 fit
1216 1211 1501 1278 mutatio
1532 1211 1601 1278 in
1634 1220 1948 1300 utroque.
1986 1209 2255 1277 Dicitur
2284 1232 2448 1300 ergo
2476 1208 2663 1276 Deus

1103 1317 1428 1406 poenitere
1467 1327 1745 1410 propter
1820 1319 2269 1387 mutationem
2330 1320 2450 1396 rei,
2522 1339 2664 1385 non

1103 1426 1431 1513 poenitere
1462 1431 1743 1514 propter
1771 1423 2215 1494 stabilitatem
2275 1423 2564 1493 consilii.

1194 1671 1228 1711 a
1267 1648 1365 1714 Tu
1392 1669 1459 1713 es
1515 1646 1853 1714 sacerdos,
1929 1672 1963 1709 »
2025 1645 2157 1714 Hic
2212 1645 2519 1726 tertium,
2580 1642 2664 1709 de

1105 1776 1240 1844 quo
1274 1753 1348 1821 fit
1386 1752 1500 1821 illa
1543 1752 2010 1822 irrevocabilis
2050 1752 2442 1844 promissiO,
2504 1751 2665 1841 quia

1105 1861 1186 1929 de
1226 1859 1517 1930 duobus.
1561 1862 1664 1929 Dc
1696 1859 2062 1930 sacerdotii
2128 1859 2527 1937 aeternitate,
2600 1864 2663 1925 et

1105 1967 1187 2036 de
1217 1969 1567 2058 qualitate,
1604 1968 1722 2048 ibi,
1760 1994 1793 2033 α
1828 1967 2226 2037 Secundum
2255 1967 2590 2036 ordinem.
2625 1992 2660 2029 n

1192 2072 1369 2140 Dicit
1399 2094 1563 2163 ergo
1611 2095 1626 2140 t
1675 2071 1790 2141 Sic
1831 2072 2131 2141 firmavit
2194 2081 2264 2141 et
2318 2070 2657 2162 promisit.

1104 2181 1282 2262 Quid
1311 2184 1346 2249 Ῥ
1406 2181 1538 2251 hoc
1575 2206 1590 2251 ε
1630 2210 1664 2247 «
1703 2186 1761 2251 Τ
1756 2207 1802 2250 a
1830 2207 1898 2251 es
1923 2182 2268 2267 sacerdos,
2314 2206 2347 2247 n
2393 2180 2658 2272 supple,

1108 2292 1400 2371 iuturus,
1447 2317 1479 2357 οι
1526 2293 1597 2358 in
1625 2300 1982 2370 aeternum,
2023 2319 2056 2354 »
2090 2289 2469 2360 sacerdotio
2499 2311 2667 2380 per-

1107 2408 1315 2489 petuo
1338 2398 1690 2466 duraturo.
1717 2397 1924 2468 Eccli.
1953 2399 2212 2481 xav,30
2232 2398 2529 2467 :Statuit
2551 2396 2667 2465 illi

1108 2518 1586 2576 testamentum
1620 2510 1928 2600 pacis‚...
1967 2516 2044 2576 ut
2068 2509 2161 2575 sit
2191 2506 2310 2574 illi
2329 2515 2393 2574 et
2417 2507 2669 2575 semini

1105 2616 1260 2706 ejus
1294 2616 1662 2684 sacerdotii
1709 2617 2020 2706 diqnitas
2059 2617 2131 2683 in
2167 2625 2525 2684 aeternum.
2558 2613 2668 2683 Ad

1104 2723 1313 2792 Ilebr.
1334 2746 1457 2806 vn,
1484 2726 1521 2790 2
1539 2724 1568 2790 i
1601 2747 1616 2791 :
1645 2725 1776 2792 llic
1795 2734 2053 2804 autem,
2075 2722 2331 2792 scilicet
2348 2723 2573 2803 JesuS,
2589 2746 2664 2791 eo

1104 2828 1295 2923 quod
1328 2839 1606 2897 vnaneat
1652 2832 1721 2898 in
1761 2840 2123 2910 mennam,
2171 2829 2664 2922 sempiternum

1101 2937 1305 3006 habet
1331 2937 1818 3007 sacerdotium.
1848 2937 1988 3006 Sed
2026 2937 2228 3030 quale
2270 2937 2398 3006 erit
2435 2958 2667 3006 sacer-

1104 3046 1365 3220 Zotihum
1393 3069 1408 3114 ε
1457 3072 1490 3112 α
1525 3045 1923 3117 Secundum
1953 3047 2271 3116 ordinem
2300 3045 2668 3116 Melchise-

1154 3176 1225 3221 ec
1279 3206 1295 3220 .
1334 3179 1367 3220 n

761 3268 1081 3370 egara-2⁸⁸2?
1196 3262 1461 3331 Dicitur
1481 3271 1708 3332 autem
1743 3262 2063 3332 sacerdos
2092 3261 2403 3332 Christus
2431 3286 2667 3332 secun·

758 3378 1082 3477 ffoegmffi:
1109 3367 1275 3435 dum
1314 3367 1625 3436 ordinem
1682 3367 2174 3436 Melchisedech
2213 3391 2229 3436 ε
2287 3369 2513 3459 primo
2546 3392 2665 3438 ra-

779 3484 1056 3533 ebbodoeb·
1103 3478 1292 3546 tione
1330 3479 1627 3569 generis,
1662 3480 1823 3568 quia
1860 3480 2009 3546 sine
2038 3477 2445 3569 genealogia
2484 3477 2654 3549 suit:

1103 3584 1272 3654 nihil
1304 3586 1486 3653 enim
1511 3584 1762 3677 legitur
1792 3585 1876 3655 de
1906 3593 2098 3678 patre
2144 3593 2212 3654 et
2261 3594 2478 3654 matre
2511 3587 2660 3676 ejus

1100 3691 1511 3760 carnalibus.
1548 3691 1632 3761 Et
1662 3691 1973 3761 Christus
2002 3692 2200 3775 dixit,
2241 3690 2484 3763 Matth.
2530 3715 2654 3778 ιιι,

1098 3800 1184 3867 48
1229 3822 1245 3867 :
1286 3799 1451 3884 Qua·
1468 3809 1566 3867 est
1595 3809 1816 3868 mater
1861 3823 2040 3880 mea,
2076 3808 2140 3868 et
2168 3801 2294 3892 qui
2315 3813 2480 3868 sunt
2503 3801 2657 3891 sra-

1094 3918 1227 3977 tres
1247 3911 1383 3978 mei
1423 3908 1466 3977 ?
1495 3908 1786 3979 Ratione
1817 3909 2145 3980 nominis.
2170 3908 2438 3978 Dicitur
2465 3909 2652 3978 enim

1090 4013 1591 4085 Melchisedech
1637 4016 1819 4085 idem
1868 4015 2055 4109 quod
2112 4038 2236 4086 rex
2289 4012 2548 4095 Salem,
2582 4014 2652 4084 id

1091 4131 1219 4203 est,
1263 4146 1382 4193 rex
1412 4125 1620 4217 pacis.
1659 4123 1744 4193 Et
1780 4124 1863 4194 de
1894 4121 2167 4193 Christo
2195 4123 2468 4204 dicitur,
2513 4120 2645 4194 lsa.

1089 4254 1183 4312 ιι,
1248 4233 1291 4299 6
1333 4253 1351 4301 :
1419 4232 1784 4301 Vocabitur
1836 4256 2082 4302 nomen
2121 4231 2392 4322 ejus,...
2442 4240 2653 4325 pater

1086 4339 1323 4428 luturi
1354 4338 1619 4418 seculi,
1645 4340 1965 4432 princeps
1985 4341 2208 4432 pacis.
2241 4338 2351 4408 Ad
2389 4337 2645 4430 Ephes.

1086 4469 1161 4528 ιι,
1200 4445 1280 4514 u
1315 4466 1332 4513 ε
1366 4446 1521 4537 Ipse
1548 4454 1648 4513 est
1670 4468 1820 4537 pax
1855 4454 2117 4515 nostra.
2162 4444 2458 4514 Ratione
2487 4467 2651 4536 ope-

1088 4556 1179 4624 ris
1214 4578 1232 4624 ε
1291 4552 1644 4623 benedixit
1717 4552 1900 4623 enim
2005 4551 2327 4632 Abrahae,
2392 4551 2643 4625 Genes.

1072 4647 1230 4747 ἰητ,
1285 4664 1389 4732 19.
1446 4661 1531 4731 Et
1587 4663 1730 4753 ipse
1787 4660 1975 4744 dicit,
2016 4660 2305 4732 Numer.
2334 4683 2432 4740 vr.
2492 4662 2639 4731 27:

1086 4769 1509 4840 Invocabunt
1534 4793 1776 4839 nomen
1814 4793 2043 4839 meum
2076 4793 2286 4862 super
2325 4770 2518 4860 filios
2535 4772 2645 4840 Is-

1084 4878 1257 4959 rael,
1287 4888 1353 4946 et
1379 4900 1503 4970 eqo
1534 4874 1927 4946 benedicam
1970 4878 2093 4947 eis.
2142 4878 2461 4947 Decimas
2526 4900 2646 4948 ae-

1083 4988 1282 5078 cepit.
1329 4985 1415 5056 Et
1447 4984 1719 5055 Christo
1747 4984 2080 5056 debemus
2117 4984 2278 5056 dare
2305 4987 2645 5079 primitias

1082 5103 1151 5165 et
1200 5094 1526 5173 decimas,
1585 5092 1977 5163 contitendo
2029 5117 2188 5162 cum
2251 5093 2497 5178 Paulo,
2556 5094 2645 5165 ad

1084 5201 1336 5293 Philip.
1363 5224 1436 5287 ιι,
1477 5201 1557 5270 13
1592 5223 1609 5268 :
1650 5200 1996 5292 Operatur
2027 5203 2098 5268 in
2129 5199 2320 5270 vobis
2359 5211 2425 5271 ct
2467 5202 2646 5272 velle

1078 5319 1142 5377 et
1156 5310 1507 5401 perficere,
1525 5331 1657 5400 pro
1681 5306 1855 5376 bona
1877 5307 2260 5377 voluntate.
2291 5308 2553 5379 Panem
2575 5320 2644 5382 et

1077 5417 1316 5487 vinum
1347 5416 1597 5487 obtulit
1641 5419 1688 5487 ¹.
1742 5418 1828 5488 Et
1866 5415 2178 5487 Christus
2232 5421 2640 5512 sanguinem

1141 5683 1160 5722 ¹
1198 5682 1285 5742 Ct'.
1317 5682 1529 5741 Genea.
1551 5699 1670 5751 xxv.
1700 5684 1767 5740 ¹8
1796 5688 2010 5758 etseq.

1147 5774 1171 5811 ⁸
1196 5775 1397 5834 natth.
1421 5790 1576 5844 xxvi,
1600 5774 1672 5830 2⁶
1690 5776 1893 5847 etseq.
1922 5792 1939 5846 ς
1963 5777 2268 5851 flamm,
2287 5775 2361 5834 22
2381 5778 2590 5850 etseq.
2615 5793 2634 5848 ;

4193 370 4318 444 167

2765 585 2965 628 suum
2997 561 3122 628 sub
3150 561 3375 650 specie
3403 558 3571 634 vini,
3615 562 3679 622 et
3717 571 3990 621 carnem
4020 544 4144 613 sub
4170 564 4318 633 spe-

2766 667 2865 733 cie
2912 667 3107 756 panis
3158 663 3507 766 discipulis
3558 660 3762 738 dedit,
3820 663 3886 724 et
3938 653 4086 720 Deo
4128 646 4310 715 Patri

2767 772 3036 857 obtulit,
3069 782 3136 841 et
3165 769 3394 839 oflerri
3423 766 3744 858 {quotidie
3798 761 3957 830 facit
3993 762 4042 824 ¹.

2859 1116 2892 1155 a
2925 1090 3267 1158 Dominus
3306 1109 3351 1154 a
3379 1082 3659 1151 dextris.
3697 1105 3730 1146 n
3765 1078 3894 1146 Hic
3932 1073 4304 1145 secundum

2765 1200 2835 1266 in
2866 1220 3002 1289 quo
3042 1196 3347 1286 tangitur
3375 1192 3589 1262 virtus
3636 1189 3840 1278 hujus
3915 1182 4304 1260 sacerdotiS,

2768 1308 2885 1398 qui
2924 1307 3225 1395 seipsum
3259 1301 3529 1380 obtulit,
3561 1297 3669 1367 vel
3715 1297 3996 1365 fructus,
4040 1292 4124 1359 Et
4179 1291 4315 1381 pri·

2768 1439 2909 1498 mo,
2959 1416 3030 1481 in
3057 1413 3339 1492 Judaeis‚
3374 1411 3485 1478 vel
3523 1407 4028 1497 comparatione
4071 1400 4156 1469 ad
4199 1398 4320 1466 Ju-

2769 1524 2979 1591 daeos.
3018 1520 3365 1599 Secundo,
3400 1517 3487 1585 ad
3526 1512 3862 1593 Gentiles,
3896 1511 4012 1587 ibi,
4077 1515 4141 1584 3⁷.
4214 1507 4254 1571 (3
4296 1526 4319 1571 .·

2771 1659 2804 1695 α
2837 1627 3199 1699 Judicabit
3227 1629 3299 1694 in
3327 1622 3745 1693 nationibus.
3792 1648 3826 1683 »

2859 1733 2937 1802 In
2967 1734 3189 1825 prima
3229 1729 3535 1821 tangitur
3568 1726 3635 1793 in
3676 1724 3924 1816 quibus
3954 1721 4037 1789 de
4066 1717 4321 1786 Judaeis

2768 1844 3152 1935 specialiter
3191 1839 3578 1933 apparuerit
3617 1833 3951 1927 passionis
3981 1833 4220 1908 virtus,
4254 1834 4322 1894 et

2772 1951 3072 2043 quando,
3108 1947 3234 2028 ibi,
3280 1972 3313 2012 α
3347 1948 3431 2015 In
3471 1945 3583 2012 die
3626 1944 3768 2010 irae.
3803 1969 3836 2001 w

2866 2059 3043 2126 Dicit
3080 2078 3244 2147 ergo
3281 2078 3296 2122 ε
3334 2053 3450 2121 Sic
3474 2051 3813 2119 Dominus
3843 2045 4106 2113 fortiter
4160 2064 4320 2110 eum

2773 2168 3007 2237 statuit
3044 2164 3467 2234 sacerdotem
3524 2161 3817 2249 seipsum
3868 2154 4262 2223 offerentem
4299 2170 4315 2215 ε

2772 2287 2863 2362 et,
2896 2300 2939 2345 o
2988 2283 3091 2356 tu,
3140 2274 3344 2341 Pater
3400 2266 3756 2360 (convertit
3814 2283 4201 2333 sermonem
4237 2255 4324 2325 ad

2772 2383 3075 2472 Patrem)
3109 2409 3144 2447 α
3182 2379 3545 2459 Dominus,
3580 2399 3616 2442 ι
3650 2372 3987 2448 Christus,
4024 2398 4055 2430 «
4092 2391 4134 2437 a
4164 2366 4328 2435 dea:-

2772 2495 2899 2563 tris
2954 2492 3119 2575 tuis,
3155 2515 3190 2555 a
3235 2489 3305 2555 in
3352 2485 3608 2554 dextris
3654 2480 3910 2549 scilicet
3967 2477 4103 2544 tuis
4155 2497 4329 2543 con-

2772 2604 3077 2680 stitutus,
3148 2599 3325 2666 sicut
3378 2592 3583 2686 paulo
3650 2598 3803 2658 ante
3882 2587 4137 2655 dictum
4195 2591 4371 2661 est,·

2775 2736 2812 2775 α
2852 2706 3192 2797 confreqit
3231 2726 3442 2795 reyes,
3477 2728 3510 2765 »
3565 2699 3857 2788 majores
3932 2692 4187 2762 scilicet
4241 2689 4325 2758 de

2770 2817 3059 2896 Judaeis,
3103 2822 3168 2884 et
3247 2812 3419 2881 alios
3483 2815 3795 2898 regentes
3862 2801 4189 2892 confregit
4255 2798 4326 2867 in

2771 2946 3059 3017 corpore
3098 2945 3220 3015 per
3248 2920 3627 2993 RomanOS,
3662 2910 3935 3005 quando
3975 2917 4326 2998 tamquam

2770 3058 2895 3106 vas
2985 3028 3434 3105 confractum,
3536 3020 3822 3115 quilibet
3939 3015 4322 3109 principum

2771 3140 3009 3213 mundi
3068 3136 3372 3233 portavit
3407 3139 3670 3226 partem
3735 3149 3956 3197 suam.
4035 3120 4320 3215 Apocal.

2770 3277 2843 3333 ιι,
2878 3253 2962 3321 2¹1
2999 3270 3016 3320 ε
3052 3250 3269 3340 Reqet
3296 3268 3436 3325 eas,
3478 3240 3730 3311 scilicet
3758 3244 4021 3330 gentes,
4074 3234 4143 3300 in
4176 3234 4322 3301 vir-

2766 3382 2863 3454 qa
2888 3361 3146 3450 lema,
3206 3363 3271 3422 et
3307 3361 3663 3442 tamquam
3724 3367 3843 3413 ras
3892 3339 4104 3431 fiquli
4156 3361 4324 3407 con-

2763 3471 3187 3562 srinqentur.
3232 3461 3417 3532 Psal.
3453 3480 3530 3543 ιι,
3562 3461 3604 3527 9
3639 3477 3655 3525 :
3689 3458 3785 3524 Et
3814 3465 4171 3543 tamquam
4198 3471 4321 3517 vas

2761 3576 2981 3670 fiquli
3005 3572 3398 3663 consrinqes
3438 3590 3571 3636 cos.
3618 3560 3777 3641 Job,
3827 3580 4113 3636 xxxvm,
4181 3559 4312 3627 15:

2763 3684 3143 3754 Brachium
3174 3677 3524 3749 excelsum
3568 3670 4064 3761 consrinqetur.
4126 3664 4315 3734 Con-

2763 3791 2962 3884 fregit
2993 3791 3063 3859 in
3093 3794 3349 3872 mente,
3381 3779 3653 3876 quando
3682 3774 3867 3870 quod
3894 3771 4310 3865 cogitabant,

2761 3909 2984 3970 totum
3058 3897 3460 3989 dissipatum
3519 3898 3620 3961 est
3684 3895 3752 3957 et
3825 3882 4308 3954 annihilatum.

2757 4006 2917 4088 Job,
2947 4031 3020 4091 v,
3068 4007 3149 4074 12
3183 4026 3201 4073 :
3253 4002 3569 4092 Dissipat
3605 3994 4049 4088 coqitationes
4106 3988 4313 4059 mali·

2754 4137 3081 4210 qnorum,
3125 4134 3212 4180 ne
3249 4109 3517 4202 possint
3564 4103 3850 4198 implere
3904 4122 4153 4169 manus
4195 4118 4309 4167 eo·

2756 4248 2917 4296 rum
2953 4221 3146 4318 quod
3186 4224 3549 4313 coeperant.
3603 4212 3686 4282 Et
3748 4209 3909 4289 hoc,
3967 4234 4002 4274 ι
4071 4209 4145 4275 in
4196 4205 4313 4274 die

2755 4336 2879 4404 irae
2911 4353 3082 4411 ωε,
3147 4356 3182 4394 ι
3232 4323 3508 4421 quando
3536 4320 3790 4391 scilicet
3861 4319 3931 4386 in
3971 4314 4104 4384 illis
4131 4315 4308 4384 iram

2756 4439 3065 4511 exercuit
3114 4458 3239 4529 per
3291 4432 3664 4506 Romanos,
3724 4434 3791 4496 et
3839 4447 3959 4496 eos
4023 4422 4307 4492 interius

2756 4546 3104 4625 contrivit,
3170 4552 3241 4613 et
3293 4539 3613 4612 exterius.
3662 4532 3904 4604 Matth.
3965 4554 4110 4609 ιιι,
4162 4529 4303 4602 u:

2755 4658 2987 4751 Super
3055 4675 3258 4747 quem
3323 4671 3478 4719 vero
3549 4645 3721 4738 lapis
3787 4642 3901 4711 ille
3955 4637 4301 4716 ceciderit,

2756 4769 3053 4835 conteret
3077 4780 3263 4830 eum.
3297 4755 3388 4826 Ili
3433 4760 3591 4823 suat
3635 4770 3855 4841 reges.
3904 4745 3988 4815 de
4054 4741 4307 4838 quibus

2755 4874 2828 4944 in
2884 4868 3072 4940 Psal.
3132 4889 3208 4950 ιι,
3256 4865 3326 4947 2,
3385 4883 3615 4955 supra.
3657 4864 3724 4928 et
3773 4854 3927 4925 Aet.
3980 4875 4074 4936 w,
4152 4852 4240 4920 26
4284 4872 4304 4922 ε

2754 4978 3190 5051 Adstiterunt
3218 4994 3406 5065 reyes
3432 4980 3649 5045 terre.
3682 4973 3746 5034 et
3765 4962 4112 5056 principes
4138 4982 4309 5030 con-

2753 5094 3083 5160 venerunt
3145 5083 3216 5150 in
3307 5099 3548 5157 unum,
3649 5071 3974 5142 adversus
4059 5069 4308 5139 Domi-

2753 5219 2950 5275 num,
3002 5201 3134 5263 etc.
3189 5188 3325 5258 Sed
3373 5183 3725 5279 impletum
3784 5187 3889 5250 est
3936 5176 4103 5247 illud
4167 5175 4298 5246 Isa.

2753 5327 2941 5384 xun,
2998 5301 3078 5370 17
3115 5320 3133 5370 ε
3165 5294 3466 5370 Contu-iti
3501 5301 3664 5361 sunt
3707 5289 3913 5382 quasi
3958 5287 4209 5365 linum,
4242 5293 4309 5353 et

2751 5409 3076 5484 exstincti
3108 5415 3297 5485 sunt,
3330 5401 3584 5473 scilicet
3612 5404 4031 5491 peccatores.

2752 5680 2893 5742 Luc.
2922 5695 3047 5753 ιιι,
3083 5680 3149 5736 17
3179 5681 3241 5735 et
3273 5689 3425 5749 seq„
3455 5677 3517 5730 et
3543 5669 3568 5729 1
3607 5668 3684 5729 ad
3710 5662 3981 5727 Corinth.
4022 5678 4104 5733 ιι,
4139 5661 4209 5718 23
4242 5660 4306 5717 et

2749 5788 2880 5846 seq.
