<?xml version="1.0" encoding="UTF-8"?>
<!DOCTYPE html PUBLIC "-//W3C//DTD XHTML 1.0 Transitional//EN"
    "http://www.w3.org/TR/xhtml1/DTD/xhtml1-transitional.dtd">
<html xmlns="http://www.w3.org/1999/xhtml" xml:lang="en" lang="en">
 <head>
  <title>
</title>
<meta http-equiv="Content-Type" content="text/html;charset=utf-8" />
  <meta name='ocr-system' content='tesseract 3.04.00' />
  <meta name='ocr-capabilities' content='ocr_page ocr_carea ocr_par ocr_line ocrx_word'/>
</head>
<body>
  <div class='ocr_page' id='page_1' title='image "balbertimagnira02chgoog_0277.png"; bbox 0 0 5008 6329; ppageno 0'>
   <div class='ocr_carea' id='block_1_1' title="bbox 972 2083 1102 2150">
    <p class='ocr_par' dir='ltr' id='par_1_1' title="bbox 972 2083 1102 2150">
     <span class='ocr_line' id='line_1_1' title="bbox 972 2083 1102 2150; baseline -0.023 0"><span class='ocrx_word' id='word_1_1' title='bbox 972 2083 1102 2150; x_wconf 67' lang='lat'>⁴⁹</span> 
     </span>
    </p>
   </div>
   <div class='ocr_carea' id='block_1_2' title="bbox 886 5172 2791 5268">
    <p class='ocr_par' dir='ltr' id='par_1_2' title="bbox 886 5172 2791 5268">
     <span class='ocr_line' id='line_1_2' title="bbox 886 5172 2791 5268; baseline 0.001 -26"><span class='ocrx_word' id='word_1_2' title='bbox 886 5195 1008 5251; x_wconf 74' lang='lat' dir='ltr'>Qn-</span> <span class='ocrx_word' id='word_1_3' title='bbox 1033 5196 1188 5243; x_wconf 71' lang='lat' dir='ltr'>veeb·</span> <span class='ocrx_word' id='word_1_4' title='bbox 1321 5177 1436 5246; x_wconf 80' lang='lat' dir='ltr'>Ait</span> <span class='ocrx_word' id='word_1_5' title='bbox 1475 5196 1683 5268; x_wconf 83' lang='lat' dir='ltr'>ergo:</span> <span class='ocrx_word' id='word_1_6' title='bbox 1721 5172 1837 5243; x_wconf 87' lang='lat' dir='ltr'>Sic</span> <span class='ocrx_word' id='word_1_7' title='bbox 1882 5174 2016 5244; x_wconf 85' lang='lat' dir='ltr'>cito</span> <span class='ocrx_word' id='word_1_8' title='bbox 2047 5174 2254 5267; x_wconf 87' lang='lat' dir='ltr'>imple</span> <span class='ocrx_word' id='word_1_9' title='bbox 2304 5174 2583 5244; x_wconf 79' lang='lat' dir='ltr'>verbum</span> <span class='ocrx_word' id='word_1_10' title='bbox 2625 5199 2791 5267; x_wconf 86' lang='lat' dir='ltr'>pro-</span> 
     </span>
    </p>
   </div>
   <div class='ocr_carea' id='block_1_3' title="bbox 873 5368 1198 5458">
    <p class='ocr_par' dir='ltr' id='par_1_3' title="bbox 873 5368 1198 5458">
     <span class='ocr_line' id='line_1_3' title="bbox 873 5368 1198 5458; baseline -0.003 0"><span class='ocrx_word' id='word_1_11' title='bbox 873 5368 1198 5458; x_wconf 47' lang='lat' dir='ltr'>mame-,oo-</span> 
     </span>
    </p>
   </div>
   <div class='ocr_carea' id='block_1_4' title="bbox 1971 371 3663 444">
    <p class='ocr_par' dir='ltr' id='par_1_4' title="bbox 1971 371 3663 444">
     <span class='ocr_line' id='line_1_4' title="bbox 1971 371 3663 444; baseline -0.002 0"><span class='ocrx_word' id='word_1_12' title='bbox 1971 374 2679 444; x_wconf 85' lang='lat' dir='ltr'><strong>COMMENTARIUS</strong></span> <span class='ocrx_word' id='word_1_13' title='bbox 2728 374 2823 440; x_wconf 92' lang='lat' dir='ltr'>IN</span> <span class='ocrx_word' id='word_1_14' title='bbox 2869 373 3302 441; x_wconf 81' lang='lat' dir='ltr'><strong>PSALMUM</strong></span> <span class='ocrx_word' id='word_1_15' title='bbox 3352 371 3663 441; x_wconf 82' lang='lat' dir='ltr'>CXVIII.</span> 
     </span>
    </p>
   </div>
   <div class='ocr_carea' id='block_1_5' title="bbox 1213 541 2778 1821">
    <p class='ocr_par' dir='ltr' id='par_1_5' title="bbox 1213 541 2776 1283">
     <span class='ocr_line' id='line_1_5' title="bbox 1214 541 2776 635; baseline 0.001 -28"><span class='ocrx_word' id='word_1_16' title='bbox 1214 541 1444 625; x_wconf 88' lang='lat' dir='ltr'>corde,</span> <span class='ocrx_word' id='word_1_17' title='bbox 1474 545 1817 613; x_wconf 86' lang='lat' dir='ltr'>etstrenui</span> <span class='ocrx_word' id='word_1_18' title='bbox 1849 547 1919 613; x_wconf 90' lang='lat' dir='ltr'>in</span> <span class='ocrx_word' id='word_1_19' title='bbox 1949 547 2264 615; x_wconf 79' lang='lat' dir='ltr'>exteriori</span> <span class='ocrx_word' id='word_1_20' title='bbox 2289 567 2516 635; x_wconf 92' lang='lat' dir='ltr'>opere.</span> <span class='ocrx_word' id='word_1_21' title='bbox 2542 544 2776 609; x_wconf 90' lang='lat' dir='ltr'>Prima</span> 
     </span>
     <span class='ocr_line' id='line_1_6' title="bbox 1216 651 2772 741; baseline 0.001 -27"><span class='ocrx_word' id='word_1_22' title='bbox 1216 659 1316 715; x_wconf 91' lang='lat' dir='ltr'>est</span> <span class='ocrx_word' id='word_1_23' title='bbox 1334 658 1750 720; x_wconf 86' lang='lat' dir='ltr'>aeternorum</span> <span class='ocrx_word' id='word_1_24' title='bbox 1773 652 2113 722; x_wconf 90' lang='lat' dir='ltr'>bonorum</span> <span class='ocrx_word' id='word_1_25' title='bbox 2136 654 2364 739; x_wconf 76' lang='lat' dir='ltr'>divina</span> <span class='ocrx_word' id='word_1_26' title='bbox 2385 651 2772 741; x_wconf 78' lang='lat' dir='ltr'>promissio.</span> 
     </span>
     <span class='ocr_line' id='line_1_7' title="bbox 1219 753 2771 849; baseline 0.001 -28"><span class='ocrx_word' id='word_1_27' title='bbox 1219 753 1560 840; x_wconf 87' lang='lat' dir='ltr'>Secunda,</span> <span class='ocrx_word' id='word_1_28' title='bbox 1640 760 2062 849; x_wconf 87' lang='lat' dir='ltr'>judiciorum</span> <span class='ocrx_word' id='word_1_29' title='bbox 2159 759 2280 825; x_wconf 91' lang='lat' dir='ltr'>Dei</span> <span class='ocrx_word' id='word_1_30' title='bbox 2368 756 2771 836; x_wconf 90' lang='lat' dir='ltr'>recordati0‚</span> 
     </span>
     <span class='ocr_line' id='line_1_8' title="bbox 1218 863 2770 954; baseline 0.001 -24"><span class='ocrx_word' id='word_1_31' title='bbox 1218 864 1338 946; x_wconf 88' lang='lat' dir='ltr'>ibi,</span> <span class='ocrx_word' id='word_1_32' title='bbox 1398 872 1461 943; x_wconf 51' lang='grc' dir='ltr'>ᾗ.</span> <span class='ocrx_word' id='word_1_33' title='bbox 1553 870 1639 936; x_wconf 84' lang='grc'>52</span> <span class='ocrx_word' id='word_1_34' title='bbox 1687 890 1701 935; x_wconf 90' lang='lat'>:</span> <span class='ocrx_word' id='word_1_35' title='bbox 1779 897 1811 931; x_wconf 75' lang='grc' dir='ltr'>α</span> <span class='ocrx_word' id='word_1_36' title='bbox 1855 870 2119 935; x_wconf 81' lang='lat' dir='ltr'>Memor</span> <span class='ocrx_word' id='word_1_37' title='bbox 2156 867 2271 954; x_wconf 77' lang='lat' dir='ltr'>sui</span> <span class='ocrx_word' id='word_1_38' title='bbox 2308 863 2770 953; x_wconf 75' lang='lat' dir='ltr'>judiciorum.</span> 
     </span>
     <span class='ocr_line' id='line_1_9' title="bbox 1214 974 2772 1067; baseline -0.001 -25"><span class='ocrx_word' id='word_1_39' title='bbox 1214 974 1466 1063; x_wconf 89' lang='lat' dir='ltr'>Tertia,</span> <span class='ocrx_word' id='word_1_40' title='bbox 1505 977 2011 1067; x_wconf 90' lang='lat' dir='ltr'>Scripturarum</span> <span class='ocrx_word' id='word_1_41' title='bbox 2052 975 2202 1042; x_wconf 88' lang='lat' dir='ltr'>laeta</span> <span class='ocrx_word' id='word_1_42' title='bbox 2245 974 2620 1058; x_wconf 82' lang='lat' dir='ltr'><strong>meditatio,</strong></span> <span class='ocrx_word' id='word_1_43' title='bbox 2653 974 2772 1052; x_wconf 88' lang='lat' dir='ltr'>ibi,</span> 
     </span>
     <span class='ocr_line' id='line_1_10' title="bbox 1213 1081 2772 1162; baseline -0.003 -9"><span class='ocrx_word' id='word_1_44' title='bbox 1213 1090 1278 1160; x_wconf 62' lang='lat'>5.</span> <span class='ocrx_word' id='word_1_45' title='bbox 1301 1086 1388 1153; x_wconf 77' lang='lat'>54</span> <span class='ocrx_word' id='word_1_46' title='bbox 1425 1108 1440 1152; x_wconf 90' lang='lat'>:</span> <span class='ocrx_word' id='word_1_47' title='bbox 1470 1113 1505 1149; x_wconf 74' lang='lat' dir='ltr'>c&lt;</span> <span class='ocrx_word' id='word_1_48' title='bbox 1552 1083 1951 1154; x_wconf 79' lang='lat' dir='ltr'>Cantabiles</span> <span class='ocrx_word' id='word_1_49' title='bbox 1980 1084 2155 1151; x_wconf 77' lang='lat' dir='ltr'>mihi</span> <span class='ocrx_word' id='word_1_50' title='bbox 2181 1093 2395 1151; x_wconf 79' lang='lat' dir='ltr'>crant.</span> <span class='ocrx_word' id='word_1_51' title='bbox 2427 1109 2455 1147; x_wconf 76' lang='lat' dir='ltr'><strong>n</strong></span> <span class='ocrx_word' id='word_1_52' title='bbox 2492 1081 2772 1162; x_wconf 88' lang='lat' dir='ltr'>Quarta,</span> 
     </span>
     <span class='ocr_line' id='line_1_11' title="bbox 1216 1190 2728 1283; baseline -0.003 -24"><span class='ocrx_word' id='word_1_53' title='bbox 1216 1192 1387 1283; x_wconf 84' lang='lat' dir='ltr'>vigil</span> <span class='ocrx_word' id='word_1_54' title='bbox 1435 1193 1681 1270; x_wconf 89' lang='lat' dir='ltr'>oratio,</span> <span class='ocrx_word' id='word_1_55' title='bbox 1716 1190 1838 1269; x_wconf 89' lang='lat' dir='ltr'>ibi,</span> <span class='ocrx_word' id='word_1_56' title='bbox 1866 1198 1930 1268; x_wconf 57' lang='grc' dir='ltr'>ᾗ.</span> <span class='ocrx_word' id='word_1_57' title='bbox 1966 1193 2050 1259; x_wconf 87' lang='grc'>55</span> <span class='ocrx_word' id='word_1_58' title='bbox 2097 1213 2112 1258; x_wconf 89' lang='lat'>:</span> <span class='ocrx_word' id='word_1_59' title='bbox 2161 1217 2194 1257; x_wconf 70' lang='grc' dir='ltr'>α</span> <span class='ocrx_word' id='word_1_60' title='bbox 2235 1193 2498 1258; x_wconf 84' lang='lat' dir='ltr'><em>Memor</em></span> <span class='ocrx_word' id='word_1_61' title='bbox 2526 1190 2666 1280; x_wconf 79' lang='lat' dir='ltr'>sui.</span> <span class='ocrx_word' id='word_1_62' title='bbox 2697 1214 2728 1252; x_wconf 80' lang='grc'>»</span> 
     </span>
    </p>

    <p class='ocr_par' dir='ltr' id='par_1_6' title="bbox 1217 1296 2778 1821">
     <span class='ocr_line' id='line_1_12' title="bbox 1308 1296 2778 1391; baseline -0.003 -25"><span class='ocrx_word' id='word_1_63' title='bbox 1308 1300 1388 1367; x_wconf 92' lang='lat' dir='ltr'>ln</span> <span class='ocrx_word' id='word_1_64' title='bbox 1415 1301 1641 1391; x_wconf 88' lang='lat' dir='ltr'>prima</span> <span class='ocrx_word' id='word_1_65' title='bbox 1695 1299 2012 1367; x_wconf 87' lang='lat' dir='ltr'>dicuutur</span> <span class='ocrx_word' id='word_1_66' title='bbox 2067 1299 2228 1367; x_wconf 91' lang='lat' dir='ltr'>duo.</span> <span class='ocrx_word' id='word_1_67' title='bbox 2290 1298 2548 1373; x_wconf 89' lang='lat' dir='ltr'>Primo,</span> <span class='ocrx_word' id='word_1_68' title='bbox 2610 1296 2778 1385; x_wconf 88' lang='lat' dir='ltr'>petit</span> 
     </span>
     <span class='ocr_line' id='line_1_13' title="bbox 1219 1404 2775 1496; baseline -0.003 -24"><span class='ocrx_word' id='word_1_69' title='bbox 1219 1406 1351 1473; x_wconf 87' lang='lat' dir='ltr'>cito</span> <span class='ocrx_word' id='word_1_70' title='bbox 1420 1405 1780 1496; x_wconf 89' lang='lat' dir='ltr'>adimpleri</span> <span class='ocrx_word' id='word_1_71' title='bbox 1875 1406 2175 1475; x_wconf 87' lang='lat' dir='ltr'>divinam</span> <span class='ocrx_word' id='word_1_72' title='bbox 2252 1404 2775 1496; x_wconf 84' lang='lat' dir='ltr'>promissionem</span> 
     </span>
     <span class='ocr_line' id='line_1_14' title="bbox 1220 1508 2777 1591; baseline -0.004 -12"><span class='ocrx_word' id='word_1_73' title='bbox 1220 1512 1350 1579; x_wconf 88' lang='lat' dir='ltr'>sibi</span> <span class='ocrx_word' id='word_1_74' title='bbox 1407 1512 1683 1580; x_wconf 85' lang='lat' dir='ltr'>factam.</span> <span class='ocrx_word' id='word_1_75' title='bbox 1750 1512 2091 1591; x_wconf 87' lang='lat' dir='ltr'>Secundo,</span> <span class='ocrx_word' id='word_1_76' title='bbox 2159 1510 2456 1580; x_wconf 79' lang='lat' dir='ltr'>ostendit</span> <span class='ocrx_word' id='word_1_77' title='bbox 2530 1508 2777 1575; x_wconf 68' lang='lat' dir='ltr'>divinae</span> 
     </span>
     <span class='ocr_line' id='line_1_15' title="bbox 1217 1618 2777 1711; baseline -0.003 -23"><span class='ocrx_word' id='word_1_78' title='bbox 1217 1620 1700 1711; x_wconf 82' lang='lat' dir='ltr'>promissionis</span> <span class='ocrx_word' id='word_1_79' title='bbox 1767 1621 2161 1697; x_wconf 75' lang='lat' dir='ltr'>efficaciam,</span> <span class='ocrx_word' id='word_1_80' title='bbox 2234 1618 2349 1697; x_wconf 83' lang='lat' dir='ltr'>ibi,</span> <span class='ocrx_word' id='word_1_81' title='bbox 2413 1646 2448 1681; x_wconf 86' lang='lat'>«</span> <span class='ocrx_word' id='word_1_82' title='bbox 2502 1619 2586 1686; x_wconf 83' lang='lat' dir='ltr'>In</span> <span class='ocrx_word' id='word_1_83' title='bbox 2643 1639 2777 1708; x_wconf 84' lang='lat' dir='ltr'>quo</span> 
     </span>
     <span class='ocr_line' id='line_1_16' title="bbox 1220 1721 1994 1821; baseline -0.008 -24"><span class='ocrx_word' id='word_1_84' title='bbox 1220 1721 1396 1797; x_wconf 75' lang='lat' dir='ltr'>mihi</span> <span class='ocrx_word' id='word_1_85' title='bbox 1421 1753 1610 1821; x_wconf 87' lang='lat' dir='ltr'>spem</span> <span class='ocrx_word' id='word_1_86' title='bbox 1641 1730 1913 1798; x_wconf 79' lang='lat' dir='ltr'>dedisti.</span> <span class='ocrx_word' id='word_1_87' title='bbox 1961 1756 1994 1791; x_wconf 86' lang='lat'>»</span> 
     </span>
    </p>
   </div>
   <div class='ocr_carea' id='block_1_6' title="bbox 1208 2042 2783 4404">
    <p class='ocr_par' dir='ltr' id='par_1_7' title="bbox 1208 2042 2783 4404">
     <span class='ocr_line' id='line_1_17' title="bbox 1308 2042 2774 2137; baseline -0.005 -22"><span class='ocrx_word' id='word_1_88' title='bbox 1308 2047 1491 2115; x_wconf 84' lang='lat' dir='ltr'>Dicit</span> <span class='ocrx_word' id='word_1_89' title='bbox 1557 2068 1775 2137; x_wconf 87' lang='lat' dir='ltr'>ergo:</span> <span class='ocrx_word' id='word_1_90' title='bbox 1849 2044 1961 2114; x_wconf 91' lang='lat' dir='ltr'>Sic</span> <span class='ocrx_word' id='word_1_91' title='bbox 2019 2044 2104 2112; x_wconf 88' lang='lat' dir='ltr'>da</span> <span class='ocrx_word' id='word_1_92' title='bbox 2168 2044 2636 2111; x_wconf 81' lang='lat' dir='ltr'>strenuitatem</span> <span class='ocrx_word' id='word_1_93' title='bbox 2706 2042 2774 2108; x_wconf 91' lang='lat' dir='ltr'>in</span> 
     </span>
     <span class='ocr_line' id='line_1_18' title="bbox 1221 2152 2775 2247; baseline -0.006 -22"><span class='ocrx_word' id='word_1_94' title='bbox 1221 2178 1426 2247; x_wconf 89' lang='lat' dir='ltr'>opere</span> <span class='ocrx_word' id='word_1_95' title='bbox 1476 2161 1543 2223; x_wconf 90' lang='lat' dir='ltr'>et</span> <span class='ocrx_word' id='word_1_96' title='bbox 1590 2153 2018 2223; x_wconf 76' lang='lat' dir='ltr'>confessione</span> <span class='ocrx_word' id='word_1_97' title='bbox 2083 2153 2406 2231; x_wconf 86' lang='lat' dir='ltr'>nominis,</span> <span class='ocrx_word' id='word_1_98' title='bbox 2488 2152 2775 2242; x_wconf 79' lang='lat' dir='ltr'>ipsemet</span> 
     </span>
     <span class='ocr_line' id='line_1_19' title="bbox 1221 2258 2776 2341; baseline -0.005 -10"><span class='ocrx_word' id='word_1_99' title='bbox 1221 2264 1495 2331; x_wconf 80' lang='lat' dir='ltr'>adstans</span> <span class='ocrx_word' id='word_1_100' title='bbox 1535 2258 1706 2329; x_wconf 88' lang='lat' dir='ltr'>mihi</span> <span class='ocrx_word' id='word_1_101' title='bbox 1744 2283 1759 2328; x_wconf 93' lang='lat'><strong>:</strong></span> <span class='ocrx_word' id='word_1_102' title='bbox 1793 2270 1884 2341; x_wconf 90' lang='lat' dir='ltr'>et,</span> <span class='ocrx_word' id='word_1_103' title='bbox 1944 2282 1985 2329; x_wconf 94' lang='lat' dir='ltr'>o</span> <span class='ocrx_word' id='word_1_104' title='bbox 2041 2259 2359 2337; x_wconf 89' lang='lat' dir='ltr'>Domine,</span> <span class='ocrx_word' id='word_1_105' title='bbox 2414 2284 2448 2325; x_wconf 71' lang='grc' dir='ltr'>ι</span> <span class='ocrx_word' id='word_1_106' title='bbox 2518 2280 2776 2325; x_wconf 84' lang='lat' dir='ltr'>memor</span> 
     </span>
     <span class='ocr_line' id='line_1_20' title="bbox 1218 2365 2769 2450; baseline -0.003 -13"><span class='ocrx_word' id='word_1_107' title='bbox 1218 2381 1383 2450; x_wconf 77' lang='lat' dir='ltr'>esto,</span> <span class='ocrx_word' id='word_1_108' title='bbox 1440 2396 1475 2436; x_wconf 68' lang='lat' dir='ltr'>n</span> <span class='ocrx_word' id='word_1_109' title='bbox 1538 2390 1679 2437; x_wconf 91' lang='lat' dir='ltr'>non</span> <span class='ocrx_word' id='word_1_110' title='bbox 1744 2366 1829 2436; x_wconf 89' lang='lat' dir='ltr'>ad</span> <span class='ocrx_word' id='word_1_111' title='bbox 1898 2370 2299 2436; x_wconf 82' lang='lat' dir='ltr'>memoriam</span> <span class='ocrx_word' id='word_1_112' title='bbox 2360 2365 2769 2450; x_wconf 90' lang='lat' dir='ltr'>reducendo,</span> 
     </span>
     <span class='ocr_line' id='line_1_21' title="bbox 1217 2473 2776 2567; baseline -0.003 -22"><span class='ocrx_word' id='word_1_113' title='bbox 1217 2479 1393 2546; x_wconf 88' lang='lat' dir='ltr'>sicut</span> <span class='ocrx_word' id='word_1_114' title='bbox 1421 2499 1549 2545; x_wconf 87' lang='lat' dir='ltr'>nos</span> <span class='ocrx_word' id='word_1_115' title='bbox 1581 2475 1699 2567; x_wconf 88' lang='lat' dir='ltr'>qui</span> <span class='ocrx_word' id='word_1_116' title='bbox 1730 2473 2224 2556; x_wconf 80' lang='lat' dir='ltr'>obliviscimur,</span> <span class='ocrx_word' id='word_1_117' title='bbox 2253 2474 2369 2541; x_wconf 91' lang='lat' dir='ltr'>sed</span> <span class='ocrx_word' id='word_1_118' title='bbox 2398 2475 2533 2542; x_wconf 88' lang='lat' dir='ltr'>cito</span> <span class='ocrx_word' id='word_1_119' title='bbox 2563 2473 2776 2541; x_wconf 88' lang='lat' dir='ltr'>adim·</span> 
     </span>
     <span class='ocr_line' id='line_1_22' title="bbox 1218 2580 2775 2676; baseline -0.003 -25"><span class='ocrx_word' id='word_1_120' title='bbox 1218 2584 1495 2676; x_wconf 86' lang='lat' dir='ltr'>plendo,</span> <span class='ocrx_word' id='word_1_121' title='bbox 1537 2592 1616 2653; x_wconf 91' lang='lat' dir='ltr'>ut</span> <span class='ocrx_word' id='word_1_122' title='bbox 1644 2581 1730 2652; x_wconf 89' lang='lat' dir='ltr'>ad</span> <span class='ocrx_word' id='word_1_123' title='bbox 1770 2583 2051 2652; x_wconf 89' lang='lat' dir='ltr'>modum</span> <span class='ocrx_word' id='word_1_124' title='bbox 2083 2580 2334 2650; x_wconf 84' lang='lat' dir='ltr'>habeas</span> <span class='ocrx_word' id='word_1_125' title='bbox 2374 2602 2775 2650; x_wconf 87' lang='lat' dir='ltr'>memoran-</span> 
     </span>
     <span class='ocr_line' id='line_1_23' title="bbox 1219 2690 2778 2783; baseline -0.003 -20"><span class='ocrx_word' id='word_1_126' title='bbox 1219 2697 1329 2774; x_wconf 82' lang='lat' dir='ltr'>tis,</span> <span class='ocrx_word' id='word_1_127' title='bbox 1389 2724 1422 2757; x_wconf 74' lang='grc' dir='ltr'><strong>α</strong></span> <span class='ocrx_word' id='word_1_128' title='bbox 1468 2693 1659 2762; x_wconf 80' lang='lat' dir='ltr'>verbi</span> <span class='ocrx_word' id='word_1_129' title='bbox 1702 2694 1831 2772; x_wconf 82' lang='lat' dir='ltr'>tui,</span> <span class='ocrx_word' id='word_1_130' title='bbox 1896 2717 1928 2758; x_wconf 70' lang='lat' dir='ltr'>s</span> <span class='ocrx_word' id='word_1_131' title='bbox 2005 2692 2474 2783; x_wconf 83' lang='lat' dir='ltr'>promissionis</span> <span class='ocrx_word' id='word_1_132' title='bbox 2522 2690 2778 2759; x_wconf 89' lang='lat' dir='ltr'>scilicet</span> 
     </span>
     <span class='ocr_line' id='line_1_24' title="bbox 1216 2797 2770 2890; baseline -0.007 -21"><span class='ocrx_word' id='word_1_133' title='bbox 1216 2811 1376 2869; x_wconf 71' lang='lat' dir='ltr'>ture.</span> <span class='ocrx_word' id='word_1_134' title='bbox 1419 2799 1658 2885; x_wconf 83' lang='lat' dir='ltr'>Verbi,</span> <span class='ocrx_word' id='word_1_135' title='bbox 1694 2801 2002 2890; x_wconf 86' lang='lat' dir='ltr'>inquam,</span> <span class='ocrx_word' id='word_1_136' title='bbox 2035 2797 2191 2866; x_wconf 82' lang='lat' dir='ltr'>facti</span> <span class='ocrx_word' id='word_1_137' title='bbox 2226 2823 2260 2864; x_wconf 70' lang='grc' dir='ltr'>ι</span> <span class='ocrx_word' id='word_1_138' title='bbox 2299 2802 2506 2888; x_wconf 58' lang='lat' dir='ltr'>{servo</span> <span class='ocrx_word' id='word_1_139' title='bbox 2545 2807 2690 2875; x_wconf 82' lang='lat' dir='ltr'>tuo,</span> <span class='ocrx_word' id='word_1_140' title='bbox 2738 2826 2770 2858; x_wconf 69' lang='lat' dir='ltr'>n</span> 
     </span>
     <span class='ocr_line' id='line_1_25' title="bbox 1218 2903 2771 3000; baseline -0.005 -22"><span class='ocrx_word' id='word_1_141' title='bbox 1218 2932 1359 2978; x_wconf 90' lang='lat' dir='ltr'>non</span> <span class='ocrx_word' id='word_1_142' title='bbox 1389 2931 1591 2978; x_wconf 88' lang='lat' dir='ltr'>servo</span> <span class='ocrx_word' id='word_1_143' title='bbox 1628 2908 1958 3000; x_wconf 84' lang='lat' dir='ltr'>pecuniae.</span> <span class='ocrx_word' id='word_1_144' title='bbox 2001 2903 2243 2977; x_wconf 87' lang='lat' dir='ltr'>Matth.</span> <span class='ocrx_word' id='word_1_145' title='bbox 2276 2929 2371 2990; x_wconf 68' lang='lat' dir='ltr'>vt,</span> <span class='ocrx_word' id='word_1_146' title='bbox 2433 2906 2519 2973; x_wconf 69' lang='lat'>24</span> <span class='ocrx_word' id='word_1_147' title='bbox 2555 2927 2572 2973; x_wconf 91' lang='lat'>:</span> <span class='ocrx_word' id='word_1_148' title='bbox 2618 2906 2771 2975; x_wconf 82' lang='lat' dir='ltr'>Non</span> 
     </span>
     <span class='ocr_line' id='line_1_26' title="bbox 1208 3015 2774 3112; baseline -0.003 -25"><span class='ocrx_word' id='word_1_149' title='bbox 1208 3019 1515 3112; x_wconf 67' lang='lat' dir='ltr'>potestis]</span> <span class='ocrx_word' id='word_1_150' title='bbox 1542 3020 1690 3088; x_wconf 85' lang='lat' dir='ltr'>Deo</span> <span class='ocrx_word' id='word_1_151' title='bbox 1743 3018 2016 3095; x_wconf 76' lang='lat' dir='ltr'>servire,</span> <span class='ocrx_word' id='word_1_152' title='bbox 2087 3026 2152 3084; x_wconf 84' lang='lat' dir='ltr'>et</span> <span class='ocrx_word' id='word_1_153' title='bbox 2189 3038 2618 3083; x_wconf 66' lang='lat' dir='ltr'>mammonae.</span> <span class='ocrx_word' id='word_1_154' title='bbox 2667 3015 2774 3083; x_wconf 81' lang='lat' dir='ltr'>Ad</span> 
     </span>
     <span class='ocr_line' id='line_1_27' title="bbox 1218 3123 2773 3218; baseline -0.003 -23"><span class='ocrx_word' id='word_1_155' title='bbox 1218 3125 1472 3218; x_wconf 88' lang='lat' dir='ltr'>Ephes.</span> <span class='ocrx_word' id='word_1_156' title='bbox 1516 3147 1586 3207; x_wconf 73' lang='grc' dir='ltr'>ν,</span> <span class='ocrx_word' id='word_1_157' title='bbox 1630 3125 1672 3195; x_wconf 88' lang='grc'><strong>3</strong></span> <span class='ocrx_word' id='word_1_158' title='bbox 1707 3147 1723 3194; x_wconf 86' lang='lat'>:</span> <span class='ocrx_word' id='word_1_159' title='bbox 1764 3125 2085 3195; x_wconf 78' lang='lat' dir='ltr'>Avaritia</span> <span class='ocrx_word' id='word_1_160' title='bbox 2114 3146 2232 3194; x_wconf 80' lang='lat' dir='ltr'>nec</span> <span class='ocrx_word' id='word_1_161' title='bbox 2275 3124 2668 3193; x_wconf 77' lang='lat' dir='ltr'>nominetur</span> <span class='ocrx_word' id='word_1_162' title='bbox 2704 3123 2773 3191; x_wconf 79' lang='lat' dir='ltr'>in</span> 
     </span>
     <span class='ocr_line' id='line_1_28' title="bbox 1220 3227 2773 3323; baseline -0.002 -25"><span class='ocrx_word' id='word_1_163' title='bbox 1220 3230 1435 3313; x_wconf 79' lang='lat' dir='ltr'>vobis,</span> <span class='ocrx_word' id='word_1_164' title='bbox 1470 3230 1632 3323; x_wconf 87' lang='lat' dir='ltr'>quia</span> <span class='ocrx_word' id='word_1_165' title='bbox 1662 3228 2007 3299; x_wconf 88' lang='lat' dir='ltr'>idolorum</span> <span class='ocrx_word' id='word_1_166' title='bbox 2038 3229 2330 3298; x_wconf 71' lang='lat' dir='ltr'>servitus</span> <span class='ocrx_word' id='word_1_167' title='bbox 2368 3237 2469 3298; x_wconf 89' lang='lat' dir='ltr'>est</span> <span class='ocrx_word' id='word_1_168' title='bbox 2526 3231 2571 3299; x_wconf 83' lang='lat'>¹.</span> <span class='ocrx_word' id='word_1_169' title='bbox 2617 3227 2773 3296; x_wconf 83' lang='lat' dir='ltr'>Non</span> 
     </span>
     <span class='ocr_line' id='line_1_29' title="bbox 1218 3337 2772 3432; baseline -0.002 -25"><span class='ocrx_word' id='word_1_170' title='bbox 1218 3338 1427 3432; x_wconf 83' lang='lat' dir='ltr'>gulae,</span> <span class='ocrx_word' id='word_1_171' title='bbox 1475 3337 1560 3407; x_wconf 90' lang='lat' dir='ltr'>de</span> <span class='ocrx_word' id='word_1_172' title='bbox 1617 3361 1753 3429; x_wconf 84' lang='lat' dir='ltr'>qua</span> <span class='ocrx_word' id='word_1_173' title='bbox 1808 3338 2147 3422; x_wconf 85' lang='lat' dir='ltr'>scribitur,</span> <span class='ocrx_word' id='word_1_174' title='bbox 2205 3337 2293 3406; x_wconf 89' lang='lat' dir='ltr'>ad</span> <span class='ocrx_word' id='word_1_175' title='bbox 2346 3337 2557 3405; x_wconf 83' lang='lat' dir='ltr'>llebr.</span> <span class='ocrx_word' id='word_1_176' title='bbox 2627 3359 2772 3415; x_wconf 72' lang='lat' dir='ltr'>xiii,</span> 
     </span>
     <span class='ocr_line' id='line_1_30' title="bbox 1227 3444 2774 3537; baseline -0.003 -21"><span class='ocrx_word' id='word_1_177' title='bbox 1227 3449 1306 3515; x_wconf 85' lang='lat'>¹0</span> <span class='ocrx_word' id='word_1_178' title='bbox 1341 3467 1359 3516; x_wconf 75' lang='lat' dir='ltr'>t</span> <span class='ocrx_word' id='word_1_179' title='bbox 1400 3444 1755 3516; x_wconf 75' lang='lat' dir='ltr'>Habemus</span> <span class='ocrx_word' id='word_1_180' title='bbox 1784 3445 2034 3525; x_wconf 79' lang='lat' dir='ltr'>altare,</span> <span class='ocrx_word' id='word_1_181' title='bbox 2078 3445 2162 3514; x_wconf 81' lang='lat' dir='ltr'>de</span> <span class='ocrx_word' id='word_1_182' title='bbox 2197 3468 2332 3537; x_wconf 81' lang='lat' dir='ltr'>quo</span> <span class='ocrx_word' id='word_1_183' title='bbox 2374 3445 2571 3514; x_wconf 82' lang='lat' dir='ltr'>edere</span> <span class='ocrx_word' id='word_1_184' title='bbox 2640 3468 2774 3513; x_wconf 78' lang='lat' dir='ltr'>non</span> 
     </span>
     <span class='ocr_line' id='line_1_31' title="bbox 1218 3552 2779 3648; baseline -0.002 -23"><span class='ocrx_word' id='word_1_185' title='bbox 1218 3554 1473 3625; x_wconf 69' lang='lat' dir='ltr'>liabent</span> <span class='ocrx_word' id='word_1_186' title='bbox 1522 3565 1931 3648; x_wconf 80' lang='lat' dir='ltr'>potestatem</span> <span class='ocrx_word' id='word_1_187' title='bbox 1979 3556 2103 3647; x_wconf 75' lang='lat' dir='ltr'>qui</span> <span class='ocrx_word' id='word_1_188' title='bbox 2156 3552 2600 3623; x_wconf 79' lang='lat' dir='ltr'>tabernaculo</span> <span class='ocrx_word' id='word_1_189' title='bbox 2656 3553 2779 3622; x_wconf 84' lang='lat' dir='ltr'>de·</span> 
     </span>
     <span class='ocr_line' id='line_1_32' title="bbox 1219 3660 2782 3755; baseline -0.002 -23"><span class='ocrx_word' id='word_1_190' title='bbox 1219 3665 1551 3750; x_wconf 77' lang='lat' dir='ltr'>serviant,</span> <span class='ocrx_word' id='word_1_191' title='bbox 1591 3664 1698 3732; x_wconf 91' lang='lat' dir='ltr'>sui</span> <span class='ocrx_word' id='word_1_192' title='bbox 1746 3664 2053 3755; x_wconf 89' lang='lat' dir='ltr'>corporis</span> <span class='ocrx_word' id='word_1_193' title='bbox 2101 3662 2380 3733; x_wconf 88' lang='lat' dir='ltr'>scilicet.</span> <span class='ocrx_word' id='word_1_194' title='bbox 2438 3661 2598 3732; x_wconf 86' lang='lat' dir='ltr'>Non</span> <span class='ocrx_word' id='word_1_195' title='bbox 2661 3660 2782 3730; x_wconf 86' lang='lat' dir='ltr'>ali-</span> 
     </span>
     <span class='ocr_line' id='line_1_33' title="bbox 1223 3768 2780 3862; baseline -0.003 -21"><span class='ocrx_word' id='word_1_196' title='bbox 1223 3771 1416 3862; x_wconf 85' lang='lat' dir='ltr'>cujus</span> <span class='ocrx_word' id='word_1_197' title='bbox 1443 3770 1674 3841; x_wconf 83' lang='lat' dir='ltr'>brevis</span> <span class='ocrx_word' id='word_1_198' title='bbox 1711 3780 2067 3852; x_wconf 84' lang='lat' dir='ltr'>creaturae,</span> <span class='ocrx_word' id='word_1_199' title='bbox 2117 3770 2291 3840; x_wconf 88' lang='lat' dir='ltr'>sicut</span> <span class='ocrx_word' id='word_1_200' title='bbox 2338 3768 2430 3838; x_wconf 90' lang='lat' dir='ltr'>illi</span> <span class='ocrx_word' id='word_1_201' title='bbox 2472 3770 2557 3839; x_wconf 87' lang='lat' dir='ltr'>de</span> <span class='ocrx_word' id='word_1_202' title='bbox 2624 3769 2780 3861; x_wconf 88' lang='lat' dir='ltr'>qui-</span> 
     </span>
     <span class='ocr_line' id='line_1_34' title="bbox 1221 3875 2775 3969; baseline -0.001 -25"><span class='ocrx_word' id='word_1_203' title='bbox 1221 3876 1352 3945; x_wconf 87' lang='lat' dir='ltr'>bus</span> <span class='ocrx_word' id='word_1_204' title='bbox 1407 3876 1572 3947; x_wconf 87' lang='lat' dir='ltr'>dicit</span> <span class='ocrx_word' id='word_1_205' title='bbox 1645 3876 2044 3969; x_wconf 80' lang='lat' dir='ltr'>Apostolus,</span> <span class='ocrx_word' id='word_1_206' title='bbox 2113 3875 2200 3946; x_wconf 89' lang='lat' dir='ltr'>ad</span> <span class='ocrx_word' id='word_1_207' title='bbox 2228 3876 2520 3948; x_wconf 80' lang='lat' dir='ltr'>Roman.</span> <span class='ocrx_word' id='word_1_208' title='bbox 2555 3899 2603 3957; x_wconf 84' lang='grc' dir='ltr'>ι,</span> <span class='ocrx_word' id='word_1_209' title='bbox 2638 3876 2722 3944; x_wconf 84' lang='grc'>35</span> <span class='ocrx_word' id='word_1_210' title='bbox 2760 3897 2775 3943; x_wconf 90' lang='lat'><strong>:</strong></span> 
     </span>
     <span class='ocr_line' id='line_1_35' title="bbox 1222 3985 2783 4077; baseline -0.003 -22"><span class='ocrx_word' id='word_1_211' title='bbox 1222 3986 1625 4055; x_wconf 73' lang='lat' dir='ltr'>servierunt</span> <span class='ocrx_word' id='word_1_212' title='bbox 1652 3994 1984 4053; x_wconf 66' lang='lat' dir='ltr'>creaturae</span> <span class='ocrx_word' id='word_1_213' title='bbox 2048 3986 2285 4077; x_wconf 72' lang='lat' dir='ltr'>potius</span> <span class='ocrx_word' id='word_1_214' title='bbox 2312 4007 2523 4077; x_wconf 79' lang='lat' dir='ltr'>quam</span> <span class='ocrx_word' id='word_1_215' title='bbox 2566 3985 2783 4054; x_wconf 88' lang='lat' dir='ltr'>Crea-</span> 
     </span>
     <span class='ocr_line' id='line_1_36' title="bbox 1224 4091 2776 4185; baseline 0.001 -24"><span class='ocrx_word' id='word_1_216' title='bbox 1224 4094 1385 4162; x_wconf 75' lang='lat' dir='ltr'>tori.</span> <span class='ocrx_word' id='word_1_217' title='bbox 1427 4091 1586 4162; x_wconf 82' lang='lat' dir='ltr'>Non</span> <span class='ocrx_word' id='word_1_218' title='bbox 1659 4093 1944 4185; x_wconf 88' lang='lat' dir='ltr'>peccati,</span> <span class='ocrx_word' id='word_1_219' title='bbox 2014 4091 2202 4185; x_wconf 85' lang='lat' dir='ltr'>quod</span> <span class='ocrx_word' id='word_1_220' title='bbox 2271 4091 2568 4161; x_wconf 87' lang='lat' dir='ltr'>deterius</span> <span class='ocrx_word' id='word_1_221' title='bbox 2649 4101 2776 4162; x_wconf 87' lang='lat' dir='ltr'>est.</span> 
     </span>
     <span class='ocr_line' id='line_1_37' title="bbox 1223 4198 2779 4292; baseline 0 -24"><span class='ocrx_word' id='word_1_222' title='bbox 1223 4200 1429 4270; x_wconf 87' lang='lat' dir='ltr'>Joan.</span> <span class='ocrx_word' id='word_1_223' title='bbox 1467 4222 1620 4280; x_wconf 82' lang='lat' dir='ltr'>vm,</span> <span class='ocrx_word' id='word_1_224' title='bbox 1648 4200 1736 4269; x_wconf 77' lang='lat'>36</span> <span class='ocrx_word' id='word_1_225' title='bbox 1781 4221 1798 4268; x_wconf 72' lang='grc' dir='ltr'><strong><em>ε</em></strong></span> <span class='ocrx_word' id='word_1_226' title='bbox 1853 4198 1992 4285; x_wconf 73' lang='lat' dir='ltr'>Qui</span> <span class='ocrx_word' id='word_1_227' title='bbox 2013 4199 2195 4290; x_wconf 74' lang='lat' dir='ltr'>lacit</span> <span class='ocrx_word' id='word_1_228' title='bbox 2220 4208 2604 4292; x_wconf 80' lang='lat' dir='ltr'>peccatum,</span> <span class='ocrx_word' id='word_1_229' title='bbox 2634 4223 2779 4268; x_wconf 85' lang='lat' dir='ltr'>ser-</span> 
     </span>
     <span class='ocr_line' id='line_1_38' title="bbox 1227 4310 1814 4404; baseline -0.005 -24"><span class='ocrx_word' id='word_1_230' title='bbox 1227 4333 1357 4381; x_wconf 80' lang='lat' dir='ltr'>vus</span> <span class='ocrx_word' id='word_1_231' title='bbox 1393 4320 1494 4379; x_wconf 82' lang='lat' dir='ltr'>est</span> <span class='ocrx_word' id='word_1_232' title='bbox 1519 4310 1814 4404; x_wconf 74' lang='lat' dir='ltr'>peccati.</span> 
     </span>
    </p>
   </div>
   <div class='ocr_carea' id='block_1_7' title="bbox 1227 4525 2785 5045">
    <p class='ocr_par' dir='ltr' id='par_1_8' title="bbox 1227 4525 2785 5045">
     <span class='ocr_line' id='line_1_39' title="bbox 1326 4525 2785 4620; baseline 0.001 -28"><span class='ocrx_word' id='word_1_233' title='bbox 1326 4556 1361 4592; x_wconf 70' lang='grc' dir='ltr'>«ι</span> <span class='ocrx_word' id='word_1_234' title='bbox 1391 4527 1478 4598; x_wconf 83' lang='lat' dir='ltr'>In</span> <span class='ocrx_word' id='word_1_235' title='bbox 1505 4548 1644 4620; x_wconf 79' lang='lat' dir='ltr'>qao</span> <span class='ocrx_word' id='word_1_236' title='bbox 1680 4525 1857 4594; x_wconf 73' lang='lat' dir='ltr'>milei</span> <span class='ocrx_word' id='word_1_237' title='bbox 1878 4547 2067 4616; x_wconf 83' lang='lat' dir='ltr'>spem</span> <span class='ocrx_word' id='word_1_238' title='bbox 2105 4525 2378 4595; x_wconf 75' lang='lat' dir='ltr'>dedisti.</span> <span class='ocrx_word' id='word_1_239' title='bbox 2422 4553 2458 4592; x_wconf 70' lang='lat' dir='ltr'><strong>n</strong></span> <span class='ocrx_word' id='word_1_240' title='bbox 2499 4526 2630 4596; x_wconf 82' lang='lat' dir='ltr'>llic</span> <span class='ocrx_word' id='word_1_241' title='bbox 2665 4549 2785 4596; x_wconf 87' lang='lat' dir='ltr'>os·</span> 
     </span>
     <span class='ocr_line' id='line_1_40' title="bbox 1228 4632 2781 4725; baseline -0.001 -21"><span class='ocrx_word' id='word_1_242' title='bbox 1228 4634 1448 4705; x_wconf 87' lang='lat' dir='ltr'>tendit</span> <span class='ocrx_word' id='word_1_243' title='bbox 1526 4632 1847 4704; x_wconf 76' lang='lat' dir='ltr'>effectum</span> <span class='ocrx_word' id='word_1_244' title='bbox 1934 4632 2429 4725; x_wconf 81' lang='lat' dir='ltr'>promissionis.</span> <span class='ocrx_word' id='word_1_245' title='bbox 2517 4633 2781 4714; x_wconf 84' lang='lat' dir='ltr'>Primo,</span> 
     </span>
     <span class='ocr_line' id='line_1_41' title="bbox 1228 4739 2785 4837; baseline -0.001 -25"><span class='ocrx_word' id='word_1_246' title='bbox 1228 4744 1392 4837; x_wconf 89' lang='lat' dir='ltr'>quia</span> <span class='ocrx_word' id='word_1_247' title='bbox 1420 4749 1705 4836; x_wconf 80' lang='lat' dir='ltr'>generat</span> <span class='ocrx_word' id='word_1_248' title='bbox 1735 4742 1806 4810; x_wconf 90' lang='lat' dir='ltr'>in</span> <span class='ocrx_word' id='word_1_249' title='bbox 1834 4763 1917 4810; x_wconf 93' lang='lat' dir='ltr'>eo</span> <span class='ocrx_word' id='word_1_250' title='bbox 1960 4762 2178 4833; x_wconf 86' lang='lat' dir='ltr'>spem.</span> <span class='ocrx_word' id='word_1_251' title='bbox 2239 4739 2582 4821; x_wconf 88' lang='lat' dir='ltr'>Secundo,</span> <span class='ocrx_word' id='word_1_252' title='bbox 2626 4742 2785 4834; x_wconf 85' lang='lat' dir='ltr'>quia</span> 
     </span>
     <span class='ocr_line' id='line_1_42' title="bbox 1227 4846 2781 4944; baseline -0.003 -23"><span class='ocrx_word' id='word_1_253' title='bbox 1227 4875 1349 4944; x_wconf 87' lang='lat' dir='ltr'>per</span> <span class='ocrx_word' id='word_1_254' title='bbox 1366 4870 1564 4942; x_wconf 87' lang='lat' dir='ltr'>spem</span> <span class='ocrx_word' id='word_1_255' title='bbox 1586 4851 1655 4918; x_wconf 91' lang='lat' dir='ltr'>in</span> <span class='ocrx_word' id='word_1_256' title='bbox 1677 4846 2199 4918; x_wconf 82' lang='lat' dir='ltr'>adversitatibus</span> <span class='ocrx_word' id='word_1_257' title='bbox 2217 4847 2781 4928; x_wconf 88' lang='lat' dir='ltr'>consolationem,</span> 
     </span>
     <span class='ocr_line' id='line_1_43' title="bbox 1230 4957 2694 5045; baseline -0.003 -17"><span class='ocrx_word' id='word_1_258' title='bbox 1230 4961 1352 5045; x_wconf 85' lang='lat' dir='ltr'>ibi,</span> <span class='ocrx_word' id='word_1_259' title='bbox 1400 4965 1467 5037; x_wconf 56' lang='grc' dir='ltr'>ᾖ.</span> <span class='ocrx_word' id='word_1_260' title='bbox 1503 4958 1591 5028; x_wconf 87' lang='grc'>50</span> <span class='ocrx_word' id='word_1_261' title='bbox 1627 4980 1644 5027; x_wconf 86' lang='lat'>:</span> <span class='ocrx_word' id='word_1_262' title='bbox 1696 4984 1732 5021; x_wconf 77' lang='grc' dir='ltr'><strong>α</strong></span> <span class='ocrx_word' id='word_1_263' title='bbox 1764 4958 1929 5026; x_wconf 78' lang='lat' dir='ltr'>Ilaec</span> <span class='ocrx_word' id='word_1_264' title='bbox 1964 4978 2071 5025; x_wconf 83' lang='lat' dir='ltr'>me</span> <span class='ocrx_word' id='word_1_265' title='bbox 2089 4957 2442 5025; x_wconf 80' lang='lat' dir='ltr'>consolata</span> <span class='ocrx_word' id='word_1_266' title='bbox 2478 4967 2604 5026; x_wconf 79' lang='lat' dir='ltr'>est.</span> <span class='ocrx_word' id='word_1_267' title='bbox 2662 4983 2694 5024; x_wconf 69' lang='lat' dir='ltr'><strong>n</strong></span> 
     </span>
    </p>
   </div>
   <div class='ocr_carea' id='block_1_8' title="bbox 1230 5282 2790 5597">
    <p class='ocr_par' dir='ltr' id='par_1_9' title="bbox 1230 5282 2790 5597">
     <span class='ocr_line' id='line_1_44' title="bbox 1232 5282 2790 5375; baseline -0.003 -19"><span class='ocrx_word' id='word_1_268' title='bbox 1232 5284 1605 5362; x_wconf 87' lang='lat' dir='ltr'>missionis,</span> <span class='ocrx_word' id='word_1_269' title='bbox 1643 5311 1679 5350; x_wconf 73' lang='grc' dir='ltr'>ι</span> <span class='ocrx_word' id='word_1_270' title='bbox 1750 5282 1821 5350; x_wconf 72' lang='lat' dir='ltr'>in</span> <span class='ocrx_word' id='word_1_271' title='bbox 1860 5303 2020 5375; x_wconf 82' lang='lat' dir='ltr'>qua,</span> <span class='ocrx_word' id='word_1_272' title='bbox 2065 5311 2096 5344; x_wconf 70' lang='grc' dir='ltr'><strong>υ</strong></span> <span class='ocrx_word' id='word_1_273' title='bbox 2160 5282 2398 5366; x_wconf 82' lang='lat' dir='ltr'>verbo,</span> <span class='ocrx_word' id='word_1_274' title='bbox 2460 5311 2496 5348; x_wconf 77' lang='grc' dir='ltr'><strong>α</strong></span> <span class='ocrx_word' id='word_1_275' title='bbox 2540 5283 2790 5352; x_wconf 75' lang='lat' dir='ltr'>dedisti</span> 
     </span>
     <span class='ocr_line' id='line_1_45' title="bbox 1231 5390 2786 5487; baseline -0.003 -23"><span class='ocrx_word' id='word_1_276' title='bbox 1231 5396 1408 5465; x_wconf 64' lang='lat' dir='ltr'>milti</span> <span class='ocrx_word' id='word_1_277' title='bbox 1439 5415 1656 5487; x_wconf 82' lang='lat' dir='ltr'>spem,</span> <span class='ocrx_word' id='word_1_278' title='bbox 1713 5416 1748 5460; x_wconf 71' lang='lat' dir='ltr'>s</span> <span class='ocrx_word' id='word_1_279' title='bbox 1803 5390 1872 5461; x_wconf 89' lang='lat' dir='ltr'>id</span> <span class='ocrx_word' id='word_1_280' title='bbox 1910 5399 2038 5475; x_wconf 88' lang='lat' dir='ltr'>est,</span> <span class='ocrx_word' id='word_1_281' title='bbox 2094 5414 2216 5483; x_wconf 87' lang='lat' dir='ltr'>per</span> <span class='ocrx_word' id='word_1_282' title='bbox 2252 5391 2435 5484; x_wconf 87' lang='lat' dir='ltr'>quod</span> <span class='ocrx_word' id='word_1_283' title='bbox 2497 5391 2786 5461; x_wconf 81' lang='lat' dir='ltr'>verbum</span> 
     </span>
     <span class='ocr_line' id='line_1_46' title="bbox 1230 5498 2790 5597; baseline -0.003 -24"><span class='ocrx_word' id='word_1_284' title='bbox 1230 5526 1426 5597; x_wconf 85' lang='lat' dir='ltr'>spem</span> <span class='ocrx_word' id='word_1_285' title='bbox 1469 5503 1543 5570; x_wconf 90' lang='lat' dir='ltr'>in</span> <span class='ocrx_word' id='word_1_286' title='bbox 1571 5523 1685 5570; x_wconf 88' lang='lat' dir='ltr'>me</span> <span class='ocrx_word' id='word_1_287' title='bbox 1721 5498 2088 5592; x_wconf 83' lang='lat' dir='ltr'>generasti.</span> <span class='ocrx_word' id='word_1_288' title='bbox 2132 5498 2282 5569; x_wconf 80' lang='lat'>1100</span> <span class='ocrx_word' id='word_1_289' title='bbox 2314 5500 2604 5570; x_wconf 83' lang='lat' dir='ltr'>verbum</span> <span class='ocrx_word' id='word_1_290' title='bbox 2638 5510 2790 5593; x_wconf 89' lang='lat' dir='ltr'>pot-</span> 
     </span>
    </p>
   </div>
   <div class='ocr_carea' id='block_1_9' title="bbox 1303 5729 1868 5805">
    <p class='ocr_par' dir='ltr' id='par_1_10' title="bbox 1303 5729 1868 5805">
     <span class='ocr_line' id='line_1_47' title="bbox 1303 5729 1868 5805; baseline -0.004 -11"><span class='ocrx_word' id='word_1_291' title='bbox 1303 5736 1323 5774; x_wconf 63' lang='grc' dir='ltr'><strong><em>ι</em></strong></span> <span class='ocrx_word' id='word_1_292' title='bbox 1349 5731 1440 5794; x_wconf 75' lang='lat' dir='ltr'>Aa</span> <span class='ocrx_word' id='word_1_293' title='bbox 1469 5729 1660 5791; x_wconf 67' lang='lat' dir='ltr'>calu.</span> <span class='ocrx_word' id='word_1_294' title='bbox 1686 5747 1746 5805; x_wconf 78' lang='lat' dir='ltr'>v,</span> <span class='ocrx_word' id='word_1_295' title='bbox 1775 5733 1868 5793; x_wconf 64' lang='grc' dir='ltr'>ιο.</span> 
     </span>
    </p>
   </div>
   <div class='ocr_carea' id='block_1_10' title="bbox 4299 360 4427 429">
    <p class='ocr_par' dir='ltr' id='par_1_11' title="bbox 4299 360 4427 429">
     <span class='ocr_line' id='line_1_48' title="bbox 4299 360 4427 429; baseline -0.031 0"><span class='ocrx_word' id='word_1_296' title='bbox 4299 360 4427 429; x_wconf 76' lang='grc'>267</span> 
     </span>
    </p>
   </div>
   <div class='ocr_carea' id='block_1_11' title="bbox 2876 532 4437 2679">
    <p class='ocr_par' dir='ltr' id='par_1_12' title="bbox 2876 532 4437 2679">
     <span class='ocr_line' id='line_1_49' title="bbox 2884 532 4432 631; baseline -0.01 -22"><span class='ocrx_word' id='word_1_297' title='bbox 2884 551 2983 609; x_wconf 88' lang='lat' dir='ltr'>est</span> <span class='ocrx_word' id='word_1_298' title='bbox 3033 564 3178 610; x_wconf 91' lang='lat' dir='ltr'>esse</span> <span class='ocrx_word' id='word_1_299' title='bbox 3210 541 3377 608; x_wconf 91' lang='lat' dir='ltr'>illud</span> <span class='ocrx_word' id='word_1_300' title='bbox 3414 539 3739 631; x_wconf 80' lang='lat' dir='ltr'>Evangel.</span> <span class='ocrx_word' id='word_1_301' title='bbox 3777 539 3942 606; x_wconf 83' lang='lat' dir='ltr'>Luc.</span> <span class='ocrx_word' id='word_1_302' title='bbox 3997 559 4066 616; x_wconf 83' lang='lat' dir='ltr'>v,</span> <span class='ocrx_word' id='word_1_303' title='bbox 4104 533 4188 600; x_wconf 83' lang='lat'>32</span> <span class='ocrx_word' id='word_1_304' title='bbox 4225 553 4241 595; x_wconf 69' lang='grc' dir='ltr'>ε</span> <span class='ocrx_word' id='word_1_305' title='bbox 4275 532 4432 598; x_wconf 82' lang='lat' dir='ltr'>Non</span> 
     </span>
     <span class='ocr_line' id='line_1_50' title="bbox 2881 634 4433 736; baseline -0.01 -21"><span class='ocrx_word' id='word_1_306' title='bbox 2881 650 3031 715; x_wconf 80' lang='lat' dir='ltr'>veni</span> <span class='ocrx_word' id='word_1_307' title='bbox 3070 671 3302 715; x_wconf 81' lang='lat' dir='ltr'>vocare</span> <span class='ocrx_word' id='word_1_308' title='bbox 3327 649 3586 736; x_wconf 80' lang='lat' dir='ltr'>justos,</span> <span class='ocrx_word' id='word_1_309' title='bbox 3628 647 3752 713; x_wconf 87' lang='lat' dir='ltr'>scd</span> <span class='ocrx_word' id='word_1_310' title='bbox 3774 652 4189 735; x_wconf 79' lang='lat' dir='ltr'>peccatores,</span> <span class='ocrx_word' id='word_1_311' title='bbox 4245 634 4433 704; x_wconf 90' lang='lat' dir='ltr'>scili-</span> 
     </span>
     <span class='ocr_line' id='line_1_51' title="bbox 2881 751 4434 847; baseline -0.01 -22"><span class='ocrx_word' id='word_1_312' title='bbox 2881 767 2985 825; x_wconf 86' lang='lat' dir='ltr'>eet</span> <span class='ocrx_word' id='word_1_313' title='bbox 3039 757 3125 825; x_wconf 88' lang='lat' dir='ltr'>ad</span> <span class='ocrx_word' id='word_1_314' title='bbox 3155 757 3644 847; x_wconf 68' lang='lat' dir='ltr'>poenitentiam.</span> <span class='ocrx_word' id='word_1_315' title='bbox 3689 753 3766 819; x_wconf 88' lang='lat' dir='ltr'>ln</span> <span class='ocrx_word' id='word_1_316' title='bbox 3822 751 3955 819; x_wconf 87' lang='lat' dir='ltr'>hoc</span> <span class='ocrx_word' id='word_1_317' title='bbox 3984 771 4138 839; x_wconf 90' lang='lat' dir='ltr'>spes</span> <span class='ocrx_word' id='word_1_318' title='bbox 4193 766 4434 835; x_wconf 87' lang='lat' dir='ltr'>pecca·</span> 
     </span>
     <span class='ocr_line' id='line_1_52' title="bbox 2883 854 4428 944; baseline -0.011 -12"><span class='ocrx_word' id='word_1_319' title='bbox 2883 865 3165 933; x_wconf 82' lang='lat' dir='ltr'>toribuS.</span> <span class='ocrx_word' id='word_1_320' title='bbox 3221 865 3308 932; x_wconf 88' lang='lat' dir='ltr'>Et</span> <span class='ocrx_word' id='word_1_321' title='bbox 3355 886 3611 944; x_wconf 88' lang='lat' dir='ltr'>rursus,</span> <span class='ocrx_word' id='word_1_322' title='bbox 3658 859 3824 929; x_wconf 90' lang='lat' dir='ltr'>illud</span> <span class='ocrx_word' id='word_1_323' title='bbox 3864 858 3996 925; x_wconf 92' lang='lat' dir='ltr'>Isa.</span> <span class='ocrx_word' id='word_1_324' title='bbox 4048 877 4230 933; x_wconf 80' lang='lat' dir='ltr'>xux,</span> <span class='ocrx_word' id='word_1_325' title='bbox 4298 854 4376 918; x_wconf 81' lang='grc'>15</span> <span class='ocrx_word' id='word_1_326' title='bbox 4414 872 4428 915; x_wconf 89' lang='lat'><strong>:</strong></span> 
     </span>
     <span class='ocr_line' id='line_1_53' title="bbox 2882 959 4436 1061; baseline -0.012 -21"><span class='ocrx_word' id='word_1_327' title='bbox 2882 971 3242 1061; x_wconf 78' lang='lat' dir='ltr'>Numquid</span> <span class='ocrx_word' id='word_1_328' title='bbox 3268 970 3579 1037; x_wconf 80' lang='lat' dir='ltr'>oblivisci</span> <span class='ocrx_word' id='word_1_329' title='bbox 3624 975 3847 1059; x_wconf 85' lang='lat' dir='ltr'>potest</span> <span class='ocrx_word' id='word_1_330' title='bbox 3875 963 4134 1031; x_wconf 82' lang='lat' dir='ltr'>mulier</span> <span class='ocrx_word' id='word_1_331' title='bbox 4190 959 4436 1047; x_wconf 77' lang='lat' dir='ltr'>insan-</span> 
     </span>
     <span class='ocr_line' id='line_1_54' title="bbox 2882 1068 4437 1162; baseline -0.01 -14"><span class='ocrx_word' id='word_1_332' title='bbox 2882 1093 3014 1148; x_wconf 82' lang='lat' dir='ltr'>lem</span> <span class='ocrx_word' id='word_1_333' title='bbox 3050 1103 3280 1162; x_wconf 84' lang='lat' dir='ltr'>suum,</span> <span class='ocrx_word' id='word_1_334' title='bbox 3316 1090 3391 1148; x_wconf 83' lang='lat' dir='ltr'>ut</span> <span class='ocrx_word' id='word_1_335' title='bbox 3439 1103 3575 1147; x_wconf 80' lang='lat' dir='ltr'>non</span> <span class='ocrx_word' id='word_1_336' title='bbox 3614 1079 4023 1145; x_wconf 79' lang='lat' dir='ltr'>misereatur</span> <span class='ocrx_word' id='word_1_337' title='bbox 4064 1071 4221 1160; x_wconf 82' lang='lat' dir='ltr'>filio</span> <span class='ocrx_word' id='word_1_338' title='bbox 4259 1068 4437 1136; x_wconf 79' lang='lat' dir='ltr'>uteri</span> 
     </span>
     <span class='ocr_line' id='line_1_55' title="bbox 2879 1183 4437 1274; baseline -0.009 -19"><span class='ocrx_word' id='word_1_339' title='bbox 2879 1190 3039 1255; x_wconf 82' lang='lat' dir='ltr'>sui:</span> <span class='ocrx_word' id='word_1_340' title='bbox 3088 1199 3152 1254; x_wconf 83' lang='lat' dir='ltr'>et</span> <span class='ocrx_word' id='word_1_341' title='bbox 3175 1190 3238 1255; x_wconf 76' lang='lat' dir='ltr'>si</span> <span class='ocrx_word' id='word_1_342' title='bbox 3295 1187 3426 1253; x_wconf 83' lang='lat' dir='ltr'>illa</span> <span class='ocrx_word' id='word_1_343' title='bbox 3486 1185 3705 1253; x_wconf 82' lang='lat' dir='ltr'>oblita</span> <span class='ocrx_word' id='word_1_344' title='bbox 3758 1183 4001 1274; x_wconf 83' lang='lat' dir='ltr'>suerit,</span> <span class='ocrx_word' id='word_1_345' title='bbox 4045 1202 4167 1269; x_wconf 78' lang='lat' dir='ltr'>eqo</span> <span class='ocrx_word' id='word_1_346' title='bbox 4208 1185 4437 1243; x_wconf 78' lang='lat' dir='ltr'>tamen</span> 
     </span>
     <span class='ocr_line' id='line_1_56' title="bbox 2880 1288 4437 1380; baseline -0.009 -17"><span class='ocrx_word' id='word_1_347' title='bbox 2880 1320 3015 1363; x_wconf 80' lang='lat' dir='ltr'>non</span> <span class='ocrx_word' id='word_1_348' title='bbox 3044 1295 3408 1363; x_wconf 78' lang='lat' dir='ltr'>obliviscar</span> <span class='ocrx_word' id='word_1_349' title='bbox 3436 1295 3563 1360; x_wconf 80' lang='lat' dir='ltr'>tui.</span> <span class='ocrx_word' id='word_1_350' title='bbox 3599 1293 3677 1359; x_wconf 92' lang='lat' dir='ltr'>In</span> <span class='ocrx_word' id='word_1_351' title='bbox 3718 1291 3852 1359; x_wconf 85' lang='lat' dir='ltr'>hoe</span> <span class='ocrx_word' id='word_1_352' title='bbox 3889 1310 4045 1380; x_wconf 87' lang='lat' dir='ltr'>spes</span> <span class='ocrx_word' id='word_1_353' title='bbox 4083 1288 4155 1353; x_wconf 88' lang='lat' dir='ltr'>in</span> <span class='ocrx_word' id='word_1_354' title='bbox 4211 1291 4437 1352; x_wconf 87' lang='lat' dir='ltr'>tenta-</span> 
     </span>
     <span class='ocr_line' id='line_1_57' title="bbox 2884 1393 4433 1475; baseline -0.009 -6"><span class='ocrx_word' id='word_1_355' title='bbox 2884 1404 3067 1470; x_wconf 86' lang='lat' dir='ltr'>tione</span> <span class='ocrx_word' id='word_1_356' title='bbox 3106 1400 3597 1469; x_wconf 78' lang='lat' dir='ltr'>laborantibus.</span> <span class='ocrx_word' id='word_1_357' title='bbox 3632 1398 3718 1465; x_wconf 90' lang='lat' dir='ltr'>Et</span> <span class='ocrx_word' id='word_1_358' title='bbox 3747 1399 4022 1475; x_wconf 89' lang='lat' dir='ltr'>iterum,</span> <span class='ocrx_word' id='word_1_359' title='bbox 4055 1393 4256 1461; x_wconf 86' lang='lat' dir='ltr'>Joan.</span> <span class='ocrx_word' id='word_1_360' title='bbox 4292 1412 4433 1468; x_wconf 73' lang='lat' dir='ltr'>xvi,</span> 
     </span>
     <span class='ocr_line' id='line_1_58' title="bbox 2885 1496 4437 1599; baseline -0.01 -21"><span class='ocrx_word' id='word_1_361' title='bbox 2885 1512 2966 1578; x_wconf 87' lang='lat'>33</span> <span class='ocrx_word' id='word_1_362' title='bbox 3003 1534 3017 1577; x_wconf 89' lang='lat'>:</span> <span class='ocrx_word' id='word_1_363' title='bbox 3058 1508 3414 1598; x_wconf 81' lang='lat' dir='ltr'>Confidite,</span> <span class='ocrx_word' id='word_1_364' title='bbox 3468 1530 3589 1599; x_wconf 77' lang='lat' dir='ltr'>eqo</span> <span class='ocrx_word' id='word_1_365' title='bbox 3627 1508 3762 1573; x_wconf 85' lang='lat' dir='ltr'>vici</span> <span class='ocrx_word' id='word_1_366' title='bbox 3799 1496 4437 1572; x_wconf 82' lang='lat' dir='ltr'>mundum.1nhoc</span> 
     </span>
     <span class='ocr_line' id='line_1_59' title="bbox 2882 1609 4437 1712; baseline -0.01 -23"><span class='ocrx_word' id='word_1_367' title='bbox 2882 1645 3034 1712; x_wconf 89' lang='lat' dir='ltr'>spes</span> <span class='ocrx_word' id='word_1_368' title='bbox 3064 1620 3499 1696; x_wconf 78' lang='lat' dir='ltr'>certantibuS,</span> <span class='ocrx_word' id='word_1_369' title='bbox 3553 1627 3619 1686; x_wconf 90' lang='lat' dir='ltr'>et</span> <span class='ocrx_word' id='word_1_370' title='bbox 3674 1617 3744 1685; x_wconf 88' lang='lat' dir='ltr'>in</span> <span class='ocrx_word' id='word_1_371' title='bbox 3795 1616 3980 1683; x_wconf 88' lang='lat' dir='ltr'>bono</span> <span class='ocrx_word' id='word_1_372' title='bbox 4016 1609 4437 1703; x_wconf 76' lang='lat' dir='ltr'>proficienti-</span> 
     </span>
     <span class='ocr_line' id='line_1_60' title="bbox 2881 1716 4432 1809; baseline -0.01 -12"><span class='ocrx_word' id='word_1_373' title='bbox 2881 1729 3030 1797; x_wconf 90' lang='lat' dir='ltr'>bus.</span> <span class='ocrx_word' id='word_1_374' title='bbox 3068 1730 3152 1797; x_wconf 81' lang='lat' dir='ltr'>Et</span> <span class='ocrx_word' id='word_1_375' title='bbox 3180 1729 3424 1805; x_wconf 83' lang='lat' dir='ltr'>adhue,</span> <span class='ocrx_word' id='word_1_376' title='bbox 3459 1724 3701 1794; x_wconf 90' lang='lat' dir='ltr'>Matth.</span> <span class='ocrx_word' id='word_1_377' title='bbox 3728 1748 3797 1809; x_wconf 86' lang='lat' dir='ltr'>v,</span> <span class='ocrx_word' id='word_1_378' title='bbox 3832 1726 3913 1790; x_wconf 90' lang='lat'>8:</span> <span class='ocrx_word' id='word_1_379' title='bbox 3955 1721 4156 1791; x_wconf 77' lang='lat' dir='ltr'>Beati</span> <span class='ocrx_word' id='word_1_380' title='bbox 4175 1716 4432 1785; x_wconf 82' lang='lat' dir='ltr'>mundo</span> 
     </span>
     <span class='ocr_line' id='line_1_61' title="bbox 2883 1821 4433 1926; baseline -0.011 -22"><span class='ocrx_word' id='word_1_381' title='bbox 2883 1837 3103 1914; x_wconf 81' lang='lat' dir='ltr'>corde.</span> <span class='ocrx_word' id='word_1_382' title='bbox 3146 1836 3474 1926; x_wconf 80' lang='lat' dir='ltr'>quoniam</span> <span class='ocrx_word' id='word_1_383' title='bbox 3509 1833 3642 1925; x_wconf 80' lang='lat' dir='ltr'>ipsi</span> <span class='ocrx_word' id='word_1_384' title='bbox 3688 1834 3913 1900; x_wconf 82' lang='lat' dir='ltr'>Deum</span> <span class='ocrx_word' id='word_1_385' title='bbox 3960 1825 4312 1895; x_wconf 77' lang='lat' dir='ltr'>videbunt.</span> <span class='ocrx_word' id='word_1_386' title='bbox 4357 1821 4433 1887; x_wconf 89' lang='lat' dir='ltr'>In</span> 
     </span>
     <span class='ocr_line' id='line_1_62' title="bbox 2883 1934 4432 2034; baseline -0.01 -22"><span class='ocrx_word' id='word_1_387' title='bbox 2883 1943 3016 2012; x_wconf 90' lang='lat' dir='ltr'>hoc</span> <span class='ocrx_word' id='word_1_388' title='bbox 3045 1967 3197 2034; x_wconf 88' lang='lat' dir='ltr'>spes</span> <span class='ocrx_word' id='word_1_389' title='bbox 3228 1941 3563 2033; x_wconf 78' lang='lat' dir='ltr'>perfectiS,</span> <span class='ocrx_word' id='word_1_390' title='bbox 3599 1948 3665 2007; x_wconf 92' lang='lat' dir='ltr'>et</span> <span class='ocrx_word' id='word_1_391' title='bbox 3692 1940 3840 2028; x_wconf 85' lang='lat' dir='ltr'>jam</span> <span class='ocrx_word' id='word_1_392' title='bbox 3870 1959 3908 2004; x_wconf 89' lang='lat' dir='ltr'>a</span> <span class='ocrx_word' id='word_1_393' title='bbox 3941 1934 4175 2003; x_wconf 89' lang='lat' dir='ltr'>labore</span> <span class='ocrx_word' id='word_1_394' title='bbox 4213 1937 4432 1999; x_wconf 88' lang='lat' dir='ltr'>tenta-</span> 
     </span>
     <span class='ocr_line' id='line_1_63' title="bbox 2882 2038 4436 2142; baseline -0.009 -23"><span class='ocrx_word' id='word_1_395' title='bbox 2882 2053 3146 2120; x_wconf 92' lang='lat' dir='ltr'>tionum</span> <span class='ocrx_word' id='word_1_396' title='bbox 3180 2047 3709 2142; x_wconf 85' lang='lat' dir='ltr'>quiescentibus.</span> <span class='ocrx_word' id='word_1_397' title='bbox 3754 2045 4011 2115; x_wconf 87' lang='lat' dir='ltr'>Omnes</span> <span class='ocrx_word' id='word_1_398' title='bbox 4039 2042 4110 2111; x_wconf 92' lang='lat' dir='ltr'>hi</span> <span class='ocrx_word' id='word_1_399' title='bbox 4141 2064 4263 2133; x_wconf 88' lang='lat' dir='ltr'>per</span> <span class='ocrx_word' id='word_1_400' title='bbox 4290 2038 4436 2106; x_wconf 84' lang='lat' dir='ltr'>haec</span> 
     </span>
     <span class='ocr_line' id='line_1_64' title="bbox 2881 2146 4431 2249; baseline -0.008 -24"><span class='ocrx_word' id='word_1_401' title='bbox 2881 2158 3086 2227; x_wconf 80' lang='lat' dir='ltr'>verba</span> <span class='ocrx_word' id='word_1_402' title='bbox 3144 2159 3282 2249; x_wconf 88' lang='lat' dir='ltr'>spei</span> <span class='ocrx_word' id='word_1_403' title='bbox 3335 2156 3678 2225; x_wconf 82' lang='lat' dir='ltr'>adhaerent</span> <span class='ocrx_word' id='word_1_404' title='bbox 3720 2163 4073 2244; x_wconf 88' lang='lat' dir='ltr'>tamquam</span> <span class='ocrx_word' id='word_1_405' title='bbox 4114 2146 4431 2216; x_wconf 64' lang='lat' dir='ltr'>anchorae</span> 
     </span>
     <span class='ocr_line' id='line_1_65' title="bbox 2881 2256 4426 2346; baseline -0.008 -12"><span class='ocrx_word' id='word_1_406' title='bbox 2881 2269 3118 2346; x_wconf 80' lang='lat' dir='ltr'>tirmae,</span> <span class='ocrx_word' id='word_1_407' title='bbox 3149 2276 3214 2334; x_wconf 91' lang='lat' dir='ltr'>et</span> <span class='ocrx_word' id='word_1_408' title='bbox 3256 2275 3440 2333; x_wconf 82' lang='lat' dir='ltr'>tutae.</span> <span class='ocrx_word' id='word_1_409' title='bbox 3501 2264 3609 2332; x_wconf 81' lang='lat' dir='ltr'>Ad</span> <span class='ocrx_word' id='word_1_410' title='bbox 3655 2261 3866 2331; x_wconf 89' lang='lat' dir='ltr'>llebr.</span> <span class='ocrx_word' id='word_1_411' title='bbox 3919 2283 4011 2338; x_wconf 72' lang='lat' dir='ltr'>vu,</span> <span class='ocrx_word' id='word_1_412' title='bbox 4052 2258 4132 2326; x_wconf 83' lang='lat'>18</span> <span class='ocrx_word' id='word_1_413' title='bbox 4173 2264 4242 2325; x_wconf 89' lang='lat' dir='ltr'>et</span> <span class='ocrx_word' id='word_1_414' title='bbox 4294 2256 4375 2323; x_wconf 83' lang='lat'>19</span> <span class='ocrx_word' id='word_1_415' title='bbox 4409 2274 4426 2322; x_wconf 74' lang='lat' dir='ltr'>t</span> 
     </span>
     <span class='ocr_line' id='line_1_66' title="bbox 2883 2368 4433 2469; baseline -0.011 -21"><span class='ocrx_word' id='word_1_416' title='bbox 2883 2378 3338 2469; x_wconf 71' lang='lat' dir='ltr'>Consteqinms</span> <span class='ocrx_word' id='word_1_417' title='bbox 3404 2375 3501 2444; x_wconf 87' lang='lat' dir='ltr'>ad</span> <span class='ocrx_word' id='word_1_418' title='bbox 3570 2371 3934 2443; x_wconf 84' lang='lat' dir='ltr'>tenendam</span> <span class='ocrx_word' id='word_1_419' title='bbox 4000 2368 4433 2462; x_wconf 82' lang='lat' dir='ltr'>propositam</span> 
     </span>
     <span class='ocr_line' id='line_1_67' title="bbox 2878 2475 4434 2578; baseline -0.008 -25"><span class='ocrx_word' id='word_1_420' title='bbox 2878 2509 3063 2578; x_wconf 80' lang='lat' dir='ltr'>spem</span> <span class='ocrx_word' id='word_1_421' title='bbox 3099 2510 3124 2553; x_wconf 93' lang='lat'>.·</span> <span class='ocrx_word' id='word_1_422' title='bbox 3168 2507 3381 2577; x_wconf 82' lang='lat' dir='ltr'>quam</span> <span class='ocrx_word' id='word_1_423' title='bbox 3433 2485 3613 2551; x_wconf 82' lang='lat' dir='ltr'>sicut</span> <span class='ocrx_word' id='word_1_424' title='bbox 3667 2480 4041 2549; x_wconf 77' lang='lat' dir='ltr'>anchoram</span> <span class='ocrx_word' id='word_1_425' title='bbox 4104 2475 4434 2544; x_wconf 80' lang='lat' dir='ltr'>habemus</span> 
     </span>
     <span class='ocr_line' id='line_1_68' title="bbox 2876 2592 3839 2679; baseline -0.008 -16"><span class='ocrx_word' id='word_1_426' title='bbox 2876 2596 3125 2663; x_wconf 57' lang='lat' dir='ltr'>anima.»</span> <span class='ocrx_word' id='word_1_427' title='bbox 3154 2603 3377 2661; x_wconf 83' lang='lat' dir='ltr'>tutam</span> <span class='ocrx_word' id='word_1_428' title='bbox 3419 2616 3498 2660; x_wconf 90' lang='lat' dir='ltr'>ac</span> <span class='ocrx_word' id='word_1_429' title='bbox 3533 2592 3839 2679; x_wconf 81' lang='lat' dir='ltr'>firmam.</span> 
     </span>
    </p>
   </div>
   <div class='ocr_carea' id='block_1_12' title="bbox 2875 2907 4458 5589">
    <p class='ocr_par' dir='ltr' id='par_1_13' title="bbox 2875 2907 4441 3872">
     <span class='ocr_line' id='line_1_69' title="bbox 2982 2907 4432 2984; baseline -0.003 -6"><span class='ocrx_word' id='word_1_430' title='bbox 2982 2943 3011 2978; x_wconf 77' lang='grc' dir='ltr'><strong>α</strong></span> <span class='ocrx_word' id='word_1_431' title='bbox 3042 2917 3200 2984; x_wconf 79' lang='lat' dir='ltr'>llaec</span> <span class='ocrx_word' id='word_1_432' title='bbox 3223 2937 3330 2982; x_wconf 83' lang='lat' dir='ltr'>me</span> <span class='ocrx_word' id='word_1_433' title='bbox 3365 2913 3719 2982; x_wconf 80' lang='lat' dir='ltr'>consolata</span> <span class='ocrx_word' id='word_1_434' title='bbox 3773 2920 3896 2978; x_wconf 77' lang='lat' dir='ltr'>est.</span> <span class='ocrx_word' id='word_1_435' title='bbox 3944 2935 3976 2976; x_wconf 70' lang='lat' dir='ltr'>s</span> <span class='ocrx_word' id='word_1_436' title='bbox 4013 2907 4073 2977; x_wconf 89' lang='lat'>11</span> <span class='ocrx_word' id='word_1_437' title='bbox 4082 2909 4142 2977; x_wconf 88' lang='lat' dir='ltr'>ie</span> <span class='ocrx_word' id='word_1_438' title='bbox 4182 2930 4432 2977; x_wconf 89' lang='lat' dir='ltr'>secun-</span> 
     </span>
     <span class='ocr_line' id='line_1_70' title="bbox 2880 3015 4430 3112; baseline -0.006 -21"><span class='ocrx_word' id='word_1_439' title='bbox 2880 3023 3069 3107; x_wconf 88' lang='lat' dir='ltr'>dum,</span> <span class='ocrx_word' id='word_1_440' title='bbox 3103 3024 3171 3090; x_wconf 92' lang='lat' dir='ltr'>in</span> <span class='ocrx_word' id='word_1_441' title='bbox 3193 3045 3330 3112; x_wconf 92' lang='lat' dir='ltr'>quo</span> <span class='ocrx_word' id='word_1_442' title='bbox 3358 3020 3654 3089; x_wconf 88' lang='lat' dir='ltr'>ostendit</span> <span class='ocrx_word' id='word_1_443' title='bbox 3683 3018 4001 3087; x_wconf 71' lang='lat' dir='ltr'>ellectum</span> <span class='ocrx_word' id='word_1_444' title='bbox 4025 3015 4430 3095; x_wconf 87' lang='lat' dir='ltr'>secundum,</span> 
     </span>
     <span class='ocr_line' id='line_1_71' title="bbox 2882 3122 4435 3226; baseline -0.006 -25"><span class='ocrx_word' id='word_1_445' title='bbox 2882 3133 2997 3226; x_wconf 92' lang='lat' dir='ltr'>qui</span> <span class='ocrx_word' id='word_1_446' title='bbox 3072 3140 3174 3200; x_wconf 89' lang='lat' dir='ltr'>est</span> <span class='ocrx_word' id='word_1_447' title='bbox 3244 3128 3623 3199; x_wconf 88' lang='lat' dir='ltr'>consolatio</span> <span class='ocrx_word' id='word_1_448' title='bbox 3672 3128 3740 3196; x_wconf 89' lang='lat' dir='ltr'>in</span> <span class='ocrx_word' id='word_1_449' title='bbox 3797 3126 4201 3196; x_wconf 75' lang='lat' dir='ltr'>allectione:</span> <span class='ocrx_word' id='word_1_450' title='bbox 4252 3122 4435 3193; x_wconf 89' lang='lat' dir='ltr'>unde</span> 
     </span>
     <span class='ocr_line' id='line_1_72' title="bbox 2882 3232 4439 3324; baseline -0.006 -17"><span class='ocrx_word' id='word_1_451' title='bbox 2882 3239 3198 3306; x_wconf 90' lang='lat' dir='ltr'>dicuntur</span> <span class='ocrx_word' id='word_1_452' title='bbox 3242 3236 3395 3304; x_wconf 88' lang='lat' dir='ltr'>tria.</span> <span class='ocrx_word' id='word_1_453' title='bbox 3467 3235 3727 3315; x_wconf 83' lang='lat' dir='ltr'>Primo,</span> <span class='ocrx_word' id='word_1_454' title='bbox 3773 3232 3958 3324; x_wconf 92' lang='lat' dir='ltr'>quod</span> <span class='ocrx_word' id='word_1_455' title='bbox 4003 3255 4088 3301; x_wconf 85' lang='lat' dir='ltr'>ex</span> <span class='ocrx_word' id='word_1_456' title='bbox 4142 3253 4262 3323; x_wconf 88' lang='lat' dir='ltr'>spe</span> <span class='ocrx_word' id='word_1_457' title='bbox 4336 3237 4439 3298; x_wconf 88' lang='lat' dir='ltr'>est</span> 
     </span>
     <span class='ocr_line' id='line_1_73' title="bbox 2882 3341 4440 3432; baseline -0.006 -17"><span class='ocrx_word' id='word_1_458' title='bbox 2882 3345 3283 3416; x_wconf 89' lang='lat' dir='ltr'>consolatio.</span> <span class='ocrx_word' id='word_1_459' title='bbox 3322 3342 3666 3427; x_wconf 85' lang='lat' dir='ltr'>Secundo,</span> <span class='ocrx_word' id='word_1_460' title='bbox 3710 3341 3885 3409; x_wconf 89' lang='lat' dir='ltr'>ratio</span> <span class='ocrx_word' id='word_1_461' title='bbox 3929 3362 4138 3432; x_wconf 88' lang='lat' dir='ltr'>quare</span> <span class='ocrx_word' id='word_1_462' title='bbox 4186 3360 4440 3407; x_wconf 87' lang='lat' dir='ltr'>conso-</span> 
     </span>
     <span class='ocr_line' id='line_1_74' title="bbox 2884 3445 4436 3542; baseline -0.008 -19"><span class='ocrx_word' id='word_1_463' title='bbox 2884 3454 3062 3523; x_wconf 84' lang='lat' dir='ltr'>latur</span> <span class='ocrx_word' id='word_1_464' title='bbox 3124 3451 3236 3519; x_wconf 90' lang='lat' dir='ltr'>illa</span> <span class='ocrx_word' id='word_1_465' title='bbox 3310 3474 3491 3542; x_wconf 71' lang='lat' dir='ltr'>speS,</span> <span class='ocrx_word' id='word_1_466' title='bbox 3555 3447 3672 3528; x_wconf 89' lang='lat' dir='ltr'>ibi,</span> <span class='ocrx_word' id='word_1_467' title='bbox 3728 3473 3763 3515; x_wconf 72' lang='lat' dir='ltr'>e</span> <span class='ocrx_word' id='word_1_468' title='bbox 3837 3448 4021 3535; x_wconf 77' lang='lat' dir='ltr'>Quia</span> <span class='ocrx_word' id='word_1_469' title='bbox 4084 3445 4436 3538; x_wconf 73' lang='lat' dir='ltr'>eloquium</span> 
     </span>
     <span class='ocr_line' id='line_1_75' title="bbox 2883 3552 4437 3649; baseline -0.007 -19"><span class='ocrx_word' id='word_1_470' title='bbox 2883 3572 3106 3630; x_wconf 78' lang='lat' dir='ltr'>tuam.</span> <span class='ocrx_word' id='word_1_471' title='bbox 3143 3585 3175 3626; x_wconf 70' lang='lat' dir='ltr'>s</span> <span class='ocrx_word' id='word_1_472' title='bbox 3206 3558 3462 3637; x_wconf 82' lang='lat' dir='ltr'>Tertio,</span> <span class='ocrx_word' id='word_1_473' title='bbox 3494 3557 3909 3649; x_wconf 74' lang='lat' dir='ltr'>specificatio</span> <span class='ocrx_word' id='word_1_474' title='bbox 3947 3552 4437 3633; x_wconf 79' lang='lat' dir='ltr'>tribulationiS,</span> 
     </span>
     <span class='ocr_line' id='line_1_76' title="bbox 2887 3660 4441 3759; baseline -0.006 -22"><span class='ocrx_word' id='word_1_475' title='bbox 2887 3669 2956 3737; x_wconf 92' lang='lat' dir='ltr'>in</span> <span class='ocrx_word' id='word_1_476' title='bbox 2989 3689 3123 3759; x_wconf 87' lang='lat' dir='ltr'>qua</span> <span class='ocrx_word' id='word_1_477' title='bbox 3179 3675 3279 3734; x_wconf 88' lang='lat' dir='ltr'>est</span> <span class='ocrx_word' id='word_1_478' title='bbox 3308 3664 3718 3745; x_wconf 87' lang='lat' dir='ltr'>consolatio,</span> <span class='ocrx_word' id='word_1_479' title='bbox 3760 3661 3885 3747; x_wconf 90' lang='lat' dir='ltr'>ibi,</span> <span class='ocrx_word' id='word_1_480' title='bbox 3925 3667 3991 3738; x_wconf 74' lang='lat'>5.</span> <span class='ocrx_word' id='word_1_481' title='bbox 4024 3662 4101 3730; x_wconf 80' lang='lat'>51</span> <span class='ocrx_word' id='word_1_482' title='bbox 4136 3682 4153 3728; x_wconf 76' lang='grc' dir='ltr'><strong><em>ε</em></strong></span> <span class='ocrx_word' id='word_1_483' title='bbox 4210 3685 4245 3726; x_wconf 75' lang='grc' dir='ltr'>ι</span> <span class='ocrx_word' id='word_1_484' title='bbox 4295 3660 4441 3728; x_wconf 84' lang='lat' dir='ltr'>Sa-</span> 
     </span>
     <span class='ocr_line' id='line_1_77' title="bbox 2875 3775 3454 3872; baseline -0.012 -26"><span class='ocrx_word' id='word_1_485' title='bbox 2875 3775 3078 3872; x_wconf 71' lang='lat' dir='ltr'>pen-bi</span> <span class='ocrx_word' id='word_1_486' title='bbox 3118 3776 3372 3866; x_wconf 77' lang='lat' dir='ltr'>inique.</span> <span class='ocrx_word' id='word_1_487' title='bbox 3422 3798 3454 3839; x_wconf 70' lang='lat' dir='ltr'>s</span> 
     </span>
    </p>

    <p class='ocr_par' dir='ltr' id='par_1_14' title="bbox 2889 3877 4458 5589">
     <span class='ocr_line' id='line_1_78' title="bbox 2979 3877 4446 3974; baseline -0.005 -22"><span class='ocrx_word' id='word_1_488' title='bbox 2979 3883 3155 3952; x_wconf 85' lang='lat' dir='ltr'>Dicit</span> <span class='ocrx_word' id='word_1_489' title='bbox 3190 3905 3397 3974; x_wconf 78' lang='lat' dir='ltr'>ergo:</span> <span class='ocrx_word' id='word_1_490' title='bbox 3455 3882 3573 3951; x_wconf 85' lang='lat' dir='ltr'>Sic</span> <span class='ocrx_word' id='word_1_491' title='bbox 3611 3903 3782 3972; x_wconf 85' lang='lat' dir='ltr'>rogo</span> <span class='ocrx_word' id='word_1_492' title='bbox 3841 3888 3916 3948; x_wconf 89' lang='lat' dir='ltr'>ut</span> <span class='ocrx_word' id='word_1_493' title='bbox 3952 3879 4089 3948; x_wconf 85' lang='lat' dir='ltr'>cito</span> <span class='ocrx_word' id='word_1_494' title='bbox 4142 3877 4446 3970; x_wconf 85' lang='lat' dir='ltr'>promis-</span> 
     </span>
     <span class='ocr_line' id='line_1_79' title="bbox 2889 3992 4440 4085; baseline -0.006 -19"><span class='ocrx_word' id='word_1_495' title='bbox 2889 3999 3156 4066; x_wconf 81' lang='lat' dir='ltr'>sionem</span> <span class='ocrx_word' id='word_1_496' title='bbox 3183 3994 3470 4085; x_wconf 83' lang='lat' dir='ltr'>impleas</span> <span class='ocrx_word' id='word_1_497' title='bbox 3508 4002 3905 4085; x_wconf 85' lang='lat' dir='ltr'>operantem</span> <span class='ocrx_word' id='word_1_498' title='bbox 3953 3992 4023 4059; x_wconf 92' lang='lat' dir='ltr'>in</span> <span class='ocrx_word' id='word_1_499' title='bbox 4061 4013 4173 4059; x_wconf 89' lang='lat' dir='ltr'>me</span> <span class='ocrx_word' id='word_1_500' title='bbox 4203 4010 4440 4081; x_wconf 87' lang='lat' dir='ltr'>spem:</span> 
     </span>
     <span class='ocr_line' id='line_1_80' title="bbox 2891 4094 4446 4195; baseline -0.008 -19"><span class='ocrx_word' id='word_1_501' title='bbox 2891 4116 2956 4176; x_wconf 92' lang='lat' dir='ltr'>et</span> <span class='ocrx_word' id='word_1_502' title='bbox 2989 4135 3023 4170; x_wconf 71' lang='grc' dir='ltr'>ι</span> <span class='ocrx_word' id='word_1_503' title='bbox 3062 4104 3204 4173; x_wconf 70' lang='lat' dir='ltr'>laeaec</span> <span class='ocrx_word' id='word_1_504' title='bbox 3231 4130 3268 4168; x_wconf 73' lang='lat' dir='ltr'>s</span> <span class='ocrx_word' id='word_1_505' title='bbox 3310 4126 3464 4195; x_wconf 89' lang='lat' dir='ltr'>spes</span> <span class='ocrx_word' id='word_1_506' title='bbox 3495 4127 3530 4168; x_wconf 75' lang='grc' dir='ltr'>ι</span> <span class='ocrx_word' id='word_1_507' title='bbox 3570 4098 3928 4170; x_wconf 80' lang='lat' dir='ltr'>consolata</span> <span class='ocrx_word' id='word_1_508' title='bbox 3954 4109 4053 4168; x_wconf 79' lang='lat' dir='ltr'>est</span> <span class='ocrx_word' id='word_1_509' title='bbox 4081 4121 4213 4178; x_wconf 83' lang='lat' dir='ltr'>me,</span> <span class='ocrx_word' id='word_1_510' title='bbox 4248 4122 4284 4164; x_wconf 68' lang='grc' dir='ltr'><strong>ι</strong></span> <span class='ocrx_word' id='word_1_511' title='bbox 4326 4094 4446 4165; x_wconf 88' lang='lat' dir='ltr'>sed</span> 
     </span>
     <span class='ocr_line' id='line_1_81' title="bbox 2893 4204 4444 4287; baseline -0.008 -4"><span class='ocrx_word' id='word_1_512' title='bbox 2893 4237 3030 4283; x_wconf 88' lang='lat' dir='ltr'>non</span> <span class='ocrx_word' id='word_1_513' title='bbox 3061 4213 3191 4280; x_wconf 91' lang='lat' dir='ltr'>nisi</span> <span class='ocrx_word' id='word_1_514' title='bbox 3250 4236 3285 4277; x_wconf 75' lang='grc' dir='ltr'>ι</span> <span class='ocrx_word' id='word_1_515' title='bbox 3345 4211 3416 4278; x_wconf 73' lang='lat' dir='ltr'>in</span> <span class='ocrx_word' id='word_1_516' title='bbox 3468 4207 3873 4278; x_wconf 73' lang='lat' dir='ltr'>humilitate</span> <span class='ocrx_word' id='word_1_517' title='bbox 3899 4229 4078 4287; x_wconf 87' lang='lat' dir='ltr'>mea,</span> <span class='ocrx_word' id='word_1_518' title='bbox 4122 4229 4157 4273; x_wconf 72' lang='lat' dir='ltr'>s</span> <span class='ocrx_word' id='word_1_519' title='bbox 4198 4204 4271 4273; x_wconf 89' lang='lat' dir='ltr'>id</span> <span class='ocrx_word' id='word_1_520' title='bbox 4315 4209 4444 4285; x_wconf 88' lang='lat' dir='ltr'>est,</span> 
     </span>
     <span class='ocr_line' id='line_1_82' title="bbox 2892 4313 4451 4416; baseline -0.007 -24"><span class='ocrx_word' id='word_1_521' title='bbox 2892 4321 3167 4416; x_wconf 88' lang='lat' dir='ltr'>quando</span> <span class='ocrx_word' id='word_1_522' title='bbox 3239 4343 3395 4391; x_wconf 89' lang='lat' dir='ltr'>sum</span> <span class='ocrx_word' id='word_1_523' title='bbox 3462 4317 3892 4398; x_wconf 86' lang='lat' dir='ltr'>humiliatus,</span> <span class='ocrx_word' id='word_1_524' title='bbox 3958 4323 4029 4385; x_wconf 86' lang='lat' dir='ltr'>et</span> <span class='ocrx_word' id='word_1_525' title='bbox 4098 4313 4451 4384; x_wconf 78' lang='lat' dir='ltr'>confessus</span> 
     </span>
     <span class='ocr_line' id='line_1_83' title="bbox 2891 4425 4455 4527; baseline -0.008 -23"><span class='ocrx_word' id='word_1_526' title='bbox 2891 4441 3203 4527; x_wconf 85' lang='lat' dir='ltr'>peccata:</span> <span class='ocrx_word' id='word_1_527' title='bbox 3239 4431 3424 4524; x_wconf 88' lang='lat' dir='ltr'>quia,</span> <span class='ocrx_word' id='word_1_528' title='bbox 3444 4428 3607 4512; x_wconf 82' lang='lat' dir='ltr'>Job,</span> <span class='ocrx_word' id='word_1_529' title='bbox 3637 4431 3946 4517; x_wconf 74' lang='lat' dir='ltr'>xxu,29,</span> <span class='ocrx_word' id='word_1_530' title='bbox 3979 4425 4267 4496; x_wconf 87' lang='lat' dir='ltr'>dicitur:</span> <span class='ocrx_word' id='word_1_531' title='bbox 4314 4425 4455 4511; x_wconf 78' lang='lat' dir='ltr'>Qui</span> 
     </span>
     <span class='ocr_line' id='line_1_84' title="bbox 2892 4531 4446 4630; baseline -0.007 -19"><span class='ocrx_word' id='word_1_532' title='bbox 2892 4540 3307 4612; x_wconf 77' lang='lat' dir='ltr'>humiliatus</span> <span class='ocrx_word' id='word_1_533' title='bbox 3411 4538 3657 4630; x_wconf 76' lang='lat' dir='ltr'>suerit,</span> <span class='ocrx_word' id='word_1_534' title='bbox 3764 4536 3898 4605; x_wconf 80' lang='lat' dir='ltr'>eri!</span> <span class='ocrx_word' id='word_1_535' title='bbox 3997 4535 4070 4602; x_wconf 78' lang='lat' dir='ltr'>in</span> <span class='ocrx_word' id='word_1_536' title='bbox 4185 4531 4446 4626; x_wconf 70' lang='lat' dir='ltr'>ylaria.</span> 
     </span>
     <span class='ocr_line' id='line_1_85' title="bbox 2891 4640 4453 4736; baseline -0.005 -18"><span class='ocrx_word' id='word_1_537' title='bbox 2891 4648 3154 4727; x_wconf 77' lang='lat' dir='ltr'>Juditln,</span> <span class='ocrx_word' id='word_1_538' title='bbox 3201 4671 3297 4726; x_wconf 74' lang='lat' dir='ltr'>vn,</span> <span class='ocrx_word' id='word_1_539' title='bbox 3370 4649 3499 4717; x_wconf 81' lang='lat'>15:</span> <span class='ocrx_word' id='word_1_540' title='bbox 3563 4645 3975 4730; x_wconf 74' lang='lat' dir='ltr'>Domine‚...</span> <span class='ocrx_word' id='word_1_541' title='bbox 4041 4643 4301 4736; x_wconf 79' lang='lat' dir='ltr'>respice</span> <span class='ocrx_word' id='word_1_542' title='bbox 4352 4640 4453 4711; x_wconf 86' lang='lat' dir='ltr'>ad</span> 
     </span>
     <span class='ocr_line' id='line_1_86' title="bbox 2895 4749 4453 4840; baseline -0.005 -15"><span class='ocrx_word' id='word_1_543' title='bbox 2895 4767 3198 4826; x_wconf 75' lang='lat' dir='ltr'>nostram</span> <span class='ocrx_word' id='word_1_544' title='bbox 3225 4753 3722 4824; x_wconf 74' lang='lat' dir='ltr'>humilitatem.</span> <span class='ocrx_word' id='word_1_545' title='bbox 3753 4750 3953 4820; x_wconf 85' lang='lat' dir='ltr'>Tales</span> <span class='ocrx_word' id='word_1_546' title='bbox 3990 4751 4179 4820; x_wconf 86' lang='lat' dir='ltr'>enim</span> <span class='ocrx_word' id='word_1_547' title='bbox 4228 4749 4453 4840; x_wconf 85' lang='lat' dir='ltr'>respi-</span> 
     </span>
     <span class='ocr_line' id='line_1_87' title="bbox 2896 4857 4453 4951; baseline -0.006 -18"><span class='ocrx_word' id='word_1_548' title='bbox 2896 4867 3011 4946; x_wconf 84' lang='lat' dir='ltr'>cit,</span> <span class='ocrx_word' id='word_1_549' title='bbox 3042 4873 3110 4933; x_wconf 90' lang='lat' dir='ltr'>et</span> <span class='ocrx_word' id='word_1_550' title='bbox 3147 4860 3562 4933; x_wconf 85' lang='lat' dir='ltr'>consolatur.</span> <span class='ocrx_word' id='word_1_551' title='bbox 3598 4862 3731 4929; x_wconf 87' lang='lat' dir='ltr'>lsa.</span> <span class='ocrx_word' id='word_1_552' title='bbox 3763 4881 3946 4942; x_wconf 69' lang='lat' dir='ltr'>nxvi,</span> <span class='ocrx_word' id='word_1_553' title='bbox 3979 4859 4065 4928; x_wconf 87' lang='lat'>2:</span> <span class='ocrx_word' id='word_1_554' title='bbox 4095 4857 4213 4927; x_wconf 79' lang='lat' dir='ltr'>Ad</span> <span class='ocrx_word' id='word_1_555' title='bbox 4250 4879 4453 4951; x_wconf 85' lang='lat' dir='ltr'>quem</span> 
     </span>
     <span class='ocr_line' id='line_1_88' title="bbox 2899 4967 4456 5069; baseline -0.004 -25"><span class='ocrx_word' id='word_1_556' title='bbox 2899 4976 3284 5069; x_wconf 75' lang='lat' dir='ltr'>respiciam,</span> <span class='ocrx_word' id='word_1_557' title='bbox 3314 4974 3455 5043; x_wconf 78' lang='lat' dir='ltr'>nisi</span> <span class='ocrx_word' id='word_1_558' title='bbox 3488 4972 3587 5042; x_wconf 85' lang='lat' dir='ltr'>ad</span> <span class='ocrx_word' id='word_1_559' title='bbox 3617 4969 4157 5065; x_wconf 79' lang='lat' dir='ltr'>pauperculum,</span> <span class='ocrx_word' id='word_1_560' title='bbox 4216 4979 4281 5037; x_wconf 78' lang='lat' dir='ltr'>et</span> <span class='ocrx_word' id='word_1_561' title='bbox 4317 4967 4456 5037; x_wconf 77' lang='lat' dir='ltr'>lm-</span> 
     </span>
     <span class='ocr_line' id='line_1_89' title="bbox 2898 5078 4451 5162; baseline -0.006 -9"><span class='ocrx_word' id='word_1_562' title='bbox 2898 5084 3158 5162; x_wconf 79' lang='lat' dir='ltr'>milcm‚</span> <span class='ocrx_word' id='word_1_563' title='bbox 3201 5093 3330 5153; x_wconf 85' lang='lat' dir='ltr'>ete.</span> <span class='ocrx_word' id='word_1_564' title='bbox 3364 5080 3519 5161; x_wconf 74' lang='lat' dir='ltr'>Vel,</span> <span class='ocrx_word' id='word_1_565' title='bbox 3565 5111 3599 5146; x_wconf 70' lang='grc' dir='ltr'>ι</span> <span class='ocrx_word' id='word_1_566' title='bbox 3642 5081 3714 5149; x_wconf 77' lang='lat' dir='ltr'>in</span> <span class='ocrx_word' id='word_1_567' title='bbox 3752 5078 4154 5149; x_wconf 72' lang='lat' dir='ltr'>humilitate</span> <span class='ocrx_word' id='word_1_568' title='bbox 4199 5100 4378 5162; x_wconf 85' lang='lat' dir='ltr'>mea,</span> <span class='ocrx_word' id='word_1_569' title='bbox 4415 5101 4451 5143; x_wconf 68' lang='grc' dir='ltr'><strong>ι</strong></span> 
     </span>
     <span class='ocr_line' id='line_1_90' title="bbox 2899 5187 4454 5284; baseline -0.004 -23"><span class='ocrx_word' id='word_1_570' title='bbox 2899 5192 2966 5261; x_wconf 89' lang='lat' dir='ltr'>id</span> <span class='ocrx_word' id='word_1_571' title='bbox 2996 5201 3122 5272; x_wconf 84' lang='lat' dir='ltr'>est,</span> <span class='ocrx_word' id='word_1_572' title='bbox 3155 5192 3224 5260; x_wconf 84' lang='lat' dir='ltr'>in</span> <span class='ocrx_word' id='word_1_573' title='bbox 3254 5191 3716 5284; x_wconf 84' lang='lat' dir='ltr'>despectione,</span> <span class='ocrx_word' id='word_1_574' title='bbox 3757 5197 3827 5258; x_wconf 90' lang='lat' dir='ltr'>et</span> <span class='ocrx_word' id='word_1_575' title='bbox 3861 5187 4261 5273; x_wconf 77' lang='lat' dir='ltr'>afflictione,</span> <span class='ocrx_word' id='word_1_576' title='bbox 4313 5208 4454 5256; x_wconf 94' lang='lat' dir='ltr'>non</span> 
     </span>
     <span class='ocr_line' id='line_1_91' title="bbox 2898 5294 4454 5391; baseline -0.004 -23"><span class='ocrx_word' id='word_1_577' title='bbox 2898 5299 3123 5369; x_wconf 90' lang='lat' dir='ltr'>solum</span> <span class='ocrx_word' id='word_1_578' title='bbox 3183 5299 3299 5368; x_wconf 89' lang='lat' dir='ltr'>illa</span> <span class='ocrx_word' id='word_1_579' title='bbox 3356 5322 3563 5391; x_wconf 87' lang='lat' dir='ltr'>quam</span> <span class='ocrx_word' id='word_1_580' title='bbox 3620 5296 3846 5389; x_wconf 87' lang='lat' dir='ltr'>patior</span> <span class='ocrx_word' id='word_1_581' title='bbox 3897 5316 4022 5387; x_wconf 87' lang='lat' dir='ltr'>pro</span> <span class='ocrx_word' id='word_1_582' title='bbox 4068 5294 4454 5387; x_wconf 89' lang='lat' dir='ltr'>primorum</span> 
     </span>
     <span class='ocr_line' id='line_1_92' title="bbox 2898 5404 4458 5502; baseline -0.004 -24"><span class='ocrx_word' id='word_1_583' title='bbox 2898 5417 3256 5502; x_wconf 86' lang='lat' dir='ltr'>parentum</span> <span class='ocrx_word' id='word_1_584' title='bbox 3285 5414 3589 5500; x_wconf 87' lang='lat' dir='ltr'>peceato,</span> <span class='ocrx_word' id='word_1_585' title='bbox 3632 5404 3753 5475; x_wconf 90' lang='lat' dir='ltr'>sed</span> <span class='ocrx_word' id='word_1_586' title='bbox 3788 5408 3995 5475; x_wconf 89' lang='lat' dir='ltr'>etiam</span> <span class='ocrx_word' id='word_1_587' title='bbox 4034 5426 4245 5497; x_wconf 86' lang='lat' dir='ltr'>quam</span> <span class='ocrx_word' id='word_1_588' title='bbox 4297 5425 4458 5472; x_wconf 87' lang='lat' dir='ltr'>sus-</span> 
     </span>
     <span class='ocr_line' id='line_1_93' title="bbox 2898 5512 4456 5589; baseline -0.003 -2"><span class='ocrx_word' id='word_1_589' title='bbox 2898 5520 3083 5589; x_wconf 87' lang='lat' dir='ltr'>tineo</span> <span class='ocrx_word' id='word_1_590' title='bbox 3123 5516 3208 5586; x_wconf 86' lang='lat' dir='ltr'>ab</span> <span class='ocrx_word' id='word_1_591' title='bbox 3262 5517 3568 5587; x_wconf 90' lang='lat' dir='ltr'>inimico.</span> <span class='ocrx_word' id='word_1_592' title='bbox 3640 5513 3801 5586; x_wconf 90' lang='lat' dir='ltr'>Scio</span> <span class='ocrx_word' id='word_1_593' title='bbox 3831 5517 4016 5585; x_wconf 87' lang='lat' dir='ltr'>enim</span> <span class='ocrx_word' id='word_1_594' title='bbox 4070 5512 4245 5584; x_wconf 87' lang='lat' dir='ltr'>illud</span> <span class='ocrx_word' id='word_1_595' title='bbox 4272 5512 4456 5582; x_wconf 90' lang='lat' dir='ltr'>Pro-</span> 
     </span>
    </p>
   </div>
  </div>
 </body>
</html>
