5008 6329
697 294 826 360 416

706 458 947 530 borum
978 459 1346 538 destruxit,
1380 466 1444 524 et
1470 455 1703 523 sedere
1717 453 1883 541 lecit
1913 454 2107 519 mites
2122 474 2250 543 pro

703 571 821 637 eis.
865 569 1027 636 Luc.
1074 590 1118 641 1,
1153 567 1236 632 52
1283 587 1298 630 ε
1334 563 1668 655 Deposuit
1686 571 1993 658 potentes
2031 560 2116 627 de
2140 582 2252 626 se-

708 677 813 754 de,
848 685 911 742 et
937 672 1278 741 exaltavit
1305 670 1625 739 humiles,

805 1012 838 1052 ι
873 990 1185 1067 Domine,
1207 1011 1448 1056 nomen
1471 996 1693 1053 tuum.
1731 1012 1763 1044 »
1807 983 1933 1049 Hic
1960 979 2255 1049 secunda

711 1120 867 1188 pars
911 1100 1145 1188 primae
1191 1096 1399 1186 partis
1445 1094 1654 1161 totius
1707 1090 1907 1180 hujus
1967 1088 2246 1156 Psalmi.

710 1204 1085 1295 Postquam
1142 1193 1327 1269 enirn
1375 1201 1641 1267 monuit
1690 1199 1899 1266 verbo
1956 1197 2039 1264 ad
2104 1195 2250 1263 lau-

710 1308 1035 1386 dandum,
1089 1314 1323 1375 monet
1370 1311 1867 1397 consequenter
1909 1301 2248 1393 exemp10,

712 1418 870 1509 quia
933 1416 1268 1484 convertit
1333 1438 1404 1484 se
1444 1415 1529 1482 ad
1595 1414 1841 1491 Deum,
1902 1421 1967 1479 et
2025 1409 2254 1477 laudat

708 1528 995 1618 ipsemet
1024 1549 1040 1594 ε
1075 1535 1141 1595 et
1161 1525 1479 1594 dicuntur
1506 1523 1668 1592 duo.
1703 1522 1960 1602 Primo,
1992 1518 2247 1586 laudat.

468 1027 595 1095 13

1763 282 1850 352 D.
1899 278 2098 352 ΑΕΒ.
2150 279 2365 349 MAG.
2417 275 2623 350 ORD.
2674 275 2975 351 PRAED.

2361 449 2537 516 tium
2568 448 2969 540 Dominum.
3005 448 3091 514 Et
3130 452 3231 514 est
3268 446 3619 537 generatio
3650 445 3910 537 gloriae,

2359 556 2728 640 Genes.xv,
2776 556 2888 624 16:
2929 556 3375 624 Generatione
3411 563 3666 644 quarta
3687 575 3915 619 rever-

2284 751 2289 756 ,
2360 676 2587 733 tentur
2614 665 2769 732 ltuc.
2805 663 2973 744 Quae
3032 664 3250 753 magis
3280 667 3503 753 potest
3549 660 3679 728 dici
3722 682 3915 749 reye-

2355 776 2646 840 neratio.
2690 769 2935 838 Matth.
2970 793 3111 851 xlx,
3159 772 3243 837 28
3283 793 3296 836 ε
3340 772 3423 837 In
3452 767 3914 859 reqeneratio-

2348 905 2463 959 ne,
2520 902 2675 947 cum
2739 880 2988 947 sederit
3030 880 3228 968 filius
3273 878 3598 956 hominis,
3654 884 3780 943 etc.
3835 873 3913 939 In

2357 991 2580 1079 prima
2609 997 2888 1078 generat
2915 985 3151 1064 hom0,
3185 983 3428 1054 Matth.
3465 1009 3511 1064 1,
3547 986 3588 1050 2
3624 1007 3640 1062 ;
3681 982 3913 1052 Abra-

2363 1095 2526 1162 lzam
2551 1095 2792 1186 qenuit
2818 1095 3038 1162 Isaac.
3080 1092 3160 1159 In
3201 1091 3524 1169 secunda,
3568 1088 3908 1166 diabolus,

2356 1202 2559 1271 Joan.
2593 1224 2736 1285 vm,
2771 1201 2858 1267 44
2899 1223 2917 1269 t
2974 1199 3097 1268 Vos
3123 1223 3210 1267 ex
3257 1207 3460 1291 patre
3495 1196 3778 1265 diabolo
3807 1218 3914 1262 es-

2358 1310 2469 1374 tis.
2536 1305 2672 1374 Sed
2723 1307 2791 1373 in
2850 1306 3069 1383 tertia,
3114 1313 3183 1373 et
3223 1307 3293 1372 in
3335 1310 3577 1395 quarta
3632 1307 3915 1393 generat

2358 1415 2569 1498 Deua,
2609 1413 2846 1483 Jacob.
2880 1437 2927 1494 1,
2967 1413 3047 1480 18
3091 1435 3107 1479 :
3165 1411 3567 1480 Voluntarie
3595 1411 3775 1478 enim
3802 1432 3919 1499 qe-

2359 1523 2516 1591 nuit
2542 1545 2663 1590 nos
2688 1519 2883 1589 verbo
2914 1521 3245 1599 veritatis,
3281 1528 3406 1588 etc.

712 1633 1050 1711 SecundO,
1079 1636 1381 1723 assignat
1410 1633 1743 1699 rationem
1773 1627 1976 1717 hujus
2004 1625 2246 1704 laudis,
2356 1706 2362 1713 ι

706 1741 826 1818 ibi,
857 1748 923 1818 ὴ.
971 1741 1052 1807 14
1095 1760 1111 1808 z
1159 1764 1192 1804 ι
1228 1739 1411 1824 Quia
1427 1735 1810 1826 judicabit.
1860 1761 1892 1796 n

799 1847 874 1916 ln
903 1849 1124 1938 prima
1152 1846 1312 1914 duo.
1356 1844 1617 1922 Primo,
1652 1840 2083 1911 commendat
2122 1863 2252 1931 po·
2346 1895 2351 1898 .

703 1957 931 2025 tentiae
963 1955 1082 2022 Dei
1124 1954 1570 2022 aeternitatem
1603 1952 1670 2017 in
1709 1951 1951 2039 seipsa.
1999 1947 2253 2016 Secun-

699 2064 814 2143 do,
848 2061 1358 2151 comparatione
1395 2059 1481 2127 ad
1530 2056 2001 2126 rationabilem
2052 2078 2251 2125 crea-

697 2174 949 2253 turam,
987 2168 1104 2248 ibi,
1150 2193 1185 2233 α
1224 2169 1320 2235 Et
1352 2164 1753 2234 memoriale
1781 2173 2002 2231 tuum.
2054 2189 2085 2223 υ

788 2278 966 2346 Dicit
988 2299 1150 2368 ergo
1184 2298 1199 2342 ε
1239 2275 1356 2342 Sic
1383 2273 1700 2341 invitavit
1729 2294 1960 2339 servos
2007 2270 2130 2337 Dei
2165 2267 2249 2336 ad

695 2386 997 2467 laudem,
1058 2393 1125 2453 et
1172 2386 1459 2475 ipsemet
1527 2381 1734 2451 laudo
1795 2380 2022 2449 dicens
2103 2401 2119 2446 ε
2190 2376 2247 2445 Ο

697 2486 741 2557 ἀ
778 2492 1098 2572 Domine,
1149 2511 1392 2556 nomen
1453 2495 1681 2565 tuum,
1728 2513 1761 2547 »
1813 2479 2249 2551 nominabilis

696 2599 950 2670 scilicet
988 2596 1318 2688 potentia,
1351 2620 1383 2659 α
1420 2618 1492 2662 zn
1520 2604 1873 2675 salemum,
1911 2618 1944 2656 ι
1982 2589 2245 2681 supple,

696 2721 821 2780 est.
854 2707 1114 2778 Daniel.
1152 2709 1330 2785 nv,31
1374 2727 1389 2772 :
1430 2708 1744 2773 Potestas
1766 2703 1920 2793 ejus
1948 2711 2249 2794 potestas

691 2821 1132 2912 sempiterna.

789 2957 823 2991 α
862 2928 958 2994 Et
978 2923 1376 2993 memoriale
1393 2931 1619 2997 tuum,
1651 2944 1682 2985 ο
1712 2918 2050 2987 revocatio
2072 2916 2247 2985 scili-

695 3042 800 3103 cet
838 3042 957 3102 tua
1010 3054 1050 3098 a
1108 3026 1494 3098 rationabili
1563 3032 1870 3094 creatura
1898 3030 2034 3102 est,
2097 3023 2245 3091 «in

699 3137 1207 3231 qenerationem
1240 3160 1274 3202 ι
1286 3140 1753 3229 praesentem‚»
1782 3140 1848 3199 et
1858 3130 2247 3221 qeneratio-

694 3274 848 3320 nem
901 3275 933 3315 ι
976 3249 1273 3318 futuram
1325 3254 1628 3315 extensa.
1682 3243 1898 3312 Exod.
1945 3264 2040 3321 m,
2096 3243 2177 3309 ¹5
2219 3261 2235 3307 ε

692 3363 878 3427 Deus
899 3362 949 3426 A
962 3358 1275 3435 braleam,
1296 3356 1482 3423 Deus
1499 3352 1716 3430 Isaac,
1731 3366 1793 3420 et
1808 3348 2213 3419 DeusJacob
2224 3401 2240 3427 ,

692 3467 882 3533 misit
939 3486 1047 3531 me
1091 3463 1187 3531 ad
1230 3484 1365 3530 vos.
1420 3458 1567 3527 noc
1608 3481 1861 3528 nomen
1920 3456 2086 3525 mihi
2141 3463 2242 3524 est

692 3581 1022 3641 aeternum
1068 3592 1084 3637 ε
1129 3568 1260 3637 hoc
1301 3565 1697 3636 memoriale
1744 3588 1970 3632 meum
2012 3564 2081 3631 in
2114 3585 2239 3654 ge·

694 3679 1119 3749 nerationem'
1150 3682 1215 3744 et
1252 3672 1792 3765 generationem.
1844 3668 2237 3738 Memoriale

694 3786 890 3855 dulce
919 3784 1145 3863 bonis,
1176 3781 1382 3851 Eccli.
1417 3802 1599 3858 xux,
1638 3779 1666 3844 1
1708 3800 1724 3845 :
1755 3778 2091 3848 Memoria
2112 3780 2240 3846 Jo-

691 3894 812 3961 siae
843 3893 916 3960 in
959 3888 1450 3980 compositione
1502 3883 1733 3951 odoris
1772 3885 1989 3973 sacta,
2039 3884 2242 3974 quasi

698 3999 837 4067 mel
864 3999 934 4065 in
964 3996 1153 4063 omni
1180 4017 1296 4062 ore
1332 3989 1831 4061 indulcabitur.
1866 3989 2063 4071 Osee,
2098 4013 2235 4068 xiv,

701 4108 742 4175 8
786 4127 801 4173 :
834 4100 1239 4172 Memoriale
1275 4097 1430 4189 ejus
1462 4096 1641 4164 sicut
1686 4098 1917 4164 vinum
1964 4097 2235 4165 Libani.

353 4220 675 4326 ,ξεττ-*ἐῢ
794 4210 876 4278 Et
913 4215 1079 4276 nota
1116 4204 1252 4285 hic,
1301 4202 1487 4296 quod
1524 4211 1626 4271 est
1663 4204 2010 4294 generatio
2049 4211 2242 4272 natu-

354 4346 450 4433 ιε.
490 4308 673 4428 'gmi-
704 4341 820 4397 τω,
870 4313 1088 4383 Eccle.
1135 4336 1181 4397 ι,
1239 4312 1281 4378 4
1324 4334 1342 4380 :
1387 4312 1748 4381 Generatio
1793 4312 2122 4404 praeterit,
2179 4318 2243 4379 et

452 4394 488 4440 ⁸
630 4411 645 4426 ⁸
694 4419 1046 4516 qeneratio
1083 4417 1359 4485 advenit
1386 4438 1411 4483 .·
1447 4425 1632 4483 terra
1678 4425 1908 4484 autem
1942 4417 2011 4484 in
2055 4426 2244 4485 aeter-

698 4551 865 4598 num
887 4524 1144 4595 stat.Et
1170 4532 1272 4593 est
1300 4523 1648 4615 generatio
1686 4522 1928 4614 culpae,
1967 4524 2050 4592 de
2079 4546 2239 4616 qua,

699 4635 942 4707 Mauh.
986 4656 1106 4714 ιιι,
1148 4633 1233 4701 39
1269 4654 1287 4700 :
1325 4632 1688 4702 Gener-atio
1715 4633 1908 4701 mala
1936 4641 1999 4699 et
2026 4633 2244 4701 adul-

696 4759 845 4816 tera
895 4747 1173 4836 siquam
1228 4740 1476 4833 quaerit
1508 4762 1553 4808 ι.
1608 4740 1769 4810 Luc.
1830 4765 1925 4822 nx,
1982 4743 2061 4809 41
2120 4761 2139 4812 :
2185 4742 2244 4811 0

696 4851 1049 4945 qencratio
1080 4846 1412 4938 infideli-5,
1454 4856 1518 4914 et
1537 4870 1883 4940 perversa,
1901 4848 2244 4939 quamdiu

704 4957 1045 5028 vobiscum
1084 4950 1258 5022 ero?
1310 4950 1399 5020 Et
1438 4960 1541 5020 est
1584 4955 1931 5043 generatio
1980 4953 2241 5046 gratiae,

705 5065 889 5135 Psal.
937 5086 1071 5145 cxi,
1112 5065 1153 5130 2
1197 5082 1213 5129 :
1275 5062 1637 5132 Generatio
1675 5072 2006 5132 rectorum
2056 5061 2248 5131 bene-

690 5171 987 5252 dicetur.
1024 5167 1330 5258 Sapient.
1364 5189 1457 5245 xv,
1498 5168 1523 5232 1
1566 5187 1585 5234 :
1623 5166 1682 5235 0
1717 5189 1928 5257 quam
1949 5166 2246 5259 pulchra

703 5284 801 5344 cst
862 5284 1050 5343 casta
1112 5275 1461 5367 qeneratio
1526 5294 1683 5339 cum
1737 5272 2105 5342 claritate!
2168 5273 2246 5342 ln

706 5378 889 5451 Psal.
922 5403 1114 5461 xxm,
1145 5382 1187 5448 6
1213 5402 1231 5449 t
1264 5382 1426 5451 Ilaec
1452 5388 1549 5448 est
1576 5380 1924 5469 qeneratio
1951 5366 2250 5471 quaeren-

780 5613 801 5652 ¹
831 5612 920 5672 Cf.
948 5612 1086 5672 Luc.
1114 5631 1198 5685 ιι,
1226 5615 1318 5674 2⁹.

2450 1876 2483 1916 ι
2522 1851 2703 1935 Quia
2728 1848 3112 1938 judicabit.
3152 1875 3183 1911 u
3232 1847 3363 1914 Hic
3400 1846 3806 1926 secundum,
3841 1845 3911 1914 in

2363 1980 2496 2049 quo
2527 1957 2963 2050 subjungitur
2988 1957 3210 2025 laudis
3237 1955 3445 2046 hujus
3483 1978 3711 2033 causa,
3737 1953 3915 2023 scili-

2357 2074 2464 2134 cet
2493 2066 2831 2134 malorum
2863 2064 3211 2133 damnatio
3250 2064 3322 2131 in
3361 2063 3618 2144 futuro,
3663 2062 3913 2154 quibus

2358 2184 2458 2243 tot
2484 2175 2667 2243 bona
2704 2174 3017 2254 contulit,
3050 2196 3174 2242 nec
3203 2172 3464 2264 aliquid
3494 2171 3735 2240 valuit.
3782 2169 3915 2238 Se-

2355 2279 2605 2363 cundo,
2646 2280 2989 2349 bonorum
3047 2280 3530 2359 remuneratio,
3581 2277 3702 2358 ibi,
3738 2306 3773 2343 κ
3815 2280 3914 2345 Et

2355 2389 2425 2456 in
2442 2392 2676 2458 servis.
2711 2418 2745 2453 n

2441 2494 2622 2564 Dicit
2677 2519 2841 2589 ergo
2887 2519 2903 2564 :
2974 2494 3091 2564 Sic
3126 2495 3291 2573 dixi,
3354 2493 3539 2585 quod
3605 2492 3914 2583 potentia

2358 2605 2476 2673 Dei
2519 2613 2797 2685 aeterna,
2840 2612 2905 2672 et
2944 2603 3278 2673 memoria
3333 2601 3514 2669 illius
3543 2600 3907 2668 similiter:

2356 2721 2424 2780 et
2451 2710 2584 2781 hoc
2610 2711 2893 2802 dignum
2920 2733 2936 2779 ε
2979 2737 3008 2773 ι
3040 2710 3222 2796 Quia
3253 2710 3597 2777 Dominus
3614 2706 3915 2795 judica-

2355 2818 2476 2899 bit,
2516 2844 2548 2884 »
2574 2818 2832 2910 judicio
2866 2825 3139 2887 aeternae
3169 2814 3659 2901 damnationis,
3702 2814 3913 2881 ctiam

2361 2954 2394 2988 α
2418 2926 2764 3018 populum
2789 2948 3022 3006 suum,
3060 2952 3094 2987 n
3127 2924 3243 3015 qui
3293 2925 3603 3013 ingratus
3652 2929 3752 2989 tot
3789 2919 3915 2989 be-

2354 3031 2613 3101 neficiis
2649 3031 2931 3100 exstitit.
2972 3030 3174 3099 Joan.
3229 3051 3326 3114 m,
3373 3030 3454 3096 18
3507 3049 3524 3097 z
3591 3027 3730 3112 Qui
3774 3050 3911 3095 non

2348 3140 2589 3222 credit,
2646 3139 2812 3231 jam
2864 3137 3236 3230 judicatus
3298 3147 3419 3207 est.
3492 3135 3571 3204 ln
3637 3134 3907 3213 eodem,

2348 3270 2420 3334 v,
2460 3248 2546 3316 29
2591 3270 2607 3315 :
2649 3247 3028 3317 Procedent
3084 3246 3210 3337 qui
3265 3244 3443 3313 bona
3500 3253 3784 3334 eqerunt
3840 3243 3913 3310 in

2350 3354 2906 3422 resurrectionem
2940 3353 3095 3420 vitae
3124 3374 3147 3420 .·
3177 3351 3303 3442 qui
3329 3373 3485 3419 vero
3526 3347 3722 3417 mala
3750 3369 3912 3439 eqe-

2349 3470 2535 3539 runt,
2572 3462 2645 3528 in
2681 3460 3237 3528 resurrectionem
3276 3457 3566 3548 judicii.
3611 3455 3766 3535 Vel,
3801 3457 3914 3544 ju-

2350 3567 2527 3638 dicio
2584 3568 3028 3639 discussionis
3093 3569 3164 3637 in
3227 3565 3528 3659 generali
3616 3565 3904 3657 judicio.

2348 3672 2527 3754 Joel,
2570 3696 2668 3758 ιιι,
2732 3675 2814 3741 12
2856 3695 2873 3740 2
2920 3673 3355 3764 Consurqant
3420 3680 3483 3739 et
3538 3668 3912 3740 ascendant

2346 3791 2578 3870 qentes
2626 3781 2700 3849 in
2736 3779 2996 3850 vallem
3032 3779 3397 3873 Iosophat,
3446 3779 3618 3871 quia
3667 3777 3768 3846 ibi
3800 3800 3911 3846 se-

2348 3883 2541 3963 debo,
2587 3895 2665 3954 ut
2689 3883 3006 3976 J‘udicem
3036 3906 3269 3954 omnes
3291 3893 3523 3975 qentcs
3555 3885 3627 3951 in
3656 3882 3913 3952 circui-

2349 4003 2448 4061 tu.
2501 3991 2634 4062 lsa.
2680 4015 2841 4074 xuni,
2892 3993 2933 4063 3
2978 4017 2995 4062 :
3036 3994 3120 4062 In
3157 3994 3445 4061 veritate
3489 3991 3726 4060 educet
3769 3988 3911 4080 ju-

2346 4102 2555 4168 cium.
2586 4099 2856 4169 Judicia
2893 4101 3098 4170 etiam
3137 4099 3568 4170 discretionis
3617 4098 3689 4166 in
3724 4118 3911 4188 prae-

2348 4205 2523 4275 senti
2555 4206 2740 4298 ipsos
2783 4205 3006 4276 bonos
3053 4206 3139 4277 de
3186 4205 3443 4298 populo
3483 4228 3612 4274 suo
3658 4203 3912 4273 discer-

2352 4335 2521 4382 nens
2574 4335 2617 4382 a
2670 4311 2896 4395 malis,
2954 4311 3084 4383 hos
3146 4312 3234 4381 ad
3291 4311 3497 4381 tidem
3561 4309 3907 4391 vocando,

2347 4417 2503 4488 illos
2533 4421 2603 4488 in
2631 4442 2859 4490 errore
2890 4419 3421 4503 dimittendo,de
3459 4441 3599 4510 quo
3627 4416 3913 4507 judicio,

2352 4528 2423 4596 in
2462 4527 2643 4596 Psal.
2686 4551 2847 4609 xnu,
2909 4531 2937 4596 1
3004 4550 3020 4596 :
3086 4527 3343 4597 ludica
3400 4548 3532 4606 me,
3594 4527 3810 4606 Deus,
3851 4531 3917 4592 et

2352 4632 2654 4702 discerne
2676 4657 2959 4703 causam
2997 4656 3248 4717 meam,
3281 4641 3413 4703 etc.

2448 4767 2483 4806 ut
2515 4742 2611 4808 Et
2647 4740 2720 4808 in
2744 4741 2957 4809 servis
2985 4741 3132 4810 suis
3159 4738 3665 4833 deprecabitur.
3688 4765 3720 4802 ι
3753 4735 3914 4822 vel,

2357 4878 2394 4916 α
2430 4853 2509 4919 in
2533 4850 2745 4920 servis
2786 4851 2935 4920 suis
2971 4849 3468 4930 consolabitur,
3514 4874 3548 4915 s
3592 4849 3692 4918 eis
3729 4846 3914 4917 bona

2355 4955 2518 5026 talia
2552 4955 2989 5042 conferendO,
3034 4954 3216 5024 unde
3252 4954 3719 5025 consolentur.
3775 4956 3908 5026 Isa.

2355 5088 2443 5149 u,
2492 5067 2572 5133 12
2616 5087 2635 5133 :
2693 5067 2872 5155 qu,
2932 5087 3056 5157 eqo
3121 5065 3264 5156 ipsc
3297 5064 3711 5135 consolabor
3766 5089 3909 5137 vos.

2357 5169 2484 5239 Vel
2541 5173 2638 5240 sic
2695 5192 2712 5238 :
2767 5170 2956 5253 Dixi,
2989 5170 3172 5263 quod
3199 5170 3538 5259 judicabit
3575 5170 3912 5264 populum

2355 5302 2561 5347 suum
2589 5278 2849 5370 judicio
2877 5277 3332 5359 discretionis,
3362 5287 3441 5348 ut
3470 5280 3811 5372 quosdam
3844 5280 3913 5349 in

2357 5407 2584 5456 errore
2622 5408 2748 5454 suo
2805 5385 3129 5465 dimittat,
3196 5393 3430 5455 tamen
3491 5412 3528 5454 ι
3577 5389 3651 5457 in
3700 5390 3916 5458 servis

4036 1858 4160 1923 14
