5008 6329
837 3257 963 3324 ⁴8

1857 383 2572 454 COMMENTARIUS
2620 384 2716 452 IN
2762 383 3202 452 PSALMUM
3252 382 3564 451 CXVIII.

1107 571 1240 617 non
1265 560 1424 617 sunt
1455 552 1834 639 infirmata,
1881 564 2039 639 etc.,
2085 559 2251 647 quin
2283 565 2556 624 strenue
2590 563 2656 622 et

1106 656 1386 742 viriliter
1436 657 1769 725 inc-edam.
1842 661 2001 730 lIaec
2067 670 2299 729 autem
2365 661 2655 728 latitudo

1109 761 1397 829 charitas
1441 773 1565 847 est,
1636 766 1715 833 de
1791 791 1926 857 qua
2005 768 2204 844 infra,
2266 769 2339 834 in
2413 766 2655 834 eodem

1106 869 1378 937 Psalmo
1428 895 1655 951 cxvm,
1709 876 1836 941 96:
1925 874 2166 941 Omnis
2215 896 2658 941 consumma-

1104 980 1308 1046 tionis
1379 982 1524 1048 vidi
1585 984 1844 1070 finem:
1933 982 2159 1049 latum
2241 983 2657 1051 mandatum

1103 1095 1299 1154 tuum
1336 1089 1565 1157 nimis,
1621 1089 1782 1156 IIaec
1833 1097 1936 1156 est
2001 1087 2315 1172 latitudo,
2375 1091 2458 1159 de
2523 1113 2657 1181 qua

1098 1193 1377 1274 Paulu5‚
1412 1195 1496 1263 ad
1524 1194 1770 1285 Ephes.
1837 1218 1932 1279 ιιι,
2016 1198 2148 1265 18:
2228 1199 2316 1266 Ut
2370 1199 2657 1289 possitis

1099 1303 1657 1394 comprehendere
1747 1327 1901 1371 cum
1984 1304 2304 1373 omnibus
2367 1308 2649 1385 sanctiS,

1101 1433 1251 1501 quae
1276 1411 1370 1478 sit
1398 1409 1725 1489 latitudo,
1761 1421 1823 1478 et
1855 1412 2244 1502 lonqitudO,
2288 1420 2416 1481 etc.
2455 1432 2472 1481 t
2510 1419 2656 1480 tan-

1099 1527 1165 1586 ta
1195 1521 1375 1586 enim
1409 1526 1508 1586 est
1544 1516 1892 1588 charitatis
1932 1519 2249 1599 latitudo,
2294 1527 2370 1588 ut
2434 1544 2652 1612 usque

1097 1625 1181 1693 ad
1208 1626 1522 1695 inimicos
1548 1626 1975 1695 extendatur.

1182 1871 1215 1906 «
1256 1843 1437 1928 Quia
1466 1842 1797 1910 mandata
1844 1853 1992 1911 tua.
2067 1870 2102 1906 n
2162 1842 2336 1911 Ecce
2402 1864 2654 1911 secun-

1093 1949 1280 2019 dum.
1316 1948 1521 2030 Quasi
1554 1949 1778 2019 dicat:
1840 1948 1953 2018 Sic
2001 1948 2442 2018 ambulabam
2513 1972 2655 2019 non

1093 2060 1262 2129 meis
1291 2060 1575 2137 meritiS,
1617 2059 1735 2127 sed
1768 2084 1802 2125 c
1842 2060 2010 2150 quia
2039 2058 2382 2127 mandata
2422 2070 2573 2141 tua,
2613 2085 2648 2125 n

1091 2167 1509 2235 orationibus
1550 2174 1615 2235 et
1663 2165 2231 2256 suplicationibus
2292 2191 2327 2233 ι
2396 2168 2650 2258 exqui-

1087 2275 1242 2353 sivi,
1288 2298 1322 2341 ι
1356 2282 1423 2343 et
1453 2282 1522 2342 tu
1557 2273 1799 2343 dedisti
1836 2298 1852 2342 ε
1888 2274 2068 2344 unde
2099 2282 2166 2343 et
2210 2274 2309 2343 sic
2339 2297 2525 2343 nunc
2546 2274 2655 2343 fa-

1091 2385 1226 2453 cies
1256 2405 1273 2450 :
1309 2384 1497 2475 quia,
1539 2382 1704 2453 Luc.
1737 2407 1831 2463 xi,
1866 2386 1907 2452 9
1950 2405 1968 2451 ε
2024 2386 2273 2467 Petite,
2333 2393 2399 2453 et
2455 2382 2654 2451 dabi-

1089 2499 1207 2559 tur
1234 2489 1425 2559 vobis
1454 2513 1478 2558 .·
1516 2492 1823 2582 quse-rite,
1859 2501 1922 2559 et
1961 2491 2318 2559 invenietis
2348 2512 2373 2557 .·
2394 2490 2654 2582 pulsa-

1088 2611 1176 2682 te,
1234 2611 1300 2669 et
1354 2603 1702 2694 aperietur
1766 2600 1975 2669 vobiS.
2015 2600 2328 2692 Sapient.
2358 2624 2510 2686 vm,
2552 2602 2594 2669 2
2628 2622 2645 2669 ε

1086 2707 1284 2774 IIanc
1303 2707 1537 2775 amavi
1554 2717 1619 2774 ct
1633 2707 1971 2798 exquisivi
1999 2729 2042 2773 a
2070 2705 2445 2794 juventute
2469 2728 2647 2786 mea,

1087 2812 1340 2883 scilicet
1421 2815 1826 2905 sapientiam
1930 2812 2259 2904 implendi
2324 2813 2651 2882 mandata

1085 2922 1233 2992 Dei.

1177 3270 1212 3306 α
1265 3243 1359 3311 Et
1420 3240 1770 3334 loquebar.
1829 3266 1861 3307 n
1924 3242 2052 3310 llic
2114 3241 2522 3324 secundum,
2573 3241 2642 3310 in

1091 3371 1225 3443 quo
1279 3349 1575 3419 ostendit
1632 3373 1705 3418 se
1771 3349 2092 3419 audacter
2176 3350 2490 3421 docuisse
2527 3360 2644 3421 :et

1089 3460 1405 3529 dicuntur
1440 3457 1601 3526 duo.
1649 3457 1910 3540 I’rimo,
1951 3457 2250 3528 ostendit
2277 3458 2350 3527 in
2380 3483 2453 3528 se
2482 3460 2644 3528 fuis·

1087 3590 1159 3637 se
1191 3566 1476 3638 docendi
1516 3566 1898 3636 audaciam.
1970 3567 2317 3653 Secundo,
2387 3575 2644 3638 rectam

1088 3678 1176 3747 ad
1201 3677 1564 3746 dicendum
1596 3677 2184 3770 praeparationem,
2218 3678 2343 3767 ibi,
2399 3685 2465 3757 ᾖ.
2501 3679 2588 3748 47
2624 3701 2642 3748 :

1029 3850 1034 3855 .
1091 3815 1127 3852 α
1162 3789 1256 3857 ΕΙ
1301 3785 1709 3856 meditabar.
1760 3816 1792 3848 »ι

1176 3893 1253 3964 In
1309 3894 1530 3987 prima
1588 3894 1748 3963 duo.
1797 3894 2056 3980 Primo,
2117 3895 2305 3989 quod
2361 3897 2432 3965 in
2479 3918 2645 3965 con·

1088 4008 1322 4092 spectu
1374 3999 1785 4069 terribilium
1879 3999 2212 4071 docuerit.
2295 3999 2643 4081 Secundo,

1091 4106 1274 4200 quod
1339 4107 1547 4176 timor
1610 4116 1679 4175 et
1755 4106 2069 4176 confusio
2130 4106 2451 4189 abfuerit,
2524 4107 2641 4187 ibi,

1089 4243 1125 4280 α
1168 4216 1263 4284 ΕΙ
1298 4236 1435 4282 non
1471 4212 1889 4304 confundar.
1934 4239 1968 4282 ι

1174 4321 1289 4390 Ait
1316 4343 1482 4412 ergo
1516 4344 1532 4390 :
1580 4320 1696 4389 Sic
1724 4319 2165 4391 ambulabam
2207 4323 2276 4391 in
2334 4321 2650 4394 latitudi-

1091 4454 1200 4513 ne,
1240 4438 1307 4500 et
1334 4431 1542 4499 etiam
1573 4458 1608 4493 κ
1645 4429 1976 4521 loquebar
2003 4432 2074 4499 in
2114 4433 2529 4501 testimoniis
2559 4455 2584 4503 .·
2610 4460 2644 4497 n

1089 4542 1183 4618 in,
1214 4560 1342 4630 pro
1372 4536 1480 4618 de,
1542 4537 1612 4606 id
1660 4544 1789 4617 est,
1866 4537 1949 4606 de
2001 4540 2412 4609 testimoniis
2481 4541 2645 4622 tuis,

1087 4645 1341 4716 scilicet
1367 4644 1451 4713 de
1480 4644 1890 4715 testimoniis
1929 4646 2467 4740 scripturarum,
2504 4671 2647 4719 non

1086 4753 1169 4824 de
1195 4749 1466 4823 fabulis.
1501 4751 1668 4821 llaec
1706 4760 1864 4821 sunt
1894 4753 2316 4844 testimonia,
2349 4753 2437 4826 de
2496 4758 2650 4849 qui·

1087 4861 1213 4932 bus
1248 4881 1479 4954 supra,
1523 4861 1595 4929 in
1624 4858 1807 4927 l’sal.
1840 4883 2000 4947 xcu,
2050 4863 2092 4931 5
2125 4884 2145 4933 z
2230 4865 2645 4933 Testimonia

1086 4981 1209 5041 tua
1272 4966 1638 5040 credibilia
1686 4968 1881 5059 sacta
1932 4979 2098 5039 sunt
2139 4971 2379 5042 nimie.
2432 4970 2641 5043 Joan.

1086 5101 1226 5159 xxi,
1267 5077 1354 5145 24
1386 5098 1404 5146 ε
1438 5074 1714 5145 Scimus
1768 5074 1935 5166 quia
1991 5099 2228 5145 verum
2284 5087 2383 5147 est
2447 5081 2646 5147 testi-

1085 5186 1394 5256 monium
1420 5181 1601 5274 ejus.
1635 5178 1792 5262 Vel,
1824 5181 1896 5249 in
1933 5183 2368 5267 testimoniis,
2428 5192 2506 5253 ut
2535 5207 2649 5254 su·

1086 5304 1311 5366 matur
1334 5292 1634 5386 proprie,
1670 5287 1739 5358 id
1765 5297 1890 5372 est,
1924 5290 1992 5359 in
2022 5294 2396 5385 martyriis,
2428 5315 2645 5387 quau-

1085 5402 1172 5472 do
1223 5400 1439 5471 sancti
1481 5393 1985 5468 occidebantur.
2036 5399 2192 5473 Act.
2250 5423 2348 5486 ιν,
2407 5402 2521 5480 29,
2572 5401 2643 5470 in

1087 5508 1496 5583 testimoniis
1541 5504 2024 5600 loquebantur,
2085 5508 2202 5598 qui
2257 5509 2637 5603 rogabant:

1089 5623 1199 5692 Da
1224 5616 1438 5688 servis
1475 5614 1617 5684 tuis
1667 5636 1819 5683 cum
1857 5614 2049 5683 omni
2106 5615 2378 5705 fiducia
2447 5616 2647 5710 loqui

1086 5710 1362 5801 verbum
1415 5733 1640 5794 tuum.
1714 5722 1800 5793 Et.
1851 5721 2006 5805 hoc,
2060 5751 2099 5792 ιι
2141 5725 2213 5793 in
2281 5735 2641 5821 conspectu

4197 384 4325 447 265

2764 577 3028 645 requm,
3066 581 3099 617 ι)
3125 553 3560 631 terribilium,
3596 552 3775 619 unde
3809 550 4028 640 major
4059 558 4323 639 poterat

2763 684 2909 730 esse
2956 663 3185 729 timor.
3224 659 3468 728 Matth.
3503 682 3571 737 X,
3621 661 3701 726 ¹8
3748 683 3763 726 :
3814 663 3907 727 Et
3941 659 4037 724 ad
4072 659 4322 750 praesi-

2763 770 2879 836 cles
2900 779 2961 836 et
2991 770 3089 837 ad
3115 792 3303 858 reyes
3333 769 3709 851 ducemini,
3745 768 3816 832 in
3857 767 4317 833 testimonium

2762 877 2915 944 illis
2941 885 3004 942 et
3031 875 3374 965 qentibus.

2851 984 2937 1051 Et
2965 992 3268 1067 tamem«
3302 1007 3440 1051 non
3470 980 3968 1072 confundebar,
4010 1006 4043 1044 »
4078 979 4323 1048 confu-

2761 1093 2863 1159 sio
2905 1090 3162 1158 aberat.
3195 1090 3404 1158 Eceli.
3438 1113 3558 1167 vu,
3607 1091 3647 1157 6
3683 1109 3699 1158 t
3760 1091 3861 1159 Ne
3925 1089 4321 1156 extimescas

2757 1201 3011 1290 faciem
3024 1198 3586 1290 potenti-§.Talem
3605 1198 3882 1267 volebat
3904 1197 4157 1264 Paulus
4175 1217 4322 1265 esse

2759 1306 3225 1386 Timotheum,
3258 1330 3416 1376 cum
3448 1306 3739 1386 dicebat,
3786 1304 3847 1371 11
3890 1304 3976 1373 ad
4015 1302 4315 1370 Timoth.

2762 1439 2832 1495 ιι,
2864 1417 2944 1484 15
2971 1439 2986 1484 :
3014 1415 3334 1485 Sollicite
3361 1436 3529 1483 cura
3557 1416 3849 1505 teipsum
3880 1410 4318 1504 probabilem

2758 1522 3074 1592 exhibere
3089 1527 3261 1601 Deo,
3304 1523 3699 1614 operarium
3732 1517 4313 1609 inconfusibilem,

2756 1642 2932 1701 recte
2957 1642 3368 1701 tractantem
3407 1629 3690 1700 verbum
3725 1630 4031 1698 veritatis
4060 1652 4083 1695 .·
4106 1629 4276 1719 quia
4296 1679 4312 1707 ,

2759 1739 3089 1808 Proverb.
3141 1761 3332 1823 xxix,
3389 1740 3502 1824 25,
3562 1737 3808 1806 dicitur
3869 1759 3884 1804 ε
3939 1736 4076 1820 Qui
4127 1736 4318 1826 timet

2756 1849 3128 1927 hominem,
3177 1849 3311 1914 cito
3371 1854 3662 1914 corruet.
3724 1843 3855 1912 Isa.
3908 1866 3968 1920 1.,
4023 1844 4061 1910 7
4108 1864 4123 1908 :
4167 1846 4317 1910 Do-

2757 1958 2989 2024 minus
3025 1957 3214 2024 Deus
3270 1955 3664 2023 auxiliator
3710 1975 3922 2031 meus,
3966 1950 4116 2019 idco
4181 1973 4316 2017 non

2754 2085 2910 2130 sum
2938 2064 3292 2154 confusus.
3341 2060 3504 2130 Luc.
3540 2084 3633 2146 nx,
3668 2061 3754 2127 26
3790 2081 3807 2126 ε
3857 2059 3994 2144 Qui
4020 2079 4127 2125 me
4156 2079 4320 2125 eru-

2760 2169 3007 2250 buerit,
3078 2177 3140 2234 et
3186 2189 3370 2235 meos
3432 2188 3799 2249 sermoneS,
3876 2165 4058 2232 lmnc
4118 2163 4319 2251 filius

2756 2276 3056 2343 hominis
3112 2274 3451 2343 erubescet
3491 2296 3646 2342 cum
3699 2273 3951 2340 venerit
4027 2271 4097 2337 in
4164 2292 4321 2337 ma-

2746 2385 3008 2475 jestate
3051 2408 3205 2454 sua.

2852 2731 2886 2768 α
2927 2705 3024 2773 Et
3052 2700 3466 2772 meditabar.
3522 2728 3557 2766 n
3608 2701 3737 2769 IIic
3778 2698 4179 2779 secundum,
4242 2698 4312 2766 in

2758 2833 2896 2903 quo
2945 2811 3243 2880 ostendit
3296 2809 3367 2878 in
3425 2831 3499 2878 se
3563 2807 3989 2899 praecessisse
4058 2813 4309 2874 rectam

2756 2918 3321 3011 praeparationem
3352 2915 3439 2986 ad
3476 2913 3925 3007 loquendum,
3963 2915 4124 3005 quia
4148 2934 4316 3004 proe-

2755 3028 2958 3096 cessit
2984 3027 3317 3119 inspectio
3362 3046 3378 3092 :
3442 3023 3794 3093 locuturus
3857 3021 4041 3090 enim
4116 3018 4316 3088 debet

2756 3131 2980 3224 primo
3021 3130 3333 3202 meditari
3373 3129 3538 3224 quid
3574 3126 3917 3222 loquatur.
3970 3125 4055 3196 Et
4109 3125 4314 3196 etiam

2754 3241 3105 3331 praecessit
3171 3239 3483 3330 operatio
3553 3257 3571 3305 ε
3640 3258 3781 3305 ιιοιι
3864 3235 4048 3303 enim
4125 3230 4320 3301 decet

2752 3345 3108 3417 hominem
3181 3346 3426 3416 docere
3484 3343 3671 3438 quod
3736 3365 3878 3413 non
3941 3343 4121 3420 tacit,
4192 3340 4311 3419 ibi,

2750 3462 2816 3534 ᾖ.
2850 3456 2937 3525 49
2981 3478 2998 3526 :
3034 3481 3069 3522 ι
3094 3457 3189 3526 Et
3229 3454 3474 3525 levavi.
3521 3477 3556 3521 s

2843 3564 2961 3633 Ait
2999 3586 3164 3656 ergo
3201 3584 3219 3633 ε
3258 3562 3373 3631 Sic
3412 3560 3770 3654 loquebar,
3839 3582 3965 3629 nec
4018 3558 4313 3628 contun-

2755 3672 2990 3757 debar,
3025 3697 3060 3739 ι
3084 3681 3150 3741 et
3177 3668 3571 3740 meditabar
3597 3670 3668 3738 in
3700 3668 4051 3739 mandatis
4079 3668 4243 3745 tuis,
4275 3689 4310 3733 s

2755 3802 2896 3851 non
2935 3802 3024 3848 ex
3078 3777 3581 3873 desperatione,
3643 3783 3720 3845 ut
3765 3798 3905 3845 non
3968 3773 4314 3844 crederem

2754 3897 2820 3959 te
2849 3888 3011 3958 dare
3036 3911 3241 3981 posse
3270 3886 3457 3981 quod
3493 3886 3816 3971 dicerem,
3890 3908 4048 3955 cum
4102 3883 4312 3963 dicas,

2754 3997 2998 4067 Matth.
3031 4021 3101 4078 x,
3144 3998 3223 4069 19
3258 4019 3276 4066 ε
3319 3999 3512 4066 Dum
3546 3996 3870 4064 steteritis
3915 4004 4074 4063 ante
4127 4015 4315 4085 reqes

2755 4116 2821 4176 et
2859 4104 3215 4200 presides,
3295 4104 3514 4173 nolite
3564 4104 3894 4195 coqitare,
3960 4109 4089 4171 etc.
4179 4096 4317 4168 sed

2759 4244 2793 4280 a
2835 4237 3012 4308 quse,
3048 4239 3085 4280 n
3118 4212 3189 4282 id
3215 4220 3345 4294 est,
3386 4211 3550 4305 quia
3611 4235 3646 4277 ι
3721 4210 3945 4279 dilexi
4006 4207 4237 4277 nimis.
4275 4231 4311 4270 n

2757 4323 2862 4396 Ob
2892 4322 3025 4394 boc
3052 4324 3282 4415 justus
3309 4321 3704 4391 meditatur.
3750 4318 3828 4388 In
3859 4317 4041 4389 Psal.
4073 4337 4312 4399 xxxvi,

2757 4435 2871 4520 30,
2912 4453 3165 4525 supra:
3212 4432 3305 4501 Os
3320 4429 3515 4522 justi
3561 4427 4010 4499 meditabitur
4036 4427 4319 4520 sapien-

2756 4543 2955 4612 tiam.
2990 4541 3269 4612 Deuter.
3304 4560 3403 4621 vi,
3435 4538 3476 4608 7
3509 4560 3528 4606 ε
3570 4536 4020 4608 Meditaberis
4060 4537 4131 4604 in
4187 4536 4311 4619 eis,

2752 4649 2991 4721 sedens
3033 4648 3108 4717 in
3163 4647 3369 4717 domo
3434 4656 3584 4718 tua.
3658 4643 3737 4714 In
3785 4644 4061 4714 Psalmo
4116 4664 4165 4724 ι,
4213 4645 4307 4712 2:

2754 4759 2838 4830 In
2880 4757 3028 4849 leqe
3067 4755 3225 4849 ejus
3279 4752 3735 4825 meditabitur
3773 4752 3886 4821 die
3940 4775 4021 4821 ac
4093 4759 4308 4821 nocte.

2754 4866 2963 4938 Eccli.
3006 4888 3102 4946 vt,
3145 4865 3229 4936 37
3276 4886 3293 4933 ε
3331 4864 3731 4956 Coqitatum
3761 4871 3961 4930 tuum
4007 4856 4185 4928 habe
4240 4858 4309 4926 in

2747 4974 3105 5072 praeoeptis
3129 4974 3290 5044 Dei.

2846 5318 2881 5360 ι
2914 5294 3009 5363 Et
3053 5291 3276 5362 levavi
3320 5313 3594 5363 manus.
3650 5316 3684 5359 ι
3736 5288 3867 5358 llic
3896 5288 4191 5360 ostendit
4234 5313 4307 5359 se

2751 5411 3207 5497 preparatum
3233 5426 3358 5496 per
3385 5400 3855 5494 operationem
3886 5422 3903 5469 ε
3937 5408 4009 5470 et
4066 5399 4307 5470 dicun-

2753 5519 2867 5581 tur
2908 5509 3072 5580 duo.
3126 5507 3392 5596 Primo,
3444 5507 3631 5601 quod
3684 5514 3869 5578 recta
3928 5508 4306 5579 intentione

2753 5626 3073 5711 operatus
3127 5624 3254 5687 est.
3323 5615 3669 5699 Secundo,
3755 5615 3943 5710 quod
3995 5617 4067 5685 in
4116 5614 4302 5685 bono

2752 5748 2957 5821 opere
2984 5726 3419 5807 exercitatus,
3453 5722 3576 5809 ibi,
3611 5750 3646 5792 ι
3676 5728 3773 5795 Et
3799 5722 4183 5794 exercebar.
4216 5750 4250 5793 ι

4438 2748 4561 2816 ⁴2

4422 5329 4549 5395 48
