5008 6329
630 348 668 412 2
1580 339 1659 404 l).
1719 338 1915 404 ΑΕΒ.
1975 337 2186 403 MAG.
2244 337 2448 405 ont).
2507 340 2798 407 PRAED.

645 536 749 605 14.
802 517 915 586 Tu
969 536 1356 607 exsurgens
1443 510 1903 582 misereberis
1972 509 2174 584 Sion.

899 622 1067 715 quia
1148 640 1435 711 tempus
1513 618 1902 687 miserendi
1995 620 2175 709 ejus,

904 729 1072 822 quia
1110 729 1303 797 venit
1336 746 1624 817 tempus
1659 747 1675 792 z

639 845 745 911 15.
798 838 1169 929 Quoniam
1246 836 1672 926 placuerunt
1730 834 1959 903 servis
2030 834 2175 903 tuis

899 944 1173 1036 lapides
1206 940 1386 1028 ejus,
1449 960 1517 1009 et
1567 956 1777 1010 terrae
1820 941 1978 1031 ejus
2037 939 2177 1010 mi-

895 1050 1345 1119 serebuntur.

643 1162 749 1230 16.
806 1158 899 1228 Et
931 1156 1285 1227 timebunt
1317 1172 1563 1247 gentes
1624 1176 1887 1223 nomen
1933 1170 2169 1232 tuum,

896 1264 1230 1348 Domine,
1293 1283 1361 1333 et
1407 1285 1660 1333 omnes
1723 1285 1925 1355 reges
1966 1278 2172 1331 terrae

888 1371 1190 1466 gloriam
1225 1389 1423 1440 tuam
1469 1394 1483 1437 :

635 1506 741 1573 17·
786 1480 978 1570 Quia
1009 1477 1382 1547 aedificavit
1419 1476 1777 1546 Dominus
1812 1474 2020 1554 Sion,
2101 1493 2169 1544 et

889 1583 1250 1654 videbitur
1287 1582 1357 1652 in
1393 1584 1620 1676 gloria
1652 1604 1806 1649 sua.

634 1697 738 1766 18.
781 1692 1121 1784 Respexit
1156 1692 1226 1762 in
1295 1692 1700 1761 orationem
1745 1689 2164 1767 humilium,

888 1819 957 1868 et
1025 1819 1167 1867 non
1218 1797 1489 1889 sprevit
1546 1817 1832 1889 precem
1883 1818 2162 1865 eorum.

630 1931 738 2001 ¹9·
785 1904 1208 1980 Scribantur
1247 1906 1396 1974 haec
1438 1904 1509 1973 in
1558 1903 2023 1997 generatione
2063 1903 2164 1972 al-

886 2031 1058 2096 tera,
1135 2028 1204 2080 et
1263 2011 1576 2103 populus
1608 2007 1733 2101 qui
1805 2008 2166 2079 creabitur

892 2116 1214 2189 laudabit
1247 2117 1673 2188 Dominum.

628 2250 744 2300 20.
799 2226 992 2318 Quia
1051 2224 1413 2318 prospexit
1460 2225 1548 2295 de
1588 2226 1868 2296 excelso
1918 2243 2168 2295 sancto

889 2355 1048 2419 suo,
1130 2332 1488 2402 Dominus
1530 2333 1617 2402 de
1659 2333 1844 2403 coelo
1897 2331 1967 2403 in
2020 2351 2170 2404 ter-

887 2464 1038 2513 ram
1074 2440 1401 2533 adspexit
1433 2462 1449 2509 ε

626 2573 739 2622 at.
797 2553 899 2625 Ut
968 2551 1251 2620 audiret
1335 2549 1650 2640 gemitus
1717 2550 2168 2642 compedito·

882 2679 1069 2736 rum,
1130 2674 1208 2726 ut
1241 2656 1549 2726 solveret
1583 2650 1771 2727 filio‘s'
1805 2657 2170 2728 imterem-

879 2784 1170 2858 ptorum
1217 2787 1232 2831 ε

617 2896 730 2945 22.
786 2874 888 2946 Ut
967 2872 1397 2943 annuntient
1468 2871 1538 2941 in
1630 2871 1807 2943 Sion
1901 2894 2163 2943 nomen

1011 3415 1106 3483 lx
1156 3414 1325 3484 PSA
1337 3415 1455 3484 LM
1469 3417 1593 3486 PM
1644 3417 1725 3487 cl

1115 3650 1299 3697 COXM
1308 3651 1622 3698 usuales
1633 3682 1648 3697 .

614 3976 649 4013 α
693 3948 934 4021 Oratio
964 3954 1323 4045 pauperis.
1356 3974 1511 4021 eum
1535 3956 1789 4022 arez-ius
1810 3957 2058 4046 sue-rit,
2091 3966 2155 4023 e!

700 4057 769 4125 t‘n
797 4069 1153 4152 conspectu
1201 4060 1487 4130 Domini
1532 4061 1855 4152 effuderi!
1883 4086 2151 4156 precem

699 4183 900 4232 suam
924 4165 971 4231 ⁸.
1030 4189 1066 4230 ι

696 4513 731 4555 ι
780 4487 1096 4574 Domine,
1154 4487 1417 4557 exaudi
1467 4490 1872 4559 orationem.
1938 4515 1974 4553 ιι
2028 4489 2155 4558 llic

601 4603 705 4666 est
768 4594 1081 4665 Psalmus
1153 4596 1223 4664 in
1298 4603 1445 4665 toto
1500 4595 1677 4665 libro
1743 4597 2156 4666 centesimus

597 4700 888 4796 primus,
919 4710 985 4772 et
1023 4703 1284 4797 primus
1311 4703 1382 4771 in
1413 4703 1610 4772 tertia
1640 4713 1830 4796 parte
1859 4700 2042 4773 libri.

676 4966 695 5004 ¹
718 4963 831 5024 Des
858 4964 952 5034 ἣ.
984 4966 1073 5031 ss.
1114 4967 1202 5034 ¹5,
1232 4967 1323 5028 2¹.
1342 4963 1386 5021 il
1413 4968 1642 5021 resson-l.
1667 4963 2033 5033 claircmenl.
2064 4966 2153 5025 dit

601 5055 680 5115 u.
706 5052 900 5111 l'abbe
932 5053 1191 5121 Lesetre.
1220 5053 1356 5129 qu'a
1394 5053 1668 5129 l'epoque
1700 5057 1774 5111 οὐ
1815 5053 1873 5112 le
1903 5074 2150 5129 psaume

597 5141 693 5200 fut
720 5142 1019 5218 compuse,
1051 5140 1106 5198 le
1137 5139 1353 5216 peuple
1384 5141 1529 5197 &tait
1553 5157 1629 5198 en
1655 5141 1934 5216 eaptivite
1966 5150 2024 5200 et
2055 5146 2146 5202 Je-

597 5230 862 5291 rusalem
894 5230 1103 5288 ruinee
1132 5229 1207 5288 de
1236 5229 1380 5288 fond
1433 5247 1510 5288 en
1557 5230 1817 5295 comble.
1849 5232 2003 5290 mais
2031 5252 2146 5309 que

596 5322 881 5380 touternis
909 5322 1136 5381 l'beure
1165 5321 1240 5380 de
1268 5321 1327 5380 la
1354 5322 1694 5381 delivrance
1724 5324 1870 5381 etait
1903 5327 2145 5398 proebe.

595 5414 756 5472 Nous
801 5430 983 5472 avons
1035 5414 1092 5472 la
1141 5430 1260 5472 une
1315 5415 1516 5491 priere
1571 5415 1724 5474 dans
1771 5416 2037 5491 laquelle
2091 5419 2146 5477 le

589 5501 912 5562 Psalmiste
949 5502 1193 5578 deplere
1223 5502 1278 5561 la
1310 5503 1601 5577 protende
1633 5505 1852 5562 misere
1881 5511 1959 5563 ou
1990 5508 2033 5566 il
2056 5516 2147 5567 est

590 5589 830 5666 plunge,
890 5596 951 5647 et
1003 5590 1238 5665 supplic
1274 5591 1492 5648 lebova
1538 5592 1613 5648 de
1659 5608 1721 5648 se
1767 5596 2047 5653 som-onir
2071 5596 2145 5655 de

589 5683 753 5752 Sion,
782 5672 939 5757 ⁸pout·
968 5681 1050 5740 lui
1081 5680 1302 5740 rendre
1333 5698 1429 5740 ses
1458 5681 1760 5740 babitants
1792 5691 1850 5742 et
1898 5705 2007 5746 son
2034 5707 2142 5748 an-

2561 512 2877 593 Domini,
2957 529 3025 583 et
3067 511 3355 582 laudem
3406 508 3558 598 ejus
3612 508 3681 575 in
3723 511 3838 579 Je-

2559 621 2898 702 rusalem‚

2292 727 2404 794 23.
2456 727 2535 793 In
2578 725 3076 794 conveniendo
3118 725 3427 817 populos
3466 721 3536 793 in
3579 742 3832 796 unum,

2558 850 2626 902 et
2659 855 2862 925 reges
2902 851 2981 900 ut
3003 832 3317 900 serviant
3363 830 3700 900 Domin0.

2290 963 2405 1030 24.
2453 943 2861 1035 Respondit
2910 943 2972 1013 ei
3036 942 3106 1012 in
3149 940 3265 1010 via
3313 941 3599 1012 virtutis
3631 959 3831 1009 suae:

2557 1049 3005 1121 Paucitatem
3117 1047 3404 1119 dierum
3506 1069 3835 1117 meorum

2559 1159 2817 1230 nuntia
2846 1159 3057 1229 mihi.

2287 1270 2403 1337 25.
2462 1267 2574 1335 Ne
2618 1289 2908 1337 revoces
2946 1288 3061 1336 me
3095 1266 3169 1336 in
3203 1263 3509 1335 dimidio
3551 1264 3834 1333 dierum

2548 1395 2881 1444 meorum
2936 1399 2951 1441 :
3014 1373 3086 1444 in
3157 1370 3696 1465 generationem
3765 1387 3833 1438 et

2549 1480 3094 1573 generationem
3137 1477 3307 1547 anni
3344 1478 3476 1547 tui.

2282 1590 2395 1658 26.
2452 1588 2666 1657 Initio
2721 1606 2826 1668 tu,
2873 1588 3212 1667 Domine,
3271 1604 3532 1656 terram
3580 1585 3836 1653 funda-

2543 1694 2685 1764 sti:
2723 1713 2791 1765 et
2845 1717 3062 1785 opera
3136 1714 3490 1763 manuum
3547 1710 3836 1761 tuarum

2547 1820 2718 1871 sunt
2752 1802 2943 1873 coeli.

2281 1934 2394 2002 27.
2453 1912 2598 2004 Ipsi
2661 1911 3029 2004 peribunt,
3092 1929 3168 1981 tu
3224 1929 3468 1981 autem
3547 1931 3834 2003 perma-

2555 2042 2682 2088 nes
2720 2041 2735 2088 :
2770 2037 2841 2088 et
2880 2041 3135 2090 omnes
3189 2017 3374 2088 sicut
3433 2016 3831 2088 vestimen-

2550 2144 2707 2196 tum
2748 2143 3215 2197 veterascent.

2462 2234 2555 2304 Et
2587 2233 2770 2304 sicut
2820 2233 3270 2327 opertorium
3327 2232 3645 2303 mutabis
3677 2257 3824 2310 eos,

2547 2360 2614 2411 et
2646 2342 3127 2412 mutabuntur
3164 2365 3179 2411 ε

2284 2452 2397 2520 28.
2450 2451 2564 2520 Tu
2634 2468 2877 2520 autem
2937 2449 3131 2521 idem
3193 2450 3345 2542 ipse
3395 2473 3496 2529 es,
3542 2468 3608 2519 et
3659 2450 3826 2520 anni

2553 2559 2654 2627 tui
2701 2581 2843 2628 non
2886 2559 3244 2629 deficient.

2282 2690 2397 2762 29.
2446 2669 2607 2739 Filii
2633 2690 3010 2740 servorum
3034 2688 3328 2740 tuorum
3357 2668 3780 2739 habitabunt
3809 2693 3822 2736 :

2545 2793 2614 2844 et
2679 2797 2924 2846 semen
2997 2798 3250 2847 eorum
3328 2776 3400 2846 in
3479 2776 3824 2846 saeculum

2549 2882 2927 2977 dirigetur.

2367 3305 2540 3375 Cum
2584 3307 2794 3384 enim,
2836 3305 3014 3374 sicut
3042 3306 3110 3374 in
3151 3306 3487 3398 principio
3534 3305 3686 3374 libri
3726 3306 3822 3374 di·

2272 3419 2455 3480 ctum
2522 3413 2671 3490 suit,
2706 3414 2929 3505 prima
3007 3414 3490 3505 quinquagena
3547 3415 3817 3505 proprie

2274 3520 2580 3611 respic-inl
2616 3520 2699 3588 ad
2731 3527 2984 3587 statum
3018 3522 3518 3611 incipientium,
3569 3544 3818 3589 secun-

2268 3625 2352 3695 da
2382 3650 2546 3695 vero
2572 3626 2655 3695 ad
2683 3636 2933 3695 statum
2968 3628 3492 3719 proficientium,
3528 3637 3593 3695 et
3622 3629 3817 3696 tertia

2265 3733 2351 3803 ad
2380 3744 2632 3802 statum
2663 3734 3145 3826 perfectorum,
3170 3743 3388 3803 slatus
3414 3743 3643 3804 aulem
3674 3758 3819 3826 per·

2263 3840 2593 3910 sectorum
2635 3843 2720 3908 sit
2758 3841 2828 3910 in
2875 3839 3458 3932 contemplatione
3504 3850 3573 3910 et
3635 3840 3819 3909 desi-

2263 3947 2452 4017 derio
2525 3958 2941 4018 aeternorum
3005 3949 3418 4040 contemptis
3494 3950 3815 4019 omnibus

2263 4055 2755 4151 temporalibus
2783 4055 2983 4127 rebus
3020 4065 3088 4126 et
3118 4054 3512 4140 mobilibus,
3543 4056 3656 4127 hic
3683 4080 3815 4126 au-

2266 4174 2403 4235 tem
2443 4173 2657 4234 slatus
2723 4164 3004 4256 incipiat
3068 4164 3155 4234 ab
3212 4166 3520 4234 oratione
3559 4173 3625 4234 et
3652 4189 3813 4258 pau·

2265 4282 2550 4367 perlate.
2584 4272 2922 4356 oratione,
2963 4273 3275 4366 inquam,
3318 4295 3441 4365 pro
3492 4275 3810 4367 praesenti

2265 4382 2539 4451 miseria
2594 4379 2988 4460 auferenda.
3035 4380 3148 4451 vel
3204 4380 3444 4450 saltem
3521 4385 3813 4474 compri-

2264 4486 2538 4572 menda,
2570 4488 2827 4580 optime
2882 4484 2997 4557 liic
3035 4486 3352 4557 Psalmus
3390 4488 3653 4581 primus
3710 4496 3813 4557 est

2260 4599 2332 4667 in
2369 4596 2497 4667 hac
2530 4597 2725 4666 tertia
2765 4595 3280 4690 quinquagena.

2260 4971 2424 5046 tique
2454 4968 2802 5045 splendeur.
2831 4970 3032 5038 Quaut
3050 4968 3088 5027 a
3111 4968 3242 5027 dire
3270 4970 3412 5044 quel
3463 4976 3555 5028 est
3582 4970 3640 5029 le
3669 4987 3811 5030 nom

2257 5059 2333 5119 de
2369 5076 2437 5118 ce
2468 5061 2800 5135 psalmiste,
2859 5076 3059 5118 aucun
3109 5059 3438 5119 document
3466 5077 3541 5118 ne
3572 5077 3726 5119 nous
3753 5062 3810 5122 le

2256 5158 2504 5228 pet-met.
2540 5152 2733 5210 Est-ce
2758 5150 3038 5223 Jeremie,
3067 5150 3217 5209 dont
3245 5151 3334 5210 les
3365 5150 3810 5213 lamentatione

2255 5247 2363 5299 ont
2390 5240 2682 5316 quelques
2706 5241 2878 5299 traits
2905 5257 3222 5299 commune
3248 5256 3389 5298 avec
3419 5239 3476 5299 le
3503 5258 3753 5316 psaume
3778 5244 3810 5301 ‘l

2255 5332 2448 5390 Est-ce
2494 5347 2729 5389 comme
2772 5331 2930 5389 croit
2978 5331 3271 5396 Johnson.
3321 5330 3531 5389 Daniel
3576 5330 3724 5390 dont
3750 5332 3807 5391 le

2254 5420 2523 5494 chapitre
2552 5438 2609 5479 tx
2648 5436 2684 5478 a
2728 5421 2892 5479 aussi
2920 5420 3185 5493 quelque
3216 5420 3505 5479 lointaine
3536 5438 3804 5479 rossem·

2253 5506 2466 5567 blance
2492 5524 2636 5567 avec
2663 5514 2818 5566 cette
2852 5507 3051 5580 priere
3078 5508 3108 5564 t
3144 5508 3257 5567 Ναὶ
3301 5524 3379 5567 ne
3416 5515 3561 5583 peut
3588 5508 3644 5567 le
3674 5508 3806 5568 dire

2252 5614 2391 5656 arec
2411 5597 2671 5672 quelque
2699 5595 3020 5654 certitude.
3073 5599 3156 5655 En
3189 5602 3325 5656 tous
3351 5613 3453 5655 cas
3483 5597 3570 5654 les
3598 5597 3803 5656 levites

2253 5686 2532 5763 capables
2575 5686 2649 5744 de
2679 5702 2995 5760 composer
3031 5686 3137 5746 des
3168 5703 3470 5761 meumes,
3499 5687 3536 5745 ὲ
3564 5686 3804 5745 1’ἰωίιει-

3852 3318 4013 3367 rent·
4035 3321 4169 3372 omln-

3847 3385 4066 3430 quagena
4103 3376 4169 3421 ed

3889 3428 4129 3484 perfeeto·

3899 3489 4113 3539 ροηεοοῑ.
