5008 6329
2433 240 2852 312 PSALMUS
2902 241 3140 313 CXIV.

1290 436 1323 477 α
1381 415 1503 480 Ea:
1532 412 1661 479 lzoc
1700 436 1905 495 nunc,
1933 441 1967 479 υ
2011 418 2081 484 in
2112 437 2248 507 quo
2288 414 2648 484 laudamus
2679 414 2747 480 in

1195 522 1543 609 praesenti,
1582 546 1616 586 α
1660 530 1725 588 et
1764 545 1977 614 usque
2010 525 2080 591 in
2117 523 2448 592 soeculum
2478 549 2509 584 n
2560 521 2747 587 futu-

1199 649 1381 696 rum.
1405 627 1540 696 lsa.
1573 651 1861 709 xxxvm,
1897 634 1982 698 20
2037 654 2051 697 :
2123 629 2445 698 Psalmos
2482 636 2744 694 nostros

1191 734 1628 804 cantabimus
1657 739 1918 806 cunctis
1938 738 2175 804 diebus
2212 738 2365 802 vitae
2394 742 2638 800 nostrae
2673 735 2742 800 in

1198 839 1401 907 domo
1439 843 1732 910 Domini
1760 865 1784 909 .·
1827 852 1894 910 et
1925 843 1994 908 in
2034 840 2353 931 praesenti
2411 837 2737 917 Ecclesia,

1194 957 1262 1016 et
1292 950 1506 1018 etiam
1538 950 1610 1018 in
1640 951 1921 1018 coelesti.
1953 947 2121 1015 Tob.
2157 968 2302 1032 xm,
2350 946 2430 1015 10
2476 969 2492 1015 :
2535 948 2742 1014 Bene-

1190 1057 1396 1124 dicite
1432 1057 1762 1135 Domina,
1797 1077 2026 1122 omnes
2062 1055 2257 1122 electi
2293 1053 2447 1144 ejus
2476 1078 2500 1121 .·
2557 1056 2741 1146 aqite

1192 1162 1336 1231 dies
1426 1162 1711 1241 laetitiae,
1788 1170 1854 1228 et
1936 1161 2354 1250 confitemini
2417 1161 2554 1228 illi.
2625 1162 2733 1242 Et,

1184 1292 1327 1350 xlv,
1374 1270 1451 1335 11
1493 1291 1509 1336 ε
1554 1265 1891 1335 Mandata
1925 1267 2103 1356 filiis
2141 1269 2401 1353 vestris,
2471 1276 2550 1335 ut
2600 1269 2738 1335 sint

4286 251 4414 319 207

2855 437 3179 483 memores
3208 420 3364 499 Dei,
3410 431 3476 488 et
3506 420 3905 490 benedicant
3950 443 4108 489 eum
4148 424 4221 488 in
4260 445 4414 490 om-

2853 523 2927 587 ni
2969 531 3289 613 tempore.
3361 526 3492 594 Hic
3557 528 3932 620 semiplene
3997 529 4415 598 benedicunt

2850 627 3069 695 Deum
3110 631 3306 719 justi,
3363 632 3484 701 sed
3548 633 3643 702 ihi
3710 637 4037 718 totaliter,
4085 637 4403 728 et'plene.

2851 733 2981 802 lsa.
3025 759 3113 820 m,
3154 740 3225 805 11
3280 762 3295 807 :
3344 741 3616 808 Venient
3663 744 3732 810 in
3791 744 3964 811 Sion
4007 745 4400 825 laudantem,

2849 856 2912 912 et
2950 847 3193 915 laelitia
3255 852 3672 942 sempiterna
3725 875 3932 944 super
3997 857 4233 945 capita
4291 879 4410 922 eo-

2848 973 3001 1018 rum
3032 974 3055 1019 .·
3085 962 3160 1019 ut
3192 957 3322 1022 toti
3355 956 3937 1046 superfundantur
3960 958 4199 1027 laetitia
4229 982 4408 1027 sem-

2846 1058 3136 1147 piterna,
3202 1061 3285 1128 ad
3316 1083 3524 1151 quam
3562 1086 3692 1132 nos
3731 1064 4087 1155 perducat,
4132 1067 4250 1157 qui
4305 1075 4409 1135 ost

2845 1163 3240 1234 benedictus
3290 1191 3413 1259 per
3484 1172 3721 1240 omnia
3786 1172 4037 1241 saecula
4111 1174 4405 1243 saeculo-

2848 1295 3026 1340 rum.
3061 1273 3310 1345 Amen.

2404 1771 2866 1847 PSALMUS
2926 1774 3182 1848 CXIV.

1899 2113 2335 2184 Gratiarum
2362 2114 2557 2186 actio
2581 2137 2727 2209 pro
2758 2114 3177 2190 liberatione
3214 2143 3258 2190 a
3285 2123 3668 2216 periculis.

1773 2448 2120 2520 Alleluia.

1229 2697 1287 2743 ι.
1343 2671 1602 2752 Dilexi,
1655 2670 2005 2764 quoniam
2055 2673 2387 2744 exaudiet
2474 2673 2723 2746 Domi-

1442 2801 1582 2849 nus
1630 2799 1886 2849 vocem
1914 2777 2270 2851 orationis
2307 2799 2512 2850 meae.

1218 2908 1286 2958 2.
1338 2886 1535 2979 Quia
1565 2886 1941 2958 inclinavit
1969 2909 2222 2958 aurem
2259 2909 2468 2959 suam
2506 2887 2717 2976 mihi,

1440 3012 1511 3066 et
1551 2994 1628 3065 in
1659 2994 1919 3066 diebus
1948 2995 2132 3065 meis
2162 2995 2536 3067 invocabo.

1215 3103 1282 3176 3.
1335 3101 2002 3176 Circumdederunt
2052 3125 2168 3176 me
2205 3103 2497 3178 dolores
2530 3126 2722 3177 mor·

1430 3210 1524 3283 tis
1566 3233 1584 3280 τ
1636 3228 1708 3283 et
1755 3210 2074 3304 pericula
2104 3211 2364 3284 inferni
2435 3213 2720 3287 invene·

1439 3336 1615 3392 runt
1635 3339 1780 3390 me.

1334 3426 1924 3499 Tribulationem
1962 3444 2034 3499 et
2062 3427 2385 3500 dolorem
2435 3428 2710 3514 inveni,

1198 3554 1272 3623 4.
1328 3532 1425 3604 Et
1456 3553 1725 3603 nomen
1770 3531 2065 3604 Domini
2107 3532 2429 3606 invocavi
2466 3558 2483 3603 ε

1334 3638 1407 3712 O
1452 3638 1793 3727 Domine,
1829 3638 2056 3713 libera
2083 3642 2402 3714 animam
2438 3664 2703 3716 meam.

1493 4091 1590 4162 IN
1639 4093 1942 4165 PSALM
1954 4097 2080 4167 [m
2130 4098 2348 4170 CXIV

1649 4330 2153 4380 counimumus
2173 4363 2192 4382 .

1674 4650 1709 4692 c
1750 4626 2067 4697 Alleluia
2088 4630 2134 4699 ¹.
2169 4658 2206 4697 n

1228 4966 1263 5008 ι
1304 4941 1577 5025 Dileoei,
1635 4946 1969 5037 quoniam
2031 4950 2378 5023 exaudiet.
2450 4977 2485 5020 ι
2565 4952 2691 5025 Ilio

1138 5056 1241 5118 est
1268 5048 1591 5121 psalmus
1648 5054 2063 5123 centesimus
2117 5056 2419 5128 decimus
2480 5084 2692 5156 quar-

1211 5298 1231 5335 ¹
1256 5296 1365 5354 Les
1391 5314 1677 5372 psaumes
1690 5300 1865 5358 cxlv
1883 5307 1945 5360 et
1961 5301 2100 5360 CXV
2127 5304 2203 5362 de
2224 5305 2543 5383 uvalgate
2568 5309 2689 5369 sor-

1135 5392 1308 5445 ment
1331 5386 1390 5445 le
1410 5405 1663 5463 psaume
1683 5390 1850 5450 cxvl
1874 5409 1950 5451 en
1972 5394 2216 5454 hebr-eu.
2241 5399 2396 5457 ‘rous
2415 5398 2504 5458 les
2531 5400 2685 5462 deux

1133 5481 1274 5535 sont
1299 5475 1407 5535 de·
1437 5478 1656 5537 ebants
1683 5479 1975 5541 d'nctions
2021 5482 2096 5542 de
2125 5486 2330 5561 graces
2379 5488 2418 5546 ὲ
2444 5488 2504 5548 ln
2531 5493 2686 5551 suite

1133 5565 1278 5624 d'un
1307 5566 1501 5641 grand
1542 5567 1773 5645 danger
1796 5588 1983 5632 oouru
2023 5591 2135 5649 par
2159 5575 2216 5633 le
2265 5576 2596 5655 psalmista,
2626 5591 2687 5643 et

2881 2463 2946 2529 5.
2996 2460 3410 2533 Misericors
3470 2464 3833 2538 Dominus
3877 2486 3948 2540 et
3994 2466 4253 2560 justus,
4316 2494 4386 2547 et

3098 2570 3293 2641 Deus
3325 2590 3572 2644 noster
3599 2575 4011 2651 miseretur.

2877 2677 2944 2745 ὁ.
2998 2673 3442 2749 Custodiens
3517 2683 3859 2773 parvulos
3929 2687 4292 2762 Dominus
4365 2715 4383 2764 τ

3105 2783 3533 2858 humiliatus
3563 2811 3754 2871 sum,
3781 2808 3852 2862 et
3883 2791 4217 2869 liberavit
4236 2820 4381 2871 me.

2877 2915 2943 2983 7.
2994 2888 3463 2981 Convertere,
3531 2893 3779 2968 anima
3842 2921 4032 2984 mea,
4106 2903 4181 2974 in
4268 2929 4386 2978 re-

3090 2999 3339 3093 quiem
3363 3019 3590 3090 tuam,
3624 3005 3797 3098 quia
3857 3009 4221 3084 Dominus
4254 3014 4386 3085 be-

3093 3109 3357 3183 nefecit
3396 3111 3529 3184 tibi
3567 3136 3585 3184 ε

2872 3218 2942 3287 8.
2995 3216 3187 3308 Quia
3253 3218 3523 3313 eripuit
3577 3221 3901 3298 animam
3972 3250 4213 3302 meam
4290 3234 4381 3305 de

3089 3344 3354 3415 morte,
3385 3329 3638 3400 oculos
3667 3352 3875 3403 meos
3923 3356 3965 3405 a
4011 3336 4377 3431 iacrymis,

3086 3434 3308 3527 pedes
3342 3457 3548 3508 meos
3585 3459 3627 3508 a
3678 3439 3913 3532 lapsu.

2863 3567 2934 3634 9.
2987 3542 3299 3614 Placebo
3353 3545 3671 3618 Domino
3727 3545 3802 3620 in
3836 3550 4131 3644 regione
4173 3556 4376 3630 vivo-

3086 3671 3277 3725 rum.

2810 4009 2946 4085 tus,
2983 4004 3052 4072 in
3082 4027 3221 4096 quo
3249 4016 3622 4102 postquam
3649 4012 3795 4104 egit
3821 4012 3907 4082 do
3961 4016 4366 4086 conversio-
4393 4036 4717 4141 aeliza-“nn-

2809 4135 2895 4181 no
2925 4112 3300 4185 Gentilium
3355 4118 3429 4187 in
3483 4117 3749 4211 psalmo
3803 4124 4183 4194 contesimo
4248 4125 4586 4196 ‹le-um·-
4627 4150 4714 4197 υιι

2807 4221 3011 4304 eimo,
3061 4231 3130 4292 et
3184 4222 3270 4295 de
3336 4226 3786 4300 conversione
3847 4229 4255 4303 Judaeorum
4285 4235 4357 4305 in
4387 4205 4715 4303 m

2804 4431 3002 4504 laudo
3056 4434 3184 4506 Dei
3248 4461 3378 4530 pro
3433 4441 3692 4513 unione
3747 4467 4245 4519 conversorum
4282 4452 4355 4521 in

2805 4563 2943 4610 uno
2997 4564 3231 4635 grego,
3290 4544 3379 4615 nd
3449 4569 3657 4639 quom
3732 4573 3939 4622 ovem
4016 4556 4355 4647 perditam

2802 4650 3095 4741 propriis
3150 4649 3461 4723 humeris
3520 4655 3679 4748 pius
3732 4667 3970 4750 pastor
4043 4672 4356 4754 reporta-

2800 4754 2901 4822 vit
2925 4750 3008 4826 ἐ
3067 4757 3137 4824 in
3213 4780 3355 4835 unu
3446 4759 3656 4833 domo
3741 4765 3945 4836 unius
4034 4770 4358 4861 patrisfa-

2800 4861 3047 4946 milias,
3117 4864 3204 4935 nd
3269 4890 3480 4960 quam
3529 4869 3755 4942 filium
3807 4874 4179 4970 prodigum
4243 4904 4356 4951 re-

2798 4967 2992 5040 duxit
3018 4971 3511 5067 benignissime
3559 5029 3578 5048 .
3623 4979 3766 5051 Sed
3792 4982 3958 5074 quin
3992 4986 4161 5056 unio
4191 4986 4355 5060 {ide-

2796 5073 2966 5146 lium
3023 5080 3096 5148 in
3154 5080 3463 5153 Ecclesia
3526 5094 3632 5155 est
3718 5109 3847 5180 por
3915 5088 4347 5177 charitatem.

2794 5327 3042 5402 conjure
3070 5344 3181 5403 par
3207 5329 3268 5388 ln
3313 5332 3634 5407 puissunoe
3671 5337 3913 5410 divine:
3966 5343 4044 5402 ils
4090 5357 4352 5421 penvent

2793 5413 2948 5475 donc
2976 5418 3101 5477 etro
3148 5419 3663 5487 indifferommont
3698 5431 3907 5491 munis
3948 5451 4030 5496 ou
4076 5440 4343 5513 separes.

2791 5502 3017 5583 Sohegg
3043 5506 3242 5583 plaido
3270 5528 3426 5587 pour
3452 5513 3512 5573 ln
3540 5515 3892 5582 distinction
3922 5524 4174 5586 absolue
4199 5548 4217 5599 ς
4247 5546 4347 5588 ses

2792 5593 3028 5654 mitons
3066 5604 3205 5658 sont
3230 5600 3322 5661 les
3366 5603 3674 5666 suivantes
3706 5625 3723 5666 ε
3752 5610 3987 5673 chacun
4033 5613 4143 5673 de·
4188 5614 4346 5676 deux

2803 4328 3068 4419 psalmo
3097 4332 3477 4405 centesimo
3505 4332 4040 4423 decimotertio,
4089 4343 4235 4435 agit
4272 4342 4358 4414 do
4387 4307 4712 4464 ”cmg-§2⁸32-
