5008 6329
817 3968 974 4018 rna·-

881 4022 1076 4073 Potui.

1992 334 2706 403 COMMENTARIUS
2757 334 2852 401 IN
2902 334 3339 407 PSALMUM
3395 338 3568 407 cvl.

1179 503 1497 573 exhibitis
1554 504 1875 575 omnibus
1958 509 2392 601 generaliter,
2471 506 2727 576 scilicet

1172 637 1296 708 pro
1331 615 1799 705 redemptione
1841 627 1904 685 et
1936 617 2338 688 liberatione
2367 640 2407 687 a
2435 617 2726 706 captivi-

1170 731 1334 804 tate,
1371 748 1519 815 quae
1559 726 1645 792 ad
1674 749 1913 797 omnes
1951 732 2326 820 respiciunt
2383 723 2725 818 generali-

1168 841 1317 901 ter:
1389 855 1625 901 omnes
1691 837 1873 904 enirn
1941 846 2275 929 quantum
2329 837 2401 902 in
2457 856 2530 901 se
2569 833 2719 910 fuit,

1166 941 1505 1010 Dominus
1567 943 1878 1027 redemit,
1925 968 2048 1014 nee
2105 943 2464 1013 destruxit.
2529 940 2723 1009 Unde

1166 1049 1342 1118 bene
1397 1051 1776 1142 significata
1815 1055 1940 1121 fuit
2007 1053 2384 1143 redemptio
2453 1051 2623 1130 haec,
2658 1059 2724 1118 et

1165 1156 1505 1236 liberatio,
1572 1183 1692 1251 per
1743 1162 2283 1251 redemptionem
2322 1160 2721 1229 Judaeorum

1169 1265 1253 1335 de
1293 1269 1680 1359 captivitate
1722 1269 2165 1361 Babylonica,
2201 1293 2354 1361 quae
2401 1268 2724 1337 omnibus

1167 1371 1298 1441 fuit
1361 1375 1725 1466 generaliS,
1761 1385 1901 1443 tam
1967 1374 2166 1445 bonis
2225 1398 2434 1467 quam
2493 1374 2718 1444 maliS.

1170 1480 1311 1550 Nee
1369 1482 1860 1549 determinatur
1935 1482 2014 1550 de
2054 1485 2350 1574 peccatis
2390 1491 2458 1550 et
2503 1482 2724 1574 poenis

1169 1589 1628 1669 redeuntium,
1661 1590 1781 1657 sed
1812 1598 2076 1659 tantum
2107 1591 2189 1659 de
2250 1591 2472 1659 reditu
2535 1594 2726 1682 ipso-

1166 1718 1322 1765 rum
1352 1704 1421 1764 et
1458 1696 1754 1765 adventu
1794 1699 1863 1765 in
1910 1698 2318 1768 Jerusalem.
2369 1698 2564 1767 Unde
2624 1719 2726 1765 se-

1167 1803 1469 1874 cundum
1527 1804 1821 1874 litteram
1864 1808 2136 1875 videtur
2209 1806 2723 1897 quodammodo

1166 1909 1486 1980 Psalmus
1551 1921 1830 2004 tangere
1887 1914 1968 1981 de
2019 1913 2131 1982 illa
2176 1915 2596 1982 reversione.
2641 1913 2726 1981 Et

1167 2026 1449 2108 propter
1477 2016 1607 2085 hoc
1642 2020 1711 2085 in
1744 2020 1945 2087 titulo
2001 2020 2254 2111 duplex
2301 2020 2728 2112 praeponitur

1169 2125 1527 2196 Alleluia¹
1557 2150 1572 2194 ;
1603 2150 1819 2195 unum
1847 2151 1970 2218 pro
2007 2128 2410 2197 liberatione
2440 2152 2480 2197 a
2510 2128 2721 2210 ma10,

1171 2234 1463 2304 alterum
1493 2259 1615 2325 pro
1653 2238 2086 2307 revocatione
2118 2238 2203 2307 ad
2223 2238 2515 2306 bonum.
2544 2237 2725 2318 Quid

1171 2351 1404 2413 autem
1478 2346 1565 2413 sit
1645 2344 1989 2430 Alleluia,
2066 2349 2382 2438 superius
2465 2347 2724 2416 dictum

1169 2451 1321 2520 fuit.
2275 2451 2280 2456 ’

1259 2679 1483 2748 Dividi
1526 2688 1757 2747 autem
1797 2689 2020 2771 potest
2051 2683 2118 2748 in
2148 2680 2319 2750 duas
2359 2690 2587 2772 partes
2624 2691 2727 2751 to·

1171 2795 1279 2855 tus
1340 2786 1679 2868 Psalmns,
1722 2790 2035 2878 quamvis
2084 2788 2281 2856 aliter
2345 2790 2722 2859 secundum

1174 2894 1514 2965 Glossam.
1551 2895 1814 2978 Primo,
1849 2897 2092 2965 invitat
2138 2898 2224 2966 ad
2275 2898 2404 2967 Dei
2448 2898 2721 2968 laudem

1172 3002 1530 3093 multiplici
1564 3004 2203 3085 ratione.Secundo,
2237 3006 2539 3077 ostendit
2566 3009 2727 3099 qui-

1168 3109 1300 3180 bus
1357 3134 1514 3182 eum
1562 3114 1881 3182 convenit
1942 3114 2243 3200 laudare,
2304 3114 2426 3197 ibi,
2478 3123 2546 3194 ὴ.
2580 3118 2717 3188 42:

1182 3244 1215 3286 ι
1273 3220 1609 3290 Videbunt
1647 3223 1835 3292 recti.
1874 3248 1907 3287 ιι

1258 3327 1340 3396 ln
1372 3330 1591 3420 prima
1643 3328 1808 3399 duo.
1861 3330 2124 3409 Primo,
2168 3333 2418 3401 invitat
2471 3332 2556 3402 ad
2596 3332 2721 3404 Dei

1165 3433 1465 3505 laudem.
1527 3434 1873 3518 Secundo,
1923 3437 2153 3507 subdit
2217 3441 2452 3509 statim
2499 3439 2723 3511 laudis

1167 3547 1533 3630 rationem,
1571 3571 1604 3613 ι
1642 3550 1987 3635 Quoniam
2029 3550 2268 3622 banus.
2306 3578 2341 3615 a·

1252 3878 1430 3949 Dicit
1488 3901 1695 3970 ergo:
1750 3877 1864 3947 Sic
1923 3905 1958 3942 α
2007 3878 2433 3970 confitemini
2460 3902 2495 3946 ι
2547 3900 2722 3951 con-

1017 3979 1454 4057 W'fessione
1527 3987 1810 4080 peccati,
1888 3993 1952 4054 et
2026 3987 2369 4081 praecipue
2464 3986 2711 4068 landis,

1153 4271 1361 4346 pretio
1414 4287 1531 4328 aux
1568 4270 1939 4328 soutrrances
1995 4270 2133 4328 d'nn
2173 4272 2350 4346 passe
2391 4273 2712 4332 beureuse·

1152 4368 1322 4421 ment
1346 4361 1599 4418 termine
1625 4378 1734 4436 par
1761 4361 1821 4419 le
1839 4361 2179 4420 delirrance
2202 4369 2264 4421 et
2284 4362 2341 4420 la
2356 4364 2508 4437 joie.
2542 4366 2707 4423 Ainsi

1151 4454 1502 4528 expliqnent
1526 4453 1882 4520 Theodoret,
1933 4454 2178 4530 Schegg,
2209 4455 2556 4522 Thalholer.
2590 4457 2702 4515 Pe·

1149 4545 1297 4608 triti.
1329 4549 1444 4601 etc.

1216 4630 1551 4691 ‘theodoret
1580 4639 1672 4690 est
1688 4633 1747 4692 le
1768 4632 1897 4690 seul
1918 4632 2025 4690 des
2052 4633 2301 4691 enciens
2331 4635 2436 4708 qni
2465 4635 2696 4710 signale

1147 4727 1206 4786 le
1234 4742 1377 4784 sens
1433 4725 1765 4801 histor-ique
1795 4725 1869 4785 de
1922 4743 1991 4785 ee
2020 4744 2290 4802 pemmo,
2322 4751 2352 4779 e·
2395 4729 2699 4788 servitutis

1141 4841 1172 4871 ι
1203 4817 1539 4876 libertatem
1568 4833 1675 4891 per
1702 4817 2185 4892 inexplicabilem
2217 4818 2321 4877 Dei
2350 4817 2698 4893 benignita·

1144 4933 1167 4963 ο
1204 4917 1326 4970 tem
1374 4908 1596 4967 ludaeis
1650 4925 2020 4969 concessam.
2056 4934 2084 4962 υ
2142 4912 2287 4970 »lais
2356 4911 2397 4969 il
2445 4911 2696 4986 indique

1137 5000 1391 5060 aussitbt
1455 5015 1564 5056 son
1623 5015 1764 5056 sens
1794 5000 2190 5074 propbetique
2249 5007 2307 5058 et
2363 5001 2643 5076 spirituel
2673 5019 2691 5062 ε

1136 5108 1167 5144 e
1196 5087 1486 5157 Quoniam
1518 5086 1578 5142 in
1606 5086 1731 5143 illis
1759 5104 1857 5145 res
1877 5093 2093 5146 nostrie
2113 5088 2488 5148 adumbratae
2528 5097 2689 5163 sunt,

1134 5202 1164 5230 a
1196 5177 1503 5236 cernimus
1533 5175 1647 5233 boc
1675 5176 1739 5234 in
1765 5176 1996 5250 psalmo
2027 5185 2250 5237 nostro
2280 5181 2496 5238 salutis
2536 5182 2689 5240 rati·

1133 5291 1164 5321 ι
1191 5266 1546 5326 cinationes.
1580 5289 1609 5315 ι·
1640 5264 1727 5325 Ct'.
1759 5265 1975 5325 Enseb.
2025 5269 2333 5329 Demonst.
2371 5286 2581 5347 evang.
2610 5288 2687 5341 vi,

1128 5363 1181 5418 7.
1216 5359 1272 5416 S.
1297 5357 1553 5431 Prosper
1576 5357 1800 5416 entend
1831 5363 1961 5416 tout
1978 5358 2085 5417 des
2111 5382 2142 5412 ιι
2174 5359 2472 5434 redempti
2500 5362 2688 5435 quiin

1132 5470 1164 5504 ιι
1196 5453 1318 5505 toto
1341 5445 1485 5504 orbe
1517 5452 1812 5506 terrarum
1838 5448 1912 5506 de
1945 5464 2155 5525 magna
2183 5455 2246 5507 et
2268 5449 2391 5507 lata
2415 5451 2685 5527 AEgypto,

1132 5564 1158 5596 ι
1192 5538 1364 5616 qnasi
1394 5554 1503 5612 per
1529 5554 1695 5598 mare
1741 5542 2030 5613 Rubrum,
2061 5541 2429 5617 baptismum
2485 5560 2685 5602 sacra·

1129 5655 1162 5687 ι
1195 5639 1324 5690 tum
1379 5628 1599 5687 Christi
1655 5633 1989 5707 sanguinis,
2050 5633 2426 5692 liberantur:
2453 5656 2485 5687 ιο
2545 5641 2606 5692 et
2640 5634 2683 5693 il

1131 5724 1272 5779 note
1299 5716 1453 5776 dans
1479 5715 1539 5775 le
1571 5732 1821 5791 psanme
1860 5725 2074 5795 quatre
2122 5723 2414 5799 eprenves
2451 5718 2601 5781 dont
2624 5721 2682 5783 le

4269 344 4389 412 109

2834 530 2867 572 ι
2900 508 3227 589 Domino,
3267 534 3300 576 ιι
3347 510 3435 578 ad
3480 509 3816 580 honorem
3875 513 4175 583 Domini.
4217 518 4382 585 Tob.

2828 636 2976 696 xm,
3052 617 3184 686 10:
3245 617 3640 687 Benedicite
3684 621 4089 704 Dominum,
4161 646 4388 692 omnes

2829 722 3026 791 electi
3062 724 3263 813 ejus:
3309 726 3496 817 aqile
3524 726 3671 794 dies
3705 728 3983 807 laetitiae,
4026 742 4088 799 et
4118 732 4388 821 confile-

2830 833 3005 898 mini
3052 833 3191 901 illi.
3264 833 3708 902 Contitemini
3763 838 3982 926 primo
4064 838 4381 928 culpam:

2828 947 3008 1028 post,
3071 939 3337 1029 agendo
3392 941 3576 1008 diem
3635 942 3910 1022 laetifice,
3990 945 4383 1037 subjungite

2830 1044 3129 1113 laudem.
3166 1046 3251 1113 Et
3289 1056 3455 1115 nota
3486 1047 3841 1117 Glossam:
3878 1079 3912 1115 α
3955 1051 4105 1120 Hoe
4150 1054 4383 1144 nequit

2832 1181 2863 1214 «
2912 1154 3195 1242 optime,
3259 1163 3387 1223 eto.
3459 1155 3700 1224 Potest
3740 1158 4014 1247 quidem
4070 1161 4184 1250 qui
4241 1184 4378 1229 non

2832 1291 2863 1323 «
2909 1263 3236 1352 gustavit,
3272 1263 3404 1333 hoo
3431 1264 3823 1356 aliqualiter
3848 1267 4087 1346 facere,
4123 1269 4240 1338 sed
4270 1292 4387 1361 op-

2833 1397 2868 1436 «
2912 1371 3075 1439 time
3127 1394 3266 1439 non
3325 1380 3571 1463 potest.
3621 1374 3807 1442 Bene
3847 1376 4121 1466 quidem
4160 1378 4382 1446 eonfi-

2835 1503 2867 1543 «
2902 1486 3107 1561 tetur,
3151 1480 3265 1569 qui
3296 1489 3652 1570 peccatum
3684 1484 3965 1567 evomit,
4001 1484 4244 1554 melius
4267 1488 4383 1576 qui

2834 1614 2868 1653 «
2912 1585 3171 1664 laudat,
3214 1588 3335 1655 sed
3364 1588 3651 1678 optime,
3697 1591 3812 1682 qui
3870 1591 4135 1661 elevato
4192 1593 4385 1660 intel-

2837 1717 2870 1757 α
2914 1692 3095 1760 lectu
3125 1700 3192 1760 et
3230 1693 3474 1762 affectu
3515 1703 3771 1785 gustat.
3814 1696 3942 1766 Hic
3982 1700 4164 1767 enim
4204 1707 4386 1767 totus

2835 1829 2870 1864 α
2905 1803 3167 1892 rapitur
3194 1802 3263 1869 in
3302 1803 3451 1890 ejus
3481 1802 3781 1872 laudem.
3815 1832 3845 1868 υ
3911 1806 4201 1898 Propter
4253 1807 4384 1876 hoc

2831 1908 2917 1976 ad
2947 1907 3132 1977 hunc
3151 1917 3430 2000 gustum
3462 1933 3590 1979 nos
3623 1913 3890 1998 invitat,
3935 1913 4115 1982 Psal.
4150 1938 4383 1998 xxxin,

2831 2015 2915 2083 0:
2966 2014 3282 2093 Gustata,
3326 2025 3392 2083 et
3416 2016 3639 2085 videte
3657 2019 3991 2110 quoniam
4010 2025 4245 2089 suavis
4298 2031 4393 2089 est

2830 2124 3198 2201 Dominae,
3242 2132 3371 2193 eto.
3431 2123 3879 2195 Confitemini
3928 2150 4117 2220 ergo,
4172 2130 4238 2196 si
4278 2140 4389 2196 ta-

2833 2251 2985 2296 men
3013 2232 3321 2320 quslatis
3360 2233 3703 2323 quoniam
3762 2233 3990 2303 dulcis
4018 2246 4113 2305 est
4138 2237 4390 2308 Dami-

2830 2360 2964 2406 nus
2995 2348 3043 2406 ².

2926 2610 2962 2647 c<
3006 2584 3353 2669 Quoniam
3405 2584 3647 2655 bonus.
3685 2614 3720 2651 a·
3791 2588 3919 2658 Hie
3986 2592 4386 2675 secundum,

2831 2692 2903 2761 in
2950 2715 3091 2785 quo
3139 2692 3498 2787 subjungit
3527 2697 3848 2781 ‚rationes
3901 2722 4112 2791 quare
4166 2704 4389 2771 conii-

2831 2797 3156 2867 tendum:
3202 2807 3272 2867 et
3310 2800 3536 2890 primo
3562 2801 3633 2869 in
3663 2803 4058 2882 universali,
4093 2815 4157 2874 et
4197 2809 4386 2899 quasi

2831 2904 3266 2998 generaliter.
3349 2906 3698 2991 Secundo,
3768 2909 4241 2983 descendendo
4305 2916 4389 2984 ad

2831 3014 3153 3107 specialia
3182 3015 3517 3086 beneficia
3563 3018 3973 3111 specialiter,
4029 3021 4148 3105 ibi,
4207 3032 4271 3103 5.
4304 3026 4383 3096 4:

2834 3151 2869 3189 ι
2914 3127 3351 3195 Eri-averunt
3378 3128 3451 3195 in
3487 3127 3893 3198 solitudine.
3929 3154 3966 3193 ιι

2923 3234 3001 3302 ln
3034 3237 3256 3326 prima
3294 3234 3458 3304 duo.
3522 3236 3788 3323 Primo,
3834 3238 4004 3307 ratio
4059 3238 4278 3308 laudis
4304 3262 4388 3311 ex

2831 3343 3183 3414 beneficiis
3219 3347 3704 3419 universaliter
3731 3351 4245 3440 comparatione
4299 3351 4386 3421 ad

2829 3451 3281 3523 laudandum.
3324 3452 3673 3534 Secundo,
3735 3459 4248 3549 comparatione
4299 3458 4384 3528 ad

2829 3557 3214 3640 laudantes,
3247 3557 3368 3635 ibi.
3402 3567 3469 3638 5.
3503 3561 3588 3630 2:
3626 3584 3662 3627 ι
3695 3562 3951 3632 Dicant
3977 3585 4180 3633 tinne.
4215 3590 4250 3627 a·

2923 3662 3026 3734 Ex
3073 3673 3266 3756 parte
3325 3664 3451 3735 Dei
3513 3664 3770 3759 duplex
3834 3670 4130 3738 sumitur
4180 3672 4380 3741 ratio.

2830 3771 3010 3851 Una,
3091 3796 3127 3839 ι
3167 3775 3504 3866 quoniam
3543 3773 3788 3855 bonus,
3826 3800 3861 3843 ι
3929 3775 4113 3847 bona
4164 3779 4387 3852 conle-

2827 3879 3090 3950 rendo:
3122 3881 3283 3962 alia,
3319 3884 3653 3975 quoniam
3685 3886 4094 3970 misericors,
4127 3886 4384 3959 malum

2826 3988 3217 4060 amovendo
3293 4000 3364 4061 et
3436 3993 3832 4065 miseriam:
3920 3995 4385 4067 misericordis

2820 4272 3086 4331 Sani-eur
3113 4271 3377 4333 delirre:
3415 4278 3474 4334 t·
3519 4273 3581 4333 la
3634 4275 3892 4336 solitudo
3925 4276 4000 4337 de
4047 4277 4298 4338 l'errenr
4321 4287 4379 4339 et

2820 4361 2894 4419 de
2925 4362 3290 4438 l'ignorance
3327 4368 3403 4422 οὺ
3450 4363 3740 4424 l'bomme
3776 4366 4031 4441 deperit.
4070 4369 4273 4444 quand
4320 4371 4377 4430 le

2817 4452 3163 4511 nourritnre
3206 4449 3283 4510 de
3336 4452 3397 4512 la
3452 4470 3693 4529 sagesse
3735 4455 3821 4514 lui
3868 4458 4375 4530 nunquan-les

2814 4544 3093 4618 passione
3118 4544 3221 4618 qni
3251 4544 3625 4603 enchatnent
3645 4551 3708 4603 et
3735 4547 4095 4621 empechent
4119 4548 4194 4606 de
4224 4566 4376 4608 mar·

2812 4634 2960 4692 cher
2986 4633 3141 4692 dans
3169 4632 3229 4692 le
3256 4635 3388 4692 roie
3411 4634 3496 4693 du
3523 4633 3668 4694 bien
3702 4656 3719 4708 ς
3748 4636 3813 4693 3·
3834 4637 3888 4695 le
3929 4636 4149 4713 degont
4192 4638 4266 4697 de
4311 4639 4370 4699 la

2813 4732 2981 4783 vertn
3005 4750 3023 4792 ς
3051 4725 3193 4784 4010
3223 4725 3377 4799 peril
3407 4741 3526 4800 qne
3553 4733 3730 4785 court
3756 4726 3816 4786 le
3843 4727 4023 4803 gnido
4064 4728 4172 4788 des
4200 4731 4368 4789 emes

2810 4817 3004 4892 etqui
3034 4823 3162 4875 met
3211 4817 3731 4877 necessairement
3782 4818 4055 4878 celles-ci
4094 4837 4168 4879 en
4218 4821 4369 4880 dan-

2808 4924 2934 4985 ger.
2961 4906 3235 4966 Entendn
3292 4907 3366 4965 de
3412 4908 3474 4968 la
3500 4910 3883 4984 redemption
3912 4916 3973 4967 et
4020 4912 4095 4969 de
4131 4912 4188 4970 la
4215 4913 4369 4972 deli·

2807 5017 3024 5060 vrance
3054 5001 3162 5061 des
3212 5002 3382 5061 ames
3423 5003 3744 5062 arrachees
3784 5003 3821 5063 δ
3850 5003 3909 5062 le
3936 5004 4253 5079 puissance
4283 5006 4365 5066 dn

2805 5094 3051 5162 demon,
3081 5093 3139 5151 le
3168 5109 3422 5170 psaume
3454 5102 3550 5154 est
3596 5111 3815 5155 encore
3868 5097 4005 5171 plns
4027 5097 4198 5167 cleir,
4229 5098 4363 5172 plns

2804 5182 3098 5258 expensis,
3138 5183 3276 5260 plns
3331 5186 3616 5261 poetique
3660 5191 3723 5245 et
3767 5187 3904 5261 plus
3960 5186 4217 5247 sublime
4244 5205 4360 5263 qne

2802 5273 2955 5333 dans
2974 5290 3086 5333 son
3116 5290 3259 5335 sens
3287 5275 3538 5335 litteral.

3809 5471 3879 5532 Β.
3910 5472 4155 5532 ωὴη

2868 5633 2889 5673 ¹
2909 5632 3163 5710 vulgata
3188 5647 3380 5692 unum
3408 5636 3646 5694 tentum
3674 5634 3858 5695 habet
3881 5635 4148 5696 Alleluia.

2871 5725 2897 5762 ²
2924 5722 2950 5784 1
2979 5724 3142 5784 Petr.
3161 5739 3228 5796 ιι,
3260 5723 3316 5781 ⁸.
