5008 6329
1895 282 2605 352 COMMENTARIUS
2651 281 2748 349 IN
2795 282 3230 350 PSALMUM
3281 284 3590 352 CXVlll.

1163 477 1195 516 α
1233 452 1671 520 mandatum:
1747 453 2009 545 Diliges
2065 456 2435 522 Dominum
2489 454 2704 519 Deum

1162 568 1447 638 «tuum,
1518 584 1602 627 ex
1677 569 1822 630 toto
1876 564 2079 631 corde
2126 572 2268 643 tuo,
2307 584 2444 628 non
2495 559 2707 647 possit

1162 669 1495 759 «impleri
1545 673 1613 738 in
1660 673 1824 740 via?
1855 699 1888 739 s
1953 673 2090 741 Sed
2165 672 2515 760 responsio
2574 675 2696 743 est,

1158 777 1341 864 quod
1388 776 1498 845 hic
1546 779 2067 872 intelligendum
2108 788 2208 845 est
2262 778 2343 843 de
2372 775 2701 843 totalitate

1154 890 1333 972 apta,
1369 892 1444 951 ut
1472 908 1612 953 non
1642 889 1730 954 sit
1756 911 1876 956 cor
1906 888 1975 954 in
1997 883 2264 953 mortali
2298 882 2519 972 culpa,
2563 905 2701 949 non

1154 989 1235 1057 de
1275 991 1606 1061 totalitate
1633 1017 1856 1085 aequa,
1903 1015 2054 1084 quae
2092 1001 2275 1059 caret
2332 993 2535 1058 etiam
2588 1012 2703 1057 ve·

1152 1097 1338 1165 niali.
1372 1099 1548 1178 Joel,
1612 1124 1686 1181 11,
1727 1102 1851 1167 12:
1907 1099 2400 1167 Convertimini
2426 1098 2524 1164 ad
2565 1121 2694 1177 me,

1150 1204 1416 1295 supple,
1468 1203 1878 1296 rogandum,
1914 1206 1987 1271 in
2039 1214 2180 1272 toto
2227 1205 2427 1272 corde
2454 1214 2692 1272 vestr-0.

1151 1311 1235 1377 Et
1263 1312 1430 1400 quid
1468 1312 1718 1402 quaeris
1780 1314 1849 1379 in
1912 1320 2057 1379 toto
2098 1311 2348 1380 corde?
2387 1337 2420 1377 α
2462 1314 2565 1379 Ne
2601 1335 2700 1378 re-

1118 1418 1371 1508 pellas
1399 1441 1505 1485 me
1545 1441 1589 1485 a
1636 1419 1989 1486 mandatis
2036 1421 2196 1502 tuisf,
2231 1448 2261 1480 ι»
2308 1417 2697 1507 intelligen-

1148 1522 1276 1601 dis,
1338 1524 1764 1615 saporandis,
1817 1527 1994 1594 sicut
2037 1525 2305 1614 repellis
2361 1546 2500 1591 non
2548 1532 2693 1591 toto

1146 1631 1347 1699 corde
1386 1642 1729 1724 roganteS,
1763 1634 1882 1703 sed
1922 1635 2206 1703 terrenis
2245 1631 2687 1700 adhaerenteS.

1147 1736 1453 1828 Sapient.
1502 1764 1549 1822 1,
1590 1741 1683 1807 4:
1743 1743 1828 1809 In
1892 1740 2308 1808 malevolam
2382 1739 2690 1806 animam

1140 1868 1277 1913 non
1334 1846 1651 1915 introibit
1722 1848 2093 1937 sapientia.
2152 1845 2445 1937 Tepidus
2503 1846 2687 1914 enim

1143 1960 1268 2033 cst,
1302 1956 1418 2045 qui
1449 1977 1575 2024 nec
1610 1954 1942 2023 charitate
1985 1954 2199 2023 fervet
2251 1955 2322 2021 in
2361 1954 2685 2034 Domin0,

1139 2084 1265 2130 nec
1295 2071 1396 2130 est
1434 2062 1721 2153 frigidus
1750 2063 1985 2154 algore
2045 2054 2382 2152 majorum
2432 2061 2689 2152 iniqui-

1139 2177 1383 2237 tatum.
1433 2169 1667 2238 Talem
1706 2168 1986 2260 expellit
2033 2169 2394 2248 Dominus,
2428 2178 2496 2236 et
2536 2192 2690 2258 pro-

1127 2277 1301 2365 jicit.
1353 2280 1570 2369 Apoc.
1612 2302 1714 2359 ιιι,
1763 2280 1884 2348 163
1939 2278 2121 2365 Quia
2173 2278 2444 2370 tepidus
2490 2300 2583 2361 ει,
2625 2287 2689 2344 et

1136 2409 1255 2454 nec
1305 2387 1644 2477 lriqiduS,
1705 2410 1826 2455 nec
1889 2385 2187 2468 calidus,
2237 2386 2566 2477 incipiam
2625 2395 2689 2454 te

1134 2517 1434 2562 evomere
1496 2519 1582 2563 ea:
1626 2518 1744 2564 ore
1798 2517 1971 2563 meo.
2025 2495 2268 2563 Genes.
2337 2516 2434 2574 ιιι,
2487 2494 2566 2560 Π
2617 2502 2683 2561 et

1134 2625 1308 2694 seq„
1341 2602 1563 2672 Adam
1595 2612 1751 2694 post
1778 2601 2052 2694 culpam
2082 2602 2164 2671 de
2196 2601 2509 2692 paradiso
2546 2624 2684 2670 ser·

1135 2733 1421 2779 monum
1463 2710 1611 2790 Dei,
1647 2720 1715 2780 et
1743 2734 1785 2780 a
1812 2709 2001 2802 ligno
2036 2713 2221 2792 vitae,
2264 2732 2457 2778 sacra
2508 2709 2684 2778 scili·

1134 2827 1240 2888 cet
1268 2818 2026 2910 arceturintelligentia.
2053 2817 2380 2887 Proverb.
2408 2839 2507 2897 ιιι,
2548 2818 2627 2885 18
2660 2839 2677 2884 3

1135 2928 1435 3017 Liqnmn
1483 2927 1662 3004 vitae,
1721 2925 1970 2995 dicitur
2019 2926 2103 2995 de
2166 2925 2526 3015 sapientia,
2586 2935 2684 2992 est

1130 3032 1238 3100 his
1289 3032 1609 3101 omnibus
1669 3034 1795 3124 qui
1857 3033 2428 3125 apprehenderint
2497 3053 2674 3098 eam.

1137 3139 1326 3230 Legit
1388 3141 1596 3209 etiam
1663 3137 1908 3209 Glossa
1971 3139 2055 3208 «le
2099 3137 2532 3215 Ductoribus,
2613 3148 2680 3206 et

1132 3248 1469 3327 l‘raelatis,
1504 3250 1679 3317 sicut
1708 3249 1991 3339 planum
2029 3258 2133 3318 est
2156 3249 2227 3318 in
2268 3248 2403 3318 illa.

1220 3599 1258 3636 α
1296 3570 1381 3640 In
1417 3570 1619 3640 corde
1646 3593 1819 3641 meo.
1845 3598 1881 3635 n
1927 3568 2056 3639 llic
2081 3569 2478 3639 secundum.
2514 3568 2681 3638 Pro·

1127 3677 1244 3747 bat
1290 3679 1475 3747 enim
1542 3677 1728 3770 quod
1767 3676 2074 3746 exaudiri
2128 3675 2369 3745 debeat
2416 3678 2677 3746 ratione

1128 3786 1323 3878 quasi
1353 3785 1647 3878 duplici:
1689 3787 1850 3878 quia
1880 3786 1950 3853 in
1989 3785 2321 3853 memoria
2358 3783 2677 3854 mandata

1126 3895 1368 3973 tenuit,
1400 3902 1469 3963 et
1506 3894 1670 3985 quia
1711 3892 1892 3963 bona
1921 3893 2297 3962 intentione
2330 3890 2459 3961 lioc
2488 3891 2671 3971 fecit,

1126 3999 1244 4081 ibi,
1281 4030 1315 4067 α
1354 4003 1444 4070 Ut
1469 4025 1608 4071 non
1629 4024 1899 4094 peccem
1931 4000 2085 4070 tibi.
2128 4028 2164 4065 n

1207 4110 1326 4178 Ait
1370 4110 1609 4181 enim:
1663 4108 1779 4178 Sic
1837 4132 2034 4201 roge,
2091 4108 2195 4179 Ne
2239 4107 2550 4200 repellas,
2603 4116 2674 4177 et

1121 4215 1326 4286 debes
1390 4217 1649 4298 audire,
1715 4217 1880 4309 quia
1945 4244 1980 4280 α
2013 4214 2340 4283 abscondi
2392 4214 2669 4306 eloquia

1119 4333 1271 4403 tua,
1304 4348 1341 4388 ι
1393 4331 1748 4415 tamquam
1806 4323 2204 4393 thesaurum
2268 4322 2671 4415 pretiosissi-

1117 4452 1337 4510 mum,
1402 4440 1471 4499 et
1527 4453 1841 4523 geminas
1897 4429 2448 4523 pretiosissimas,
2528 4456 2562 4496 e
2596 4429 2668 4499 in

1118 4538 1323 4608 corde
1348 4561 1520 4608 meo.
1557 4563 1594 4603 ι
1635 4536 1881 4608 Mattli.
1931 4560 2076 4616 xm,
2112 4538 2240 4605 44:
2291 4537 2543 4608 Simile
2569 4547 2667 4606 est

1118 4668 1407 4737 reqnum
1438 4646 1797 4726 coelorum,
1826 4669 2019 4716 sacra
2063 4645 2318 4715 scilicet
2353 4645 2661 4727 scientia,

1115 4753 1351 4822 divina
1395 4752 1670 4846 eloquia
1715 4753 1985 4842 (Matth.
2020 4775 2162 4834 xxi,
2208 4752 2330 4820 43:
2381 4755 2668 4844 Aulerc-

1115 4875 1305 4933 tura
1369 4863 1560 4934 vobis
1617 4887 1908 4956 regnum
1956 4867 2115 4949 Dei,
2171 4863 2425 4933 scilicet
2473 4886 2666 4932 sacra

1114 4975 1431 5064 scientia)
1485 4975 1805 5043 thesauro
1865 4973 2259 5043 abscondito
2318 4974 2392 5042 in
2461 4996 2658 5063 aqro,

1113 5083 1186 5151 in
1214 5083 1418 5154 corde
1439 5083 1694 5153 scilicet
1723 5081 2054 5152 humano.
2088 5079 2415 5151 Proverb.
2443 5103 2516 5162 x,
2543 5082 2659 5151 ¹4:

1112 5192 1474 5283 Sapientes
1502 5190 1934 5260 abscondunt
1966 5191 2347 5260 scientiam.

761 5288 1085 5337 ⁰⁰⁸⁸¹⁶ffl⁸
1205 5296 1294 5367 Et
1331 5295 1491 5381 hoc,
1527 5325 1561 5365 e
1596 5309 1674 5367 nt
1701 5321 1840 5368 non
1862 5320 2127 5389 peccem
2157 5297 2308 5377 tibi,
2343 5326 2375 5360 ιι
2431 5296 2663 5389 aliquo

763 5397 1085 5505 mfss'l‘

1115 5411 1412 5496 quatuor
1438 5405 1804 5474 modorum
1849 5404 2169 5496 peccandi
2208 5405 2324 5497 qui
2365 5413 2665 5497 tangun-

1192 5633 1211 5669 ⁸
1241 5631 1328 5692 Cf.
1365 5633 1437 5689 lv
1467 5632 1607 5708 neg.
1639 5649 1736 5705 xx,
1768 5634 1858 5701 12,
1888 5637 1949 5690 et
1976 5632 2090 5690 lsa.
2120 5647 2319 5703 ιιιιι,
2351 5631 2375 5688 1
2414 5634 2626 5703 etseq.

4215 263 4374 352 “2125

2817 460 2925 518 tur
2953 452 3024 518 in
3054 452 3336 519 Glossa:
3373 453 3480 520 vel
3513 454 3927 530 adulatione,
3962 460 4039 519 ut
4060 452 4366 541 placeam
4387 474 4621 579 ³2:131&
4641 473 4718 571 ζει

2812 558 3231 628 hominibus
3280 559 3437 627 Scio
3479 562 3661 628 enim
3693 563 3863 629 illud
3906 560 4085 628 Psal.
4126 585 4237 639 ιιι,
4276 562 4358 628 63
4412 576 4555 679 ιοῧιιὲι

2811 668 2998 733 Deus
3045 666 3406 757 dissipavit
3463 691 3614 735 ossa
3652 693 3888 737 eorum
3919 671 4043 761 qui
4070 670 4366 736 homini-

2813 772 2937 840 bus
2958 775 3256 866 placent.
3286 777 3371 845 Et
3397 776 3718 844 Ezechias
3752 781 4054 866 peccavit
4082 777 4369 845 thesau-

2810 908 2921 952 ros
2961 886 3380 955 ostendendo
3412 889 3670 955 nuntiis
3711 889 3890 977 regis
3920 887 4358 978 Babylonis¹.

2809 992 2936 1060 Vel
2993 996 3302 1075 avaritia,
3345 1004 3421 1062 ut
3464 995 3722 1085 aliquid
3751 994 4367 1087 lucreturtempo-

2809 1098 2972 1178 rale,
3005 1102 3225 1168 sciens
3272 1104 3433 1191 quia
3470 1103 3797 1191 scriptum
3837 1109 3961 1180 est,
3995 1100 4240 1169 Matth.
4285 1123 4356 1176 x,

2805 1204 2846 1270 8
2894 1226 2908 1269 :
2983 1206 3215 1273 Gratis
3257 1209 3630 1297 accepistis,
3698 1209 3923 1297 qratis
3990 1206 4173 1274 date.
4222 1205 4354 1273 Vel

2795 1310 3146 1395 jactantia,
3182 1312 3366 1403 quod
3410 1313 3608 1402 plura
3646 1317 3958 1381 noverim
3999 1320 4360 1381 ostentan-

2804 1415 2917 1495 do,
2976 1419 3197 1487 sciens
3252 1419 3420 1488 illud
3464 1420 3643 1488 Psal.
3706 1444 3800 1498 xi,
3838 1422 3920 1488 4:
3974 1421 4359 1511 Disperdat

2803 1526 3143 1593 Dominus
3195 1528 3510 1594 universa
3570 1526 3762 1594 labia
3810 1527 4075 1605 dolosa,
4111 1538 4176 1595 et
4225 1527 4359 1595 lin·

2798 1655 3017 1721 quam
3055 1635 3607 1725 maqniloquam.
3632 1635 3760 1703 Vel
3790 1634 4202 1730 loquacitate
4242 1637 4357 1703 in-

2801 1749 3023 1820 cauta,
3071 1744 3322 1810 timens
3378 1743 3544 1810 illud
3578 1743 3908 1812 Proverb.
3969 1767 4039 1824 x,
4088 1745 4213 1812 19:
4268 1746 4355 1812 In

2800 1847 3247 1939 multiloquio
3293 1872 3431 1916 non
3475 1850 3689 1917 deerit
3719 1861 4104 1941 peccatum.
4150 1849 4353 1918 Prius

2799 1954 2983 2020 enim
3012 1955 3173 2024 volo
3205 1957 3466 2039 audire,
3499 1967 3568 2026 et
3613 1957 3686 2025 in
3716 1957 3920 2026 corde
3972 1980 4126 2025 meo
4187 1959 4357 2026 reti-

2799 2082 2985 2140 nere,
3036 2086 3244 2153 quam
3302 2065 3453 2133 aliis
3516 2066 3949 2157 respondere.
4012 2066 4348 2135 Proverb.

2799 2191 2988 2252 xviii,
3035 2173 3157 2239 13:
3194 2173 3332 2257 Qui
3361 2175 3564 2265 prius
3600 2175 3957 2265 respondet
3985 2197 4200 2266 quam
4232 2198 4358 2243 au·

2798 2275 2971 2357 diat,
3002 2277 3300 2346 stultum
3338 2303 3409 2346 se
3436 2303 3574 2348 esse
3599 2280 4043 2358 demonstrat,
4078 2290 4144 2347 et
4202 2302 4359 2349 con-

2793 2391 3068 2480 fusione
3111 2388 3426 2480 diynum.
3473 2389 3762 2480 Propter
3797 2388 3931 2458 hoc
3949 2388 4113 2458 dicit
4137 2388 4355 2458 Jaco-

2795 2498 2948 2577 buS‚
2991 2519 3039 2574 1.
3088 2498 3170 2566 19
3196 2519 3211 2563 :
3237 2498 3350 2568 Sit
3377 2507 3608 2567 autem
3651 2500 3872 2566 omnis
3899 2496 4104 2564 homo
4151 2497 4357 2572 velox

2804 2604 2901 2672 ad
2933 2603 3386 2681 audiendum,
3413 2604 3658 2671 tardus
3684 2613 3916 2672 autem
3947 2603 4045 2670 ad
4072 2603 4356 2693 loquen-

2794 2710 2986 2779 dum.
3049 2711 3211 2780 Luc.
3264 2734 3334 2788 ιι,
3410 2714 3544 2781 193
3622 2713 3857 2780 Μανία
3903 2709 4353 2780 conservabat

2793 2820 3027 2885 omnia
3054 2816 3259 2886 verba
3286 2818 3451 2898 lac,
3484 2820 3835 2906 conserens
3854 2818 3925 2886 in
3962 2818 4166 2886 corde
4189 2840 4348 2889 sua.

2792 2922 3013 2993 Eccle.
3060 2946 3158 3005 ιιι,
3192 2926 3275 2993 ’13
3314 2926 3601 3016 Tempus
3627 2924 3923 3002 tacendi,
3958 2931 4023 2991 et
4057 2934 4351 3016 ,tempus

2794 3028 3143 3121 loquendi.
3178 3029 3322 3099 Nec
3359 3039 3462 3098 est
3484 3028 3625 3113 ,hoc
3650 3038 3892 3099 contra
3942 3029 4112 3098 illud
4161 3028 4353 3122 quod

2791 3135 3037 3206 dicitur
3083 3159 3316 3228 supra,
3361 3138 3435 3206 in
3488 3136 3671 3207 Psal.
3716 3160 3952 3216 xxxix,
4014 3139 4085 3206 11
4137 3160 4155 3208 3
4210 3139 4354 3208 Ju-

2785 3245 3055 3313 stitiam
3076 3253 3275 3313 tuam
3295 3268 3429 3312 non
3461 3242 3790 3312 abscondi
3817 3245 3891 3312 in
3917 3243 4122 3313 corde
4152 3268 4303 3313 meo
4325 3269 4352 3314 .·

2789 3353 3148 3420 veritatem
3188 3361 3413 3430 tuam,
3445 3359 3509 3420 et
3552 3350 3877 3421 salutara
3909 3360 4110 3420 tuum
4159 3351 4344 3422 dia-i.

2789 3456 2900 3541 Et,
2978 3458 3219 3529 Matth.
3290 3482 3456 3543 xxv,
3525 3461 3637 3540 26,
3694 3460 4063 3529 damnatur
4107 3482 4352 3529 servus

2787 3571 3072 3649 inutilis,
3114 3570 3232 3661 qni
3287 3568 3644 3639 abscondit
3680 3570 4043 3661 pecuniam
4081 3566 4349 3637 domini

2785 3682 2917 3750 sui.
2961 3678 3092 3747 llic
3144 3676 3452 3768 loquitur
3503 3677 3574 3743 in
3612 3684 3793 3745 statu
3840 3676 4342 3767 incipientium,

2785 3792 2903 3881 qui
2934 3786 3158 3857 adhuc
3202 3785 3402 3854 silere
3446 3785 3738 3855 debent:
3776 3787 3847 3852 in
3913 3785 4066 3853 aliis
4106 3793 4345 3854 autem

2784 3897 2953 3967 locis
2992 3896 3065 3965 in
3092 3903 3274 3965 statu
3313 3892 3794 3972 Praelatoruni,
3852 3902 3921 3962 et
3973 3903 4346 3984 provecto-

2783 4030 2963 4076 rum.
3005 3997 3160 4084 Vel,
3198 4000 3312 4088 hic
3364 4001 3672 4094 loquitur
3733 4001 3817 4071 de
3857 4000 4337 4084 absconsione,

2782 4107 3115 4207 quantum
3154 4110 3241 4180 ad
3268 4132 3472 4180 canes
3496 4118 3563 4179 et
3592 4108 3681 4177 ad
3707 4129 3955 4201 porcos
3989 4130 4007 4178 3
4049 4108 4145 4178 ibi
4169 4131 4339 4179 vero

2782 4229 3115 4313 quantum
3162 4217 3248 4289 ad
3301 4219 3455 4310 pios
3492 4216 3865 4287 auditores.
3924 4214 4170 4286 Matth.
4212 4239 4337 4300 vn,

2778 4332 2863 4399 6:
2906 4327 3143 4399 Nolite
3169 4325 3337 4395 dare
3370 4334 3690 4408 sanctum
3727 4322 4043 4405 canibus,
4075 4331 4208 4395 etc.
4310 4395 4315 4398 ,

2871 4676 2906 4712 κ
2943 4645 3353 4719 Benedictus
3390 4666 3481 4714 es.
3519 4668 3555 4710 ι
3614 4640 3746 4712 llic
3801 4637 4211 4726 secundum,
4262 4635 4337 4707 in

2777 4778 2915 4847 quo
2944 4754 3115 4846 petit
3131 4751 3505 4823 secundam
3535 4752 3827 4843 gratiam
3860 4747 4035 4832 dari,
4068 4753 4147 4816 ut
4174 4768 4338 4838 pos-

2775 4865 2863 4932 sit
2910 4860 3193 4954 implere
3257 4881 3409 4950 quae
3463 4857 3836 4950 cognovit:
3908 4864 3977 4925 et
4013 4854 4337 4925 dicuntur

2774 4972 2929 5041 tria.
2964 4970 3225 5050 l‘rim0,
3269 4967 3568 5038 ostendit
3620 4966 3748 5037 Dei
3806 4962 4332 5055 benignitatem,

2774 5090 2843 5151 et
2894 5077 3517 5149 mansuetudinem.
3573 5072 3919 5154 Secunde,
3979 5071 4338 5164 subjungit

2776 5188 3203 5279 petitionem,
3234 5183 3355 5265 ibi,
3392 5211 3424 5249 ι
3450 5185 3636 5254 Doce
3662 5204 3793 5250 me.
3830 5205 3866 5247 a
3896 5178 4154 5260 Terti0,
4186 5201 4341 5271 per-

2776 5295 3194 5372 suasionem,
3228 5291 3349 5377 ibi,
3370 5298 3438 5369 Ἰ.
3469 5291 3596 5359 133
3637 5313 3674 5355 e
3705 5287 3790 5357 In
3824 5285 4036 5357 labiis
4072 5286 4267 5355 meis.
4300 5313 4334 5349 »ι

2865 5400 3047 5470 Dicit
3085 5422 3294 5492 ergo:
3343 5397 3459 5467 Sic
3486 5396 3679 5489 petii,
3720 5418 3806 5465 ne
3859 5417 3971 5464 me
4017 5392 4338 5486 repellas,

4557 582 4651 625 cita

4532 640 4659 680 anta.
