5008 6329
1990 312 2268 379 INDEX
2320 307 2674 377 OMNIUM
2731 307 3312 379 PSALMORUM.

1483 484 1697 540 vau.
1737 482 2111 541 confitemini
2138 480 2395 547 Domino,
2427 479 2693 549 quoniam
2727 477 2924 542 anus,
2957 478 3225 548 qoniam
3261 479 3317 533 in
3354 477 3626 534 secum-n
3662 477 3897 535 miseri-

1811 575 2005 631 cordia
2028 572 2170 642 ejus.
2203 570 2358 626 Dicat
2391 584 2543 625 nunc
2576 568 2745 624 lsrael
2778 584 2790 622 ε
2823 568 3103 632 Quoniam
3139 569 3346 632 bonus,
3376 579 3481 625 cic.

1451 664 1694 722 cxvul.
1739 663 1889 720 Beati
1919 661 2262 718 immaculati
2296 661 2353 714 in
2388 659 2492 723 via,
2526 659 2618 728 qui
2649 657 2941 713 ambulant
2973 658 3032 713 in
3068 658 3188 727 lege
3228 657 3482 715 Domini.

1511 753 1692 813 CXIX.
1733 754 1815 808 Ad
1850 751 2161 806 Dominum
2193 764 2320 804 cum
2357 748 2656 803 tribularer
2686 746 2944 814 clnmivi‚
2976 757 3034 804 el
3064 764 3204 804 exau
3229 751 3351 805 livii
3389 765 3497 805 me..

1525 843 1686 900 CXX.
1734 842 1932 898 Levavi
1965 841 2162 896 oculos
2197 855 2346 894 ineos
2378 840 2433 894 in
2467 851 2704 903 montes,
2734 855 2807 894 nn
2831 842 2881 893 lc
2915 842 3095 894 veniet
3132 841 3410 895 auxilinm
3448 841 3609 895 mibi.

1509 933 1694 989 CXXI.
1739 931 1981 987 Laetalus
2026 944 2149 985 sum
2197 930 2254 985 in
2289 930 2374 984 bis
2403 946 2524 999 quae
2556 931 2700 983 dicta
2731 940 2858 983 sunl
2895 927 3035 983 mibi
3073 946 3085 984 :
3126 933 3189 984 ln
3221 931 3453 985 domum
3517 929 3745 985 Domini
3798 930 3913 985 ibi-

1817 1036 1968 1077 mus.

1479 1110 1687 1169 cxxn.
1729 1111 1816 1167 Ad
1848 1118 1902 1167 le
1934 1109 2117 1168 levavi
2147 1108 2340 1166 oculos
2371 1124 2546 1172 mooe,
2578 1108 2672 1178 qui
2702 1107 2921 1162 babilas
2952 1108 3010 1163 in
3043 1108 3257 1180 coelis.'j

1434 1199 1682 1257 Cxx111.
1729 1199 1852 1259 Nisi
1876 1201 2008 1273 quia
2039 1200 2315 1255 Dominus
2347 1206 2463 1253 emt
2492 1198 2550 1253 in
2584 1197 2763 1262 nobis,
2791 1197 2944 1252 dicat
2979 1213 3133 1253 nunc
3167 1198 3358 1254 Israel.

1456 1289 1691 1348 CXXIV.
1734 1291 1842 1358 Qui
1865 1289 2156 1347 confident
2188 1289 2246 1343 in
2283 1287 2540 1355 Domino,
2572 1287 2718 1342 sicut
2768 1302 2931 1342 mons
2981 1286 3162 1343 Sion:
3200 1287 3324 1344 Non
3363 1291 3820 1347 commovebitur
3853 1292 3910 1347 in

1810 1384 2114 1445 aeternum,
2139 1378 2233 1447 qui
2268 1377 2477 1432 habitat
2509 1377 2569 1432 in
2597 1374 2939 1433 Jerusalem.

1458 1469 1673 1527 CXXV.
1719 1469 1784 1526 ln
1816 1467 2201 1525 convertendo
2250 1466 2520 1522 Dominus
2566 1466 2943 1536 captivitatem
2993 1466 3154 1534 Sion,
3194 1468 3321 1523 lacti
3353 1484 3550 1524 sumus
3581 1470 3729 1525 sicul
3762 1487 3901 1527 con-

1812 1557 2001 1614 solati.

1431 1648 1669 1706 CXXVI.
1715 1647 1836 1707 Nisi
1873 1647 2151 1703 Dominus
2180 1644 2537 1700 oezlilicavcrit
2565 1645 2813 1708 domum,
2847 1645 2905 1699 in
2951 1660 3155 1701 vanum
3212 1646 3605 1703 laboraverunt
3635 1649 3733 1719 qui
3765 1649 3908 1706 aedi-

1813 1736 1988 1792 licant
2017 1750 2167 1791 eam.

1296 1875 1311 1887 .
1406 1827 1659 1886 cxxvn.
1702 1826 1859 1884 Beati
1891 1840 2096 1881 omnes
2124 1825 2218 1896 qui
2249 1825 2445 1879 liment
2478 1821 2803 1885 Dominum.
2836 1823 2929 1893 qui
2963 1823 3259 1880 ambulant
3289 1825 3346 1881 in
3381 1825 3482 1881 viis
3508 1828 3652 1895 eius.

1372 1917 1668 1976 cxxvlu.
1709 1917 1872 1989 Saepe
1901 1921 2365 1989 expugnaverunt
2400 1929 2487 1970 me
2514 1931 2545 1968 a
2566 1915 2864 1984 juventule
2893 1930 3040 1983 mea,
3071 1916 3222 1971 dicat
3254 1932 3407 1973 nunc
3444 1917 3636 1973 lsrael.

1428 2007 1666 2065 CXXlX.
1711 2008 1791 2065 De
1849 2006 2144 2078 profundis
2199 2004 2434 2062 clamavi
2491 2004 2560 2059 ad
2617 2013 2689 2071 le,
2750 2004 2984 2061 Domine
3046 2022 3058 2060 :
3122 2004 3382 2074 Domine,
3440 2008 3651 2064 exaudi
3711 2024 3910 2067 vocem

1814 2111 2023 2153 meam.

1460 2185 1668 2243 CXXX.
1711 2186 1972 2254 Domine,
2027 2200 2143 2242 non
2200 2188 2287 2242 est
2339 2181 2647 2241 exaltatum
2701 2198 2797 2239 cor
2854 2199 3066 2250 meum,
3142 2199 3323 2256 neque
3376 2184 3509 2242 elati
3564 2195 3700 2245 sunt
3760 2188 3916 2246 oculi

1823 2289 1957 2331 men.

1428 2364 1667 2422 cxxxh
1712 2365 2019 2429 Memenlo‚
2053 2363 2311 2431 Domine,
2345 2362 2542 2428 David,
2573 2370 2624 2419 el
2655 2362 2840 2418 omnis
2869 2364 3328 2420 mansuetudinis
3358 2366 3501 2434 ejus.

1405 2454 1662 2511 cxxxii.
1707 2455 1851 2511 Ecce
1881 2470 2052 2525 quam
2086 2453 2299 2509 bonum
2332 2461 2379 2508 cl
2413 2468 2580 2523 quam
2607 2451 2946 2522 jucundum,
2985 2453 3239 2508 babitare
3270 2453 3466 2509 fraires
3497 2453 3553 2510 in
3590 2456 3801 2511 unum!

1368 2544 1658 2602 cxxxm.
1702 2545 1846 2601 Ecce
1882 2560 2037 2601 nunc
2070 2542 2384 2600 benedicite
2415 2542 2741 2606 Dominum,
2773 2557 2974 2598 omncs
3023 2543 3168 2598 servi
3226 2544 3447 2600 Domini
3482 2562 3494 2599 ε
3529 2544 3625 2615 qui
3655 2547 3819 2603 statie
3853 2547 3914 2603 in

1812 2636 1985 2691 domo
2015 2634 2263 2691 Domini.

1365 2725 1642 2783 CXXXIV.
1687 2726 1933 2782 Laudale
1964 2740 2172 2782 nomen
2209 2724 2429 2781 Domini
2463 2741 2475 2778 ε
2523 2726 2763 2788 laniate,
2794 2725 2959 2793 servi,
2999 2724 3330 2782 Dominum.

1397 2816 1645 2873 CXXXV.
1683 2815 2051 2873 Conlilemini
2100 2814 2363 2877 Domino,
2413 2816 2681 2885 quoniam
2739 2815 2937 2878 bonus,
2974 2816 3248 2885 quoniam
3281 2816 3339 2872 in
3371 2826 3644 2873 aeternum
3681 2820 3915 2876 miseri-

1808 2905 2002 2960 cordia
2032 2907 2178 2976 ejus.
2212 2903 2569 2960 confilemini
2602 2903 2715 2960 Deo
2746 2905 3001 2971 deorum,
3034 2913 3143 2960 etc.

1356 2993 1641 3051 cxxxvl.
1684 2994 1870 3067 Super
1904 2994 2140 3051 numina
2172 2992 2469 3063 Babylonis
2494 2992 2613 3049 illic
2641 2994 2889 3049 sedimus
2919 3001 2970 3048 el
3006 2994 3285 3063 nevimuS,
3315 3010 3446 3052 cum
3479 2998 3911 3056 recordaremur

1813 3084 1977 3142 Sion.

1325 3174 1640 3233 cxxxvn.
1681 3177 2010 3233 Conlilebor
2035 3176 2158 3242 libi,
2191 3176 2449 3245 Domine,
2481 3177 2538 3232 in
2590 3183 2702 3232 loto
2753 3176 2922 3232 corde
2971 3191 3118 3246 meo,
3170 3178 3441 3247 quoniam
3490 3179 3694 3235 audisti
3746 3181 3916 3238 verba

1816 3282 1933 3322 oris
1964 3282 2095 3322 mei.

1309 3354 1642 3413 cxxxvm.
1685 3355 1952 3421 Domine,
2015 3354 2259 3427 probasti
2321 3371 2429 3420 me,
2479 3363 2530 3409 el
2586 3355 2897 3412 co.·novisli
2959 3372 3048 3413 me
3084 3373 3096 3412 :
3134 3364 3190 3413 tu
3224 3357 3536 3426 cognovisti
3592 3359 3914 3418 sessionem

1812 3463 1998 3504 meam
2029 3455 2083 3505 et
2116 3446 2589 3504 resurrectionem
2624 3462 2824 3501 meam.
3567 3495 3576 3502 .

1352 3535 1627 3592 CXXXlX.
1672 3536 1837 3608 Eripe
1869 3552 1982 3604 rue,
2017 3537 2273 3601 Domine,
2304 3536 2376 3591 ab
2408 3535 2637 3592 homine
2665 3537 2813 3591 malo
2848 3551 2861 3590 :
2894 3553 2927 3591 a
2958 3539 3079 3594 viro
3112 3538 3308 3609 iniquo
3332 3541 3490 3609 eripc
3523 3555 3634 3596 me.

1477 3627 1627 3685 CXL.
1676 3627 1939 3694 Domine,
1968 3628 2213 3686 clamavi
2259 3628 2325 3682 ad
2377 3635 2452 3692 le,
2499 3628 2703 3683 exaudi
2736 3643 2823 3684 me
2858 3643 2872 3684 ε
2907 3629 3140 3685 inlendc
3171 3629 3293 3686 voci
3325 3646 3485 3702 meze,
3517 3646 3651 3686 cnm
3684 3628 3904 3688 clama-

1775 3734 1911 3775 vero
1938 3718 2009 3774 ad
2045 3727 2117 3775 te.

1437 3807 1614 3864 cxm.
1661 3809 1811 3867 Voce
1842 3824 1970 3866 mea
1995 3808 2067 3865 ad
2099 3809 2400 3866 Dominum
2431 3808 2671 3866 clamavi
2704 3825 2717 3863 ε
2754 3824 2893 3866 voce
2923 3825 3048 3866 mea
3097 3810 3166 3866 ad
3222 3811 3533 3868 Dominum
3567 3812 3904 3884 deprecatus

1775 3914 1927 3957 sum.

1417 3986 1629 4045 exul.
1676 3988 1937 4055 Domine,
1994 3988 2199 4047 exaudi
2253 3989 2566 4046 orationem
2625 4005 2807 4047 meam
2842 4006 2855 4044 ε
2896 3989 3129 4047 auribus
3188 3990 3413 4064 percipe
3463 3989 3921 4050 obsecrationem

1782 4094 1971 4136 meam
2003 4079 2062 4135 in
2091 4079 2324 4136 veritate
2354 4088 2465 4137 tua.

1394 4165 1631 4225 exult.
1673 4168 2016 4225 Benedictus
2047 4169 2323 4226 Dominus
2353 4168 2501 4225 Deus
2532 4185 2711 4238 meus,
2743 4170 2840 4242 qui
2870 4169 3035 4227 docel
3067 4184 3273 4227 manus
3312 4185 3467 4228 meas
3510 4171 3583 4227 ad
3631 4171 3921 4245 proelium,

1783 4267 1835 4314 el
1867 4259 2076 4329 digitos
2107 4272 2261 4315 meos
2285 4260 2352 4314 ad
2387 4258 2622 4314 bellum.

1390 4344 1615 4404 cxuv.
1659 4346 1937 4404 Exaltabo
1971 4356 2044 4414 ie,
2077 4348 2221 4404 Deus
2243 4364 2402 4405 meus
2428 4364 2527 4404 rex
2558 4365 2571 4405 :
2603 4357 2654 4405 et
2689 4348 3021 4405 benedicam
3054 4349 3276 4407 nomini
3309 4357 3408 4407 luo
3442 4350 3502 4407 in
3529 4351 3828 4421 seculum,
3861 4357 3922 4410 et

1782 4436 1839 4493 in
1873 4438 2148 4494 saeculum
2180 4438 2393 4494 saeculi.

1406 4525 1607 4585 chv.
1652 4526 1862 4593 Lauda,
1888 4528 2081 4582 animi
2113 4543 2262 4595 mea,
2298 4526 2620 4583 Dominum.
2657 4524 2916 4583 Laudabo
2965 4525 3277 4584 Dominum
3308 4528 3371 4585 in
3401 4531 3519 4585 vila
3548 4544 3698 4596 mea.
3733 4534 3846 4589 etc.

1395 4616 1620 4675 CXLVl.
1668 4617 1917 4673 Laudare
1964 4616 2297 4683 Dominum,
2343 4617 2613 4689 quonia-m
2662 4614 2844 4672 bonus
2890 4623 2975 4673 est
3013 4616 3274 4688 psalmus
3305 4634 3320 4677 ε
3355 4621 3469 4676 Deo
3498 4629 3698 4678 noalro
3728 4619 3802 4676 sil
3828 4620 3929 4691 ju·

1782 4708 1972 4764 cunda
2004 4707 2320 4778 decoraque
2345 4706 2614 4763 laudatio.

1362 4796 1618 4854 cxtvn.
1662 4796 1880 4864 Lauda,
1912 4795 2254 4864 Jerusalem,
2286 4797 2591 4854 Dominum
2625 4813 2639 4854 ε
2671 4795 2835 4853 lauda
2869 4797 3045 4854 Deum
3080 4806 3267 4871 nuum,
3299 4800 3457 4857 Sion.

1347 4886 1632 4947 chvm.
1672 4888 1925 4944 Laudato
1951 4887 2285 4956 Dominum,
2316 4888 2388 4945 de
2416 4887 2575 4945 coelis
2609 4904 2622 4942 :
2655 4887 2886 4944 laudale
2915 4903 3045 4946 eum
3076 4889 3138 4947 in
3168 4890 3433 4948 excelsis.

1405 4979 1630 5038 CXle.
1675 4978 1911 5037 Cantate
1943 4978 2187 5037 Domino
2216 4979 2501 5036 canticum
2534 4995 2743 5037 novum
2781 4996 2795 5034 ε
2827 4979 2949 5037 laus
2977 4980 3103 5051 eJue
3135 4981 3193 5037 in
3225 4980 3464 5039 ecclesia
3489 4988 3846 5038 sanctorum.

1531 5070 1634 5130 ct..
1675 5070 1923 5128 Laudato
1953 5070 2264 5129 Dominum
2291 5071 2349 5128 in
2379 5072 2588 5129 sanclis
2613 5071 2771 5143 ejus:
2805 5071 3038 5130 laudale
3068 5087 3200 5130 eum
3227 5074 3290 5131 in
3319 5072 3679 5131 firmamento
3708 5072 3934 5133 virtutis

1789 5162 1936 5233 ejus.

1337 5792 1446 5832 {Vll
3913 5785 3981 5838 36

4122 317 4246 382 561

4153 574 4259 630 219

4152 664 4259 719 236

4148 754 4183 809 3
4196 759 4255 811 20

4147 846 4252 903 344

4144 1025 4251 1081 349

4139 1115 4248 1171 354-

4139 1386 4249 1440 362

4140 1563 4248 1619 365

4136 1742 4243 1797 369

4134 1832 4241 1888 374

4136 1924 4242 1980 379

4136 2102 4245 2159 383

4140 2370 4241 2426 391

4142 2460 4245 2517 403

4143 2642 4249 2697 406

4139 2733 4246 2788 409

4133 2911 4238 2967 420

4135 3091 4241 3147 430

4138 3272 4244 3329 437

4137 3452 4243 3508 442

4137 3540 4241 3597 458

4139 3723 4244 3779 466

4143 3903 4248 3960 473

4145 4082 4252 4139 479

4152 4262 4253 4320 488

4146 4443 4253 4499 499

4143 4531 4255 4589 510

4149 4714 4182 4767 5
4194 4712 4259 4768 17

4146 4800 4255 4858 523

4148 4891 4259 4946 528

4145 4980 4257 5037 538

4150 5161 4258 5218 544
