5008 6329
1809 334 2527 406 COMMENTARIUS
2578 338 2671 403 IN
2717 335 3154 404 PSALMUM
3203 334 3512 402 cxxxi.

1176 527 1207 560 «
1271 504 1374 570 De
1443 508 1706 596 fructu.
1778 535 1811 571 ι)
1869 510 2041 579 Ecce
2120 513 2284 604 quid
2341 513 2650 600 juravit:

1083 630 1118 666 α
1162 608 1263 673 De
1288 610 1530 698 fructu
1569 618 1823 682 ventris
1871 618 2003 687 tui.
2053 645 2085 680 »
2150 618 2305 685 Νοιι
2364 617 2527 682 dicit
2574 615 2654 681 de

1079 713 1299 780 fructu
1340 715 1620 787 semoris
1680 723 1803 797 tui,
1879 724 2043 811 quia
2102 745 2242 789 non
2282 726 2403 811 pe'r
2439 744 2655 810 gene-

1078 823 1417 890 rationem
1513 848 1595 892 ex
1673 826 1936 894 femore
1996 827 2285 916 alicujus
2353 828 2648 895 liliorum

1076 925 1299 997 David
1366 929 1673 998 Christus
1732 934 2111 1001 seminatus
2162 943 2288 1014 est,
2358 936 2475 1003 sed
2533 959 2652 1026 per

1078 1045 1386 1103 ventrem
1436 1038 1849 1127 virginalem
1917 1044 2065 1110 sine
2123 1045 2383 1112 semine
2439 1045 2643 1112 virili.

1087 1171 1120 1204 α
1153 1145 1450 1223 Ponam,
1485 1172 1517 1208 s
1555 1146 1843 1214 tirmiter
1891 1159 1960 1216 et
1992 1152 2405 1220 aeternaliter
2432 1152 2648 1219 stabi-

1077 1247 1332 1328 liendo,
1382 1276 1416 1317 ι
1456 1276 1666 1345 super
1698 1256 1929 1322 sedem
1972 1268 2194 1338 tuam,
2240 1285 2274 1321 a
2346 1260 2414 1325 in
2463 1260 2649 1349 regia

1077 1358 1330 1426 scilicet
1406 1370 1767 1451 potestate,
1834 1371 1900 1430 et
1958 1364 2312 1455 dignitate.
2367 1366 2430 1432 11
2472 1367 2640 1457 Reg.

1076 1488 1196 1545 vu,
1266 1469 1343 1532 12
1388 1487 1405 1535 :
1440 1468 1806 1536 Suscitabo
1872 1493 2101 1537 semen
2132 1482 2330 1539 tuum
2361 1483 2518 1563 post
2557 1485 2640 1551 te,

1076 1575 1266 1664 quod
1291 1577 1678 1668 eqredietur
1716 1579 1799 1645 de
1829 1589 2021 1647 utero
2054 1591 2199 1664 tuo,
2260 1592 2324 1649 et
2350 1583 2644 1671 firmabo

1077 1703 1363 1770 reqnum
1402 1683 1581 1772 ejus.
1628 1684 1760 1752 Isa.
1816 1708 1909 1764 tx,
1947 1688 1987 1754 Ἰ
2033 1709 2049 1756 t
2102 1690 2329 1781 Super
2388 1692 2644 1758 solium

1075 1785 1335 1868 Dauid,
1370 1801 1433 1857 et
1461 1813 1671 1882 super
1727 1816 2020 1885 reqnurn
2073 1796 2231 1885 ejus
2256 1798 2535 1879 sedebit,
2572 1807 2648 1864 ut

1074 1898 1430 1984 confirmet
1476 1899 1691 1978 illud,
1728 1911 1793 1966 et
1821 1901 2211 1971 corroboret
2262 1905 2334 1971 in
2361 1905 2643 1993 judicio

1073 2011 1138 2068 et
1172 2003 1491 2091 justitia,
1547 2007 1801 2074 amodo
1832 2016 1898 2075 et
1931 2030 2148 2100 usque
2185 2012 2258 2077 in
2282 2014 2644 2102 sempiter-

1070 2133 1262 2178 num.
1312 2113 1405 2179 ΙΙΙ
1464 2112 1632 2204 Reg.
1688 2137 1760 2197 ιι,
1805 2116 1892 2184 45
1965 2139 1982 2183 :
2050 2117 2359 2186 Thronus
2415 2122 2651 2188 David

1070 2219 1200 2286 erit
1224 2218 1501 2288 stabilis
1528 2244 1761 2289 coram
1798 2224 2095 2292 Domino
2129 2247 2344 2317 usque
2371 2229 2443 2295 in
2465 2251 2646 2296 sem-

1061 2326 1446 2416 piternum.

1166 2669 1200 2710 α
1232 2646 1318 2714 Si
1401 2649 1877 2718 custodierint.
1955 2677 1989 2713 »
2059 2651 2190 2719 IIic
2236 2651 2637 2730 secundum,

1073 2752 1145 2819 in
1178 2776 1313 2843 quo
1355 2758 1782 2846 promittitur
1818 2760 2174 2848 potestatis
2230 2762 2642 2850 perpetuitas

1074 2860 1401 2929 membris
1435 2864 1751 2933 Ecclesiae
1802 2866 1931 2934 sub
1988 2867 2406 2946 conditione,
2459 2866 2642 2959 quod

1073 2992 1213 3037 non
1271 2970 1397 3038 fuit
1436 2973 1505 3038 in
1559 2975 1804 3063 capite,
1849 2974 1970 3043 sed
2001 2974 2297 3066 simplex
2324 2976 2452 3043 fuit
2480 2998 2646 3066 pro-

1074 3079 1335 3148 missio.
1381 3080 1460 3148 In
1501 3085 1722 3173 capite
1773 3084 1960 3150 enim
2029 3106 2172 3152 non
2229 3092 2373 3152 erat
2419 3084 2644 3152 futura

1071 3186 1489 3278 possibilitas
1510 3189 1599 3257 ad
1635 3190 2087 3280 peccandum,
2123 3193 2299 3260 sicut
2328 3193 2396 3259 in
2429 3213 2643 3259 mem-

1072 3293 1235 3364 bris.
1298 3297 1454 3366 Duo
1522 3321 1688 3390 ergo
1746 3299 2069 3369 dicuntur
2115 3301 2184 3368 in
2242 3298 2367 3369 hac
2425 3311 2641 3393 parte.

1073 3405 1334 3485 Primo,
1378 3410 1745 3498 promissio
1776 3410 1905 3479 sub
1936 3410 2353 3479 conditione.
2381 3410 2648 3480 Secun-

1074 3511 1189 3594 do,
1261 3516 1434 3583 ratio
1520 3518 2005 3607 promissionis
2070 3525 2140 3586 et
2211 3540 2439 3595 causa,
2523 3519 2640 3599 ibi,

1070 3629 1136 3698 5.
1186 3623 1267 3689 13
1302 3644 1317 3691 :
1367 3651 1402 3686 «
1448 3625 1797 3709 Quoniam
1836 3625 2047 3718 eleqit
2075 3626 2441 3696 Dominus.
2481 3652 2514 3694 ιι
2568 3626 2642 3694 ln

1071 3730 1305 3820 prima
1346 3729 1508 3799 duo.
1585 3731 1849 3808 Primo.
1900 3732 2205 3802 conditio
2254 3756 2461 3824 super
2508 3757 2642 3825 qua

1068 3839 1438 3930 promissio
1496 3840 1595 3909 lit.
1642 3840 1996 3921 Secundo,
2049 3842 2198 3931 ipsa
2246 3845 2637 3933 promissio,

1066 3944 1185 4020 ibi,
1261 3974 1294 4008 «
1381 3946 1610 4036 Usque
1666 3948 1740 4014 in
1802 3947 2164 4016 seculum.
2213 3976 2247 4010 n
2290 3946 2443 4027 Vel,
2518 3950 2636 4031 ibi,

1069 4075 1103 4116 ιι
1143 4049 1516 4134 Sedebant,
1573 4082 1606 4116 »ι
1650 4055 2034 4124 secundum
2066 4053 2273 4124 aliam
2314 4054 2635 4137 litteram,

1065 4181 1219 4251 quae
1250 4162 1455 4228 etiam
1499 4170 1599 4229 est
1631 4163 1857 4252 prima
1889 4163 1960 4230 in
2021 4162 2291 4232 Glossa.

1154 4264 1232 4333 In
1272 4267 1493 4357 prima
1569 4267 1735 4337 duo.
1782 4269 2042 4349 Primo,
2114 4272 2184 4337 in
2238 4270 2635 4342 conditione

1060 4375 1340 4465 ponitur
1395 4376 1573 4465 pacti
1642 4384 1711 4445 et
1775 4377 2097 4469 praecepti
2165 4384 2629 4451 conservatio·

1063 4482 1425 4564 Secundo,
1570 4488 2084 4577 perseverantia
2177 4496 2246 4556 et
2359 4488 2632 4560 duratio

1060 4592 1131 4660 in
1214 4595 1765 4675 conservatione,
1835 4595 1961 4677 ibi,
2042 4626 2074 4660 ι
2137 4597 2239 4665 Et
2311 4596 2457 4686 filii
2520 4622 2639 4668 eo-

1061 4720 1245 4768 rum.
1293 4727 1327 4762 n

1151 4806 1228 4874 ln
1257 4810 1482 4899 prima
1512 4808 1674 4891 duo,
1715 4809 2099 4880 secundum
2139 4810 2278 4881 duo
2307 4814 2637 4906 quae‘po-

1056 4921 1316 4981 nuntur
1351 4913 1424 4983 in
1480 4914 1904 4985 conditione.
1955 4915 2219 4997 Prinne,
2253 4920 2428 5009 pacti
2470 4943 2634 4989 eon-

1055 5023 1353 5091 servatio
1406 5023 1564 5093 facti
1635 5024 1705 5093 in
1763 5023 2204 5116 baptismate.
2282 5024 2628 5111 Secundo,

1054 5132 1374 5220 praecepti
1414 5131 1646 5223 scripti
1717 5132 1789 5201 in
1828 5132 2007 5223 lege,
2044 5130 2163 5212 ibi,
2212 5158 2248 5199 ι
2296 5137 2393 5202 Et
2440 5141 2636 5205 testi-

1052 5258 1315 5307 monla.
1352 5266 1386 5301 n

1142 5343 1323 5414 Dicit
1380 5367 1547 5437 ergo
1596 5367 1613 5415 ε
1676 5344 1794 5414 Sic
1830 5347 2095 5437 juravit
2131 5356 2337 5440 caput
2384 5372 2635 5441 perpe-

1053 5455 1178 5518 tuo
1208 5459 1276 5519 et
1303 5452 1377 5519 in
1405 5475 1479 5522 se
1502 5459 1979 5546 regnaturum,
2013 5463 2080 5524 et
2111 5457 2320 5525 etiam
2341 5456 2626 5547 juravit,

1056 5558 1243 5649 quod
1286 5585 1320 5626 ι
1348 5560 1496 5649 filii
1530 5561 1890 5642 sedebunt,
1920 5586 1954 5627 n
1999 5563 2289 5633 tirmiter
2314 5565 2624 5644 stabiliti,

1059 5692 1095 5733 ι
1125 5687 1337 5759 super
1371 5668 1602 5738 sedem
1658 5680 1882 5751 tuam,
1923 5696 1954 5732 n
2017 5672 2277 5763 regiam
2325 5683 2633 5765 potesta-

4188 330 4314 398 399

2762 518 2899 576 tem
2941 508 3217 576 scilicet.
3250 508 3505 575 Jerem.
3558 530 3793 584 xxxin,
3831 506 3913 572 20
3954 511 4019 571 et
4057 505 4135 569 21
4177 526 4191 568 ;
4234 504 4316 572 Si

2760 617 3037 681 irritum
3079 625 3297 704 polest
3323 616 3480 701 fieri
3529 625 3817 704 pactum
3884 635 4109 680 meum
4157 633 4313 677 cum

2758 719 2889 797 die,
2938 729 3002 785 et
3024 729 3303 809 pactum
3365 740 3589 784 meum
3629 741 3782 783 cum
3814 729 4026 793 nocte,
4064 726 4127 783 et
4175 737 4309 783 non

2755 830 2847 894 sit
2876 829 3017 895 dics
3063 839 3125 895 et
3154 852 3293 895 nox
3331 830 3401 894 in
3432 839 3727 919 tempore
3749 851 3900 904 suo,
3935 838 3999 893 et
4024 838 4309 917 pactum

2756 959 2982 1004 meum
3023 938 3298 1003 irritum
3364 959 3498 1003 esse
3539 937 3790 1026 poterit
3841 958 3997 1002 cum
4047 933 4305 1008 David,

2751 1067 2940 1110 servo
2988 1068 3157 1126 meo,
3214 1054 3455 1110 utnon
3519 1045 3611 1111 sit
3656 1066 3740 1111 ex
3796 1066 3870 1109 eo
3934 1043 4133 1129 filius
4183 1042 4308 1130 qui

2755 1159 2984 1235 reynel
3023 1151 3093 1215 in
3124 1149 3364 1215 throno
3411 1149 3586 1236 ejuS.
3628 1177 3660 1210 «
3722 1149 3802 1215 Si
3857 1147 4305 1214 custodierint

2749 1253 2895 1343 filii
2951 1258 3080 1339 tui,
3126 1283 3158 1318 »
3231 1279 3270 1323 o
3325 1265 3401 1324 tu
3458 1257 3699 1335 David,
3755 1265 4304 1322 «testamentum

2753 1385 3003 1441 meum,
3060 1393 3090 1425 »
3152 1373 3424 1454 pactum
3473 1365 3723 1432 scilicet
3773 1366 3842 1430 in
3899 1362 4303 1453 baptismate

2751 1471 3187 1560 promissum.
3253 1472 3526 1539 Denter.
3581 1494 3697 1550 vn,
3766 1473 3844 1537 12
3908 1472 4054 1539 :Si
4110 1478 4307 1560 post-

2754 1599 2964 1668 quam
2996 1578 3299 1644 audieris
3363 1578 3504 1645 lzaec
3556 1578 3861 1666 judicia,
3904 1577 4307 1644 custodieris

2751 1707 2831 1750 ea
2860 1695 2922 1751 et
2948 1687 3212 1774 seceris,
3271 1686 3602 1753 custodiet
3630 1695 3691 1752 ct
3743 1685 4082 1753 Dominus
4120 1686 4309 1751 Deus

2750 1802 2910 1859 tuus
2933 1804 3213 1882 pactum
3245 1792 3395 1871 tibi,
3439 1801 3502 1860 et
3530 1792 4068 1860 miscricordiam
4098 1814 4310 1881 quam

2738 1898 3019 1988 juravit
3103 1900 3426 1991 patribus
3483 1902 3645 1967 tuiS.
3708 1927 3742 1962 «
3812 1901 3907 1966 Et
3964 1897 4311 1965 custodie-

2749 2008 2911 2084 rint,
2961 2032 2992 2072 »
3029 2017 3276 2097 repete,
3327 2037 3360 2070 «
3411 2008 3798 2075 testimonia
3844 2029 4020 2086 mea,
4054 2005 4308 2096 »leges

2747 2115 3023 2191 scilicet,
3068 2123 3132 2181 et
3188 2124 3547 2206 proecepta,
3617 2137 3771 2205 quae
3831 2113 4089 2182 docebo
4159 2134 4304 2181 eos·

2749 2219 2841 2286 ΙΙΙ
2881 2220 3041 2310 lleg.
3081 2244 3176 2301 ιιι,
3219 2223 3294 2288 Η
3343 2245 3358 2288 :
3421 2224 3503 2290 Si
3550 2221 4015 2287 ambulaveris
4057 2220 4129 2285 in
4178 2220 4308 2286 viis

2747 2329 2938 2407 meis,
2970 2340 3033 2395 et
3050 2330 3451 2397 custodieris
3472 2339 3811 2421 praecepta
3843 2351 3993 2396 mea
4027 2337 4091 2394 ct
4111 2350 4309 2395 man-

2748 2433 2914 2502 data
2962 2459 3136 2521 mea,
3201 2438 3381 2505 sicut
3439 2436 3828 2504 ambulavit
3879 2446 4083 2527 pater
4111 2445 4299 2515 tuus,

2753 2540 2992 2632 lonqos
3018 2546 3281 2632 faciam
3320 2543 3465 2611 dies
3493 2553 3670 2610 tuos.

2842 2678 2876 2716 ιι
2908 2656 3004 2721 Et
3027 2655 3171 2741 filii
3232 2677 3490 2732 eorum,
3538 2679 3571 2717 ι
3616 2675 3753 2722 non
3811 2654 4034 2720 solum
4102 2652 4300 2742 primi

2747 2758 2895 2835 filii,
2934 2785 2966 2825 α
3013 2784 3222 2851 usque
3289 2763 3358 2828 in
3426 2759 3781 2843 saeculutn,
3819 2786 3852 2821 »
3896 2760 4297 2827 successuri.

2746 2866 2917 2934 Ecce
2984 2869 3482 2956 perseverantia
3541 2876 3601 2934 et
3644 2867 4059 2957 perduratiO,
4129 2867 4305 2934 sicut

2746 2975 2951 3041 etiam
3036 2977 3148 3042 tiet
3213 2977 3282 3044 in
3341 2975 3638 3044 Ecclesia
3674 2998 3967 3065 semper.
4012 2974 4073 3041 11
4127 2972 4297 3065 lleg.

2746 3103 2865 3159 vn,
2918 3083 2995 3148 1ss
3030 3083 3343 3152 :Fidelis
3406 3085 3536 3150 erit
3589 3083 3835 3150 domus
3893 3090 4038 3158 tua,
4100 3091 4165 3148 et
4194 3103 4306 3150 re-

2743 3210 2964 3277 quum
3030 3199 3225 3257 tuum
3287 3213 3499 3281 usque
3563 3192 3635 3258 in
3707 3198 4063 3257 aeternum.
4155 3186 4305 3257 lloc

2749 3296 2950 3362 etiam
3007 3296 3188 3387 quoel
3229 3298 3413 3368 (licit.
3461 3327 3492 3358 «
3555 3298 3635 3365 lu
3672 3297 4029 3377 soeculum,
4075 3322 4109 3361 ιι
4143 3305 4306 3387 pot-

2749 3410 2847 3468 est
2872 3403 3068 3494 jungi
3102 3427 3255 3471 cum
3308 3405 3615 3494 sequenti
3669 3403 3912 3471 littera.
3950 3402 4163 3483 Quasi
4197 3403 4304 3471 di-

2747 3520 2927 3579 ceret
2969 3534 2985 3580 :
3048 3513 3118 3581 Si
3170 3513 3612 3581 custodierint
3642 3512 3789 3596 tilii,
3836 3538 3868 3578 α
3904 3521 3970 3579 et
3992 3512 4140 3602 filii
4185 3534 4305 3579 eo-

2746 3640 2928 3698 rum,
2990 3645 3024 3684 n
3086 3630 3247 3688 tunc
3314 3646 3349 3687 α
3387 3619 3713 3688 sedebunt
3743 3621 3815 3687 in
3851 3620 4207 3688 saeculum.
4260 3646 4293 3681 n

2745 3723 2838 3792 lll
2867 3727 3033 3819 lleg.
3071 3753 3161 3807 xi,
3197 3729 3282 3797 34
3317 3752 3333 3797 ε
3370 3731 3625 3797 Ducem
3660 3751 3926 3820 ponam
3957 3751 4144 3809 eum,
4194 3752 4303 3797 ca·

2745 3832 3075 3905 titolicum
3097 3837 3375 3916 scilicet,
3424 3846 3710 3929 propter
3736 3836 3992 3913 David,
4024 3858 4300 3905 servum

2746 3968 2996 4021 meum,
3037 3948 3296 4014 cunctis
3325 3944 3564 4012 diebus
3603 3946 3758 4011 citae
3799 3967 3962 4011 suec.
4009 3944 4210 4025 Item,
4242 3946 4298 4013 si

2742 4062 3017 4145 pactum
3071 4052 3474 4132 custoditur,
3532 4060 3596 4119 et
3657 4059 3988 4143 praecepta
4015 4074 4301 4120 servan-

2743 4172 2878 4243 tur,
2914 4163 2983 4230 in
3015 4162 3262 4231 throno
3297 4162 3487 4254 regni
3543 4159 3836 4230 coelestis
3892 4159 4291 4247 collocatur,

2744 4273 2857 4362 qui
2889 4271 2985 4339 sic
3022 4270 3340 4351 custodit,
3386 4267 3792 4361 Apocalyps„
3837 4290 3934 4352 ιιι,
3978 4270 4054 4336 21
4096 4290 4114 4335 :
4161 4268 4299 4354 Qui

2742 4379 3000 4462 vicerit,
3034 4377 3215 4446 dabo
3243 4378 3309 4444 ei
3341 4377 3572 4445 sedere
3626 4397 3889 4443 mecum
3921 4376 3994 4443 in
4050 4375 4293 4443 throno

2743 4511 2889 4555 meo
2920 4511 2944 4556 .·
2979 4490 3156 4557 sieut
3181 4496 3248 4554 et
3265 4509 3390 4576 eqo
3429 4486 3587 4564 vici,
3619 4494 3684 4553 et
3702 4484 3856 4554 sedi
3892 4506 4048 4553 cum
4077 4487 4294 4554 Patre

2742 4618 2888 4664 meo
2919 4597 2990 4664 in
3020 4597 3262 4663 throno
3292 4595 3472 4686 ejus.

2829 4946 2867 4985 κ
2929 4920 3273 5005 Quoniam
3311 4917 3541 5008 eleqit.
3574 4916 3701 4986 Ilic
3731 4916 4134 4995 secundum,
4166 4917 4288 4986 sci·

2735 5026 2895 5095 licet
2931 5050 3133 5095 causa
3188 5035 3253 5094 et
3328 5026 3503 5093 ratio
3566 5022 3721 5094 talis
3785 5024 4284 5115 promissionis,

2738 5153 2888 5223 quae
2920 5131 3221 5222 tangitur
3240 5130 3431 5221 quasi
3464 5129 3735 5220 triplex,
3759 5126 4015 5197 scilicet
4043 5128 4291 5219 triplex

2737 5238 3003 5308 electio.
3038 5237 3267 5305 Prima
3306 5259 3470 5328 ergo
3501 5258 3705 5305 causa
3750 5242 3853 5303 est
3891 5232 4132 5304 electio
4170 5260 4294 5328 per

2734 5345 3428 5438 praedestinationem.
3476 5340 3814 5425 Secunda,
3861 5340 4104 5411 electio
4169 5366 4294 5436 per

2733 5464 3133 5548 praesentem
3188 5454 3771 5546 justificationem,
3830 5459 3899 5519 et
3946 5450 4294 5522 inhabita-

2734 5564 2991 5631 tionem
3058 5586 3177 5653 per
3231 5561 3548 5651 gratiam,
3594 5556 3711 5635 ibi,
3784 5585 3818 5620 κ
3852 5557 4092 5649 Eleqit
4136 5581 4290 5626 eam

2733 5673 2808 5740 in
2846 5669 3368 5739 habitationem.
3443 5692 3477 5733 ιι
3543 5665 3794 5745 Tertia,
3872 5665 4114 5736 electio
4169 5689 4293 5758 per
