5008 6329
1714 480 2422 550 COMMENTARIUS
2471 480 2566 547 IN
2615 480 3054 549 PSALMUM
3104 477 3487 547 CXXXIX.

995 649 1346 734 kenditur,
1381 651 1481 717 sic
1508 653 1786 741 confusi
1820 661 1981 718 sunt
2010 652 2255 718 domus
2305 649 2549 717 Israel.

997 754 1343 834 Eccle.‘1x,
1384 759 1506 824 12:
1551 758 1747 826 Sicut
1761 758 1976 847 pisces
2015 758 2386 847 capiuntur
2423 754 2557 820 lm-

998 885 1132 941 mo‚
1174 873 1239 929 et
1266 865 1445 930 sicut
1494 886 1649 930 aves
1683 862 1925 952 laqueo
1970 861 2557 951 comprehendun-

997 979 1138 1047 tur,
1177 973 1275 1036 sic
1330 970 1708 1060 capiuntur
1760 968 2063 1034 homines
2119 970 2193 1035 in
2259 979 2557 1060 tempore

1001 1078 1217 1145 malo.

1099 1421 1132 1461 α
1187 1394 1490 1487 Coqnovi
1515 1397 1685 1487 quia
1720 1396 1953 1485 saciet.
2002 1425 2034 1458 »
2084 1395 2214 1463 Hic
2268 1396 2560 1484 subjun-

1004 1505 1102 1594 git
1148 1503 1230 1571 de
1286 1504 1512 1582 boniS,
1573 1513 1640 1572 et
1681 1505 1978 1594 praemiis
2038 1506 2410 1593 justorum.
2478 1504 2560 1571 Et

1001 1617 1381 1702 tanguntu'r
1464 1621 1781 1703 quatuor.
1855 1611 2188 1690 Primum,
2251 1612 2560 1702 probatio

1001 1719 1356 1785 sententiae
1399 1741 1521 1808 pro
1554 1741 1650 1797 se,
1705 1727 1773 1787 et
1827 1726 2063 1787 contra
2119 1719 2432 1786 inimicos
2490 1719 2559 1785 in

992 1823 1278 1912 judicio.
1318 1823 1737 1903 Secundum,
1771 1824 1941 1892 ultio
1983 1824 2064 1893 de
2120 1825 2285 1916 ipsis
2329 1825 2558 1892 inimi-

1000 1932 1121 2009 cis»,
1157 1932 1273 2022 qui
1305 1954 1423 1999 eos
1451 1931 1864 2011 afflixerunt,
1898 1932 2018 2014 ibi,
2068 1957 2127 1999 «ι
2168 1935 2265 2001 Et
2330 1931 2562 1999 vindi-

998 2047 1204 2106 ctam.
1274 2062 1306 2102 ι
1358 2038 1686 2117 Tertium,
1746 2039 2083 2108 confessio
2158 2039 2378 2107 laudis
2436 2062 2558 2129 pro

992 2144 1253 2234 judicio
1294 2154 1362 2214 et
1399 2144 1725 2222 vindicta,
1768 2145 1886 2226 ibi,
1919 2154 1983 2223 ᾗ.
2022 2147 2144 2213 14:
2196 2174 2228 2209 α
2289 2149 2563 2214 Verum-

1001 2264 1231 2321 tamen
1257 2254 1472 2343 justi.
1522 2283 1555 2317 n
1589 2254 1952 2335 Quartum.
2003 2267 2237 2347 aperta
2279 2258 2402 2326 Dei
2441 2279 2559 2326 co-

1000 2361 1247 2452 gnitio,
1309 2360 1428 2441 ibi,
1467 2389 1499 2424 «
1542 2363 1639 2429 Et
1678 2361 2117 2431 habitabunt.
2166 2389 2198 2429 ι

1088 2465 1271 2534 Dicit
1308 2488 1519 2557 ergo:
1563 2466 1727 2535 Haec
1754 2475 1952 2536 erunt
2010 2468 2232 2549 malis,
2293 2478 2361 2538 et
2426 2472 2564 2537 im-

1000 2573 1155 2664 piis„
1192 2595 1344 2663 quae
1384 2575 1781 2642 enumeravi
1816 2597 1831 2642 ε
1885 2575 2002 2644 sed
2045 2598 2175 2668 ego
2236 2603 2267 2640 α
2307 2599 2563 2667 coqno-

1003 2681 1093 2759 vi,
1134 2707 1164 2743 υ
1225 2690 1411 2749 certa
1438 2681 1829 2773 cognitione
1863 2681 2041 2757 fidei,
2104 2707 2139 2749 ι
2170 2684 2340 2774 quia
2412 2686 2563 2751 Do-

1000 2791 1230 2857 minus
1280 2790 1492 2880 saciet
1509 2790 1871 2880 judicium
1922 2793 2167 2885 inopis,
2196 2817 2230 2858 ι
2281 2815 2563 2883 oppres·

998 2897 1124 2963 eia
1160 2905 1465 2987 potente.
1519 2897 1661 2967 Nec
1726 2899 2106 2990 appellatur
2171 2902 2366 2992 inops
2440 2904 2559 2993 qui

1000 3003 1225 3073 deficit
1257 3005 1482 3085 rebus„
1512 3007 1629 3075 sed
1670 3009 1787 3098 qui
1824 3008 2107 3077 virtutes
2135 3011 2348 3077 esurit
2377 3020 2442 3079 et
2472 3011 2561 3077 si-

1001 3112 1101 3181 tit.
1138 3111 1271 3182 Isa.
1315 3136 1410 3194 xi,
1453 3114 1495 3182 4
1529 3136 1545 3181 :
1576 3113 1935 3184 Iudicabit
1965 3117 2038 3185 in
2054 3115 2346 3206 justitia
2368 3140 2560 3209 pau-

990 3244 1209 3312 peres,
1251 3232 1317 3291 et
1354 3232 1602 3316 arguet
1629 3224 1703 3291 in
1729 3226 2053 3316 aequitate
2082 3249 2215 3317 pro
2244 3249 2559 3295 mansue·

997 3330 1085 3397 tis
1113 3340 1334 3400 teme.
1375 3330 1705 3400 Proverb.
1741 3355 1910 3417 xxn,
1953 3335 2037 3400 22
2082 3354 2098 3401 ε
2134 3336 2289 3403 Non
2325 3338 2556 3425 facias

993 3438 1396 3509 violentiam
1459 3445 1762 3535 pauperi
1842 3445 2009 3535 quia
2080 3468 2354 3537 pauper
2426 3457 2548 3524 est,

989 3571 1108 3615 nec
1133 3558 1447 3619 conteras
1483 3574 1772 3642 eqenum
1805 3552 1876 3620 in
1896 3563 2129 3644 porta,
2162 3555 2331 3646 quia
2348 3555 2555 3644 judi-

988 3653 1172 3722 cabit
1214 3657 1555 3726 Dominus
1618 3681 1901 3727 causam
1956 3660 2136 3750 ejus.
2201 3660 2310 3739 Et,
2378 3661 2554 3730 Pro-

987 3762 1178 3831 verb.
1215 3787 1411 3848 xxiii,
1462 3768 1541 3834 10
1571 3775 1642 3835 et
1673 3769 1745 3834 Η
1798 3790 1815 3835 :
1865 3770 1967 3838 Ne
2012 3770 2319 3862 attinqas
2377 3794 2553 3862 par-

988 3868 1313 3938 vulorum
1345 3874 1691 3952 terminos,
1735 3884 1798 3941 et
1853 3898 2057 3965 aqros
2099 3878 2549 3970 pupillorum

986 4002 1070 4045 ne
1118 3981 1418 4049 introeas
1448 4005 1471 4049 .·
1523 3984 1956 4074 propinquus
2019 3987 2200 4052 enim
2256 3986 2548 4056 illorum

984 4090 1194 4176 sortis
1258 4099 1381 4170 est,
1441 4100 1504 4157 et
1569 4092 1716 4181 ipse
1765 4090 2127 4180 judicabit
2189 4106 2428 4165 contra
2484 4107 2551 4165 te

985 4218 1271 4265 causam
1304 4196 1624 4266 illorum.

1080 4435 1115 4477 ι
1162 4414 1259 4480 Et
1324 4412 1730 4481 vindictam.
1804 4437 1838 4478 ι
1900 4413 2072 4484 Ecce
2134 4418 2539 4487 secundum.

985 4515 1197 4597 Quasi
1225 4518 1528 4588 diceret:
1571 4518 1780 4588 Dabit
1832 4523 2238 4590 sententiam
2287 4525 2539 4615 inopis,

988 4650 1020 4688 ι
1055 4634 1120 4691 et
1160 4650 1195 4686 n
1230 4627 1438 4693 etiam
1487 4625 1687 4694 faciet
1745 4652 1780 4694 ι
1840 4627 2213 4698 vindictam
2271 4654 2544 4723 paupe-

984 4752 1166 4811 rum,
1202 4759 1235 4792 ιο
1272 4730 1405 4800 hoc
1442 4738 1569 4814 est,
1614 4754 1736 4824 pro
1777 4735 2211 4825 pauperibus.
2262 4737 2370 4806 Ad
2400 4737 2541 4807 Ro-

1058 4985 1076 5020 ¹
1109 4980 1197 5040 Cf.
1231 4982 1558 5043 Deuteron.
1588 4999 1768 5051 xxxii,
1791 4985 1859 5042 35
1891 5001 1905 5041 ε
1950 4987 2071 5044 Nea
2120 4994 2201 5044 est
2258 4988 2421 5060 uitio,
2486 5000 2540 5050 et

983 5085 1085 5142 eqo
1112 5072 1427 5128 retribuam
1455 5074 1516 5128 in
1561 5079 1823 5145 tempore.

1057 5159 1080 5196 ¹
1110 5160 1226 5217 lea.
1259 5176 1432 5228 xxxv,
1466 5162 1534 5217 ¹0
1565 5177 1582 5217 ε
1618 5162 1850 5221 Venient
1876 5165 1936 5221 in
1980 5164 2116 5224 Sion
2144 5183 2269 5225 m
2325 5167 2492 5228 laudo
2517 5187 2540 5228 .·

1223 5956 1338 6000 xm

4091 473 4219 540 465

2665 672 2848 716 man.
2897 649 3185 727 x11,19:
3249 648 3432 714 Mihi
3485 648 3770 727 vidicta,
3833 668 3955 735 eqo
4021 644 4224 711 retri-

2667 756 2873 821 buam
2907 762 2950 820 ¹.
2999 753 3206 821 Eccli.
3238 775 3477 831 xxviii,
3542 756 3565 818 1
3617 775 3632 819 :
3682 754 3821 835 Qui
3890 751 4224 818 vindicari

2666 864 2818 930 vult
2847 887 2890 930 a
2925 864 3243 940 Domino,
3282 863 3573 928 inveniet
3638 861 4041 928 vindictam.

2763 1217 2795 1252 α
2854 1190 3329 1255 Verumtamen
3381 1169 3594 1274 justi.
3644 1209 3676 1249 ι»
3720 1183 3851 1251 Hic
3916 1184 4217 1250 tertium.

2670 1295 2879 1375 Quasi
2919 1293 3170 1361 diceret
3204 1313 3220 1361 :
3281 1291 3787 1359 Judicabuntur
3829 1312 3952 1381 pro
3993 1290 4218 1379 justiS,

2670 1408 2736 1468 et
2771 1400 3346 1467 vindicabuntur:
3396 1425 3431 1460 α
3475 1400 3952 1464 Verumtamen
3997 1424 4028 1458 »
4101 1395 4226 1485 ipsi

2672 1508 2941 1596 «justi,
2981 1535 3012 1568 »ι
3049 1529 3186 1574 non
3219 1506 3669 1572 attribuentes
3701 1504 3832 1570 sibi
3870 1502 4052 1571 hona
4084 1502 4223 1580 ilia,

2673 1640 2705 1681 α
2740 1615 3268 1702 confitebuntur,
3310 1641 3341 1675 »
3378 1611 3806 1680 confessione
3843 1610 4086 1687 laudis»,
4166 1618 4231 1677 et

2670 1723 3041 1813 gratiarum
3071 1720 3387 1797 actioniS,
3434 1744 3466 1785 α
3500 1719 3769 1786 nomini
3806 1726 3950 1795 tuo,
3997 1742 4030 1782 ι
4099 1739 4232 1784 no·-

2670 1827 2978 1895 minabili
3012 1827 3361 1916 potentiae,
3394 1834 3462 1893 et
3503 1824 3912 1915 benignitati
3941 1831 4100 1901 tuae,
4135 1823 4232 1890 di-

2668 1944 2899 2004 centes
2940 1933 3105 2002 iilud
3140 1933 3425 2024 Apocal.
3453 1956 3591 2015 xix,
3627 1933 3666 2000 7
3704 1955 3719 1998 :
3760 1931 4225 2010 Gaudeamus,

2668 2053 2734 2112 et
2768 2042 3215 2116 exsultemus,
3276 2052 3341 2109 et
3407 2041 3647 2108 demus
3691 2040 4000 2130 qloriam
4056 2041 4224 2106 Deo.

2670 2150 2802 2219 Isa.
2848 2172 2933 2227 m,
2982 2152 3049 2216 1¹
3105 2170 3120 2216 ε
3172 2151 3447 2216 Venient
3484 2149 3557 2216 in
3588 2147 3761 2217 Sion
3794 2145 4223 2214 laudantes&

2672 2261 2755 2329 Et
2784 2282 3041 2336 rursus»,
3095 2259 3225 2325 Isa.
3252 2280 3341 2341 m,
3367 2259 3407 2326 3
3450 2275 3467 2325 2
3527 2256 3910 2336 Gaudium,
3958 2266 4019 2321 et
4052 2254 4230 2321 taeti-

2670 2370 2771 2437 tia
2802 2368 3180 2435 invenietur
3209 2367 3280 2433 in
3319 2389 3425 2444 ea,
3473 2366 3873 2455 qratiarum
3922 2363 4121 2441 actio,
4167 2372 4228 2428 et

2669 2497 2804 2543 voa:
2833 2473 3090 2543 laudis.

2762 2687 2926 2753 «Et
2960 2684 3400 2753 habitabunt.
3452 2707 3486 2748 ι
3550 2683 3677 2751 Hic
3741 2688 3843 2750 est
3907 2688 4222 2772 quartum

2670 2792 3102 2862 beneficium.
3160 2792 3375 2873 Quasi
3430 2791 3744 2860 diceret:
3809 2789 3926 2858 Sic
3985 2789 4226 2857 lauda-

2665 2900 2863 2977 bunt,
2902 2927 2935 2967 α
2968 2911 3030 2969 et
3064 2901 3252 2984 recti,
3290 2928 3323 2962 »ι
3359 2900 3631 2989 ipsimet
3687 2897 3805 2988 qui
3845 2898 4014 2985 justi
4065 2896 4223 2964 dicti

2665 3016 2849 3090 sunt,
2894 3032 2929 3074 ι
2969 3005 3386 3074 habitabunt
3423 3028 3579 3073 cum
3609 3004 3811 3072 vultu
3841 3014 3986 3081 tuo,
4034 3029 4067 3066 n
4097 3002 4227 3071 hoc

2662 3127 2788 3197 est,
2833 3117 2903 3185 in
2932 3115 3295 3206 praesentia
3322 3112 3558 3183 vultus
3595 3114 3718 3194 tui,
3758 3133 3966 3204 quem
3996 3111 4226 3181 videre

2663 3233 2767 3294 est
2793 3247 3064 3292 summa
3091 3221 3452 3291 delectatio
3491 3231 3561 3291 et
3586 3229 3840 3290 aeterna
3887 3221 4052 3288 vita.
4110 3220 4229 3288 Jo-

2662 3354 2777 3399 an.
2832 3352 2996 3411 xvu,
3039 3330 3128 3398 3:
3213 3331 3373 3398 Ilaec
3404 3338 3504 3397 est
3559 3329 3703 3396 vita
3773 3336 4027 3395 eterna
4068 3350 4089 3393 .·
4149 3337 4226 3395 ut

2660 3432 3081 3529 cognoscant¹
3135 3448 3222 3516 te,
3297 3443 3533 3527 aperta
3614 3436 3907 3513 visione,
3995 3434 4223 3502 solum

2659 3549 2885 3616 Deum
2943 3569 3203 3627 verum,
3272 3556 3337 3614 et
3389 3567 3591 3636 quem
3665 3543 3942 3624 misisti,
3990 3546 4225 3612 Jesum

2662 3654 3038 3724 Christum.
3077 3652 3206 3721 lsa.
3239 3675 3479 3731 xxxin,
3517 3653 3596 3720 17
3636 3674 3652 3720 ε
3686 3652 3939 3740 Reqem
3994 3652 4065 3717 in
4105 3650 4227 3717 de-

2656 3784 2810 3829 core
2830 3784 2957 3829 suo
2984 3759 3336 3828 videbunt.
3371 3759 3479 3827 Ad
3529 3756 3841 3827 Corinth.
3885 3780 4032 3834 xm,
4078 3758 4152 3823 12
4200 3778 4216 3823 ε

2670 3870 2998 3938 Videmus
3033 3893 3217 3939 nuvae
3247 3892 3375 3961 per
3401 3868 3762 3961 speculum
3793 3868 3866 3935 in
3895 3868 4225 3957 aeniqma-

2657 3989 2745 4057 te,
2788 3989 2953 4046 tunc
2978 3987 3235 4056 autem,
3278 3986 3407 4047 etc.
3452 3976 3713 4045 lJoan.
3745 3998 3845 4055 111,
3896 3977 3978 4043 2:
4025 3975 4224 4043 Vide-

2656 4086 2882 4155 bimus
2909 4108 3065 4154 eum
3105 4087 3316 4154 sicuti
3341 4095 3463 4154 est.
3507 4084 3594 4153 Et
3622 4093 3724 4153 eet
3787 4107 3952 4153 vera
4024 4086 4223 4152 satie·

2654 4202 2758 4261 tae
2786 4193 2933 4261 sine
2961 4191 3258 4260 fastidio.
3297 4190 3375 4259 ln
3417 4190 3601 4260 Psal.
3633 4213 3776 4271 xvi,
3823 4192 3931 4268 15,
3966 4212 4212 4280 supra:

2649 4299 2982 4369 Satiabor
3006 4321 3164 4368 cum
3193 4300 3603 4391 apparuerit
3625 4298 3863 4390 qloria
3893 4309 4041 4366 tua.
4079 4298 4210 4365 Isa.

2651 4428 2762 4483 nx,
2795 4408 2836 4475 5
2869 4430 2886 4474 ε
2928 4408 2986 4475 T
2979 4429 3109 4475 unc
3138 4405 3400 4475 videbis
3427 4413 3494 4474 et
3521 4405 3805 4496 afflues,
3886 4416 3950 4472 et
3996 4406 4217 4473 mira-

2652 4513 2863 4592 bitur,
2906 4525 2969 4583 et
2994 4514 3420 4584 dilatabitur
3444 4538 3563 4583 cor
3590 4524 3818 4582 tuum.
3867 4514 3975 4581 Ad
4005 4536 4211 4604 quam

2646 4623 2987 4690 visionem
3040 4630 3106 4689 et
3172 4621 3598 4690 affluentiam
3679 4621 4010 4712 perducat
4055 4643 4208 4703 noS,

2650 4731 2768 4823 qui
2815 4737 2918 4798 est
2958 4729 3381 4809 benedictus,
3444 4738 3573 4798 etc.

2646 4990 2698 5038 et
2729 4983 2931 5039 letitia
2968 4981 3305 5053 sempiterna
3336 4994 3504 5051 super
3551 4983 3720 5051 caput
3766 4993 3955 5034 eorum
4012 4993 4032 5031 .·
4060 4992 4206 5046 oau-

2647 5072 2805 5128 dium
2835 5078 2889 5129 et
2918 5071 3171 5130 letitiam
3203 5069 3551 5140 obtinebunt,
3608 5073 3661 5124 et
3705 5069 3889 5138 waiet
3935 5065 4098 5121 dolor
4151 5072 4206 5120 et

2645 5163 2900 5233 oemssus.

3907 5932 3979 5989 30

4347 1096 4474 1162 14
