5008 6329
731 263 862 332 434

718 435 1078 517 *debemuffi
1123 438 1307 527 quia,
1344 437 1548 504 Eceli.
1621 464 1787 518 χχιι,
1862 441 1942 507 6:
1991 439 2277 505 dicitur:

724 545 990 612 Musica
1029 545 1103 610 in
1135 543 1348 623 luctu,
1383 547 1784 637 importuna
1824 548 2164 615 narratio.
2199 546 2285 611 Et

728 651 933 719 modo
978 651 1176 718 nobis
1239 651 1642 744 lugendum,
1689 655 2040 728 Ezechiel.
2086 676 2278 732 xxv1,

730 759 810 824 13
837 781 852 824 :
884 759 1231 843 Quiescere
1247 764 1512 851 faciam
1526 763 2049 829 multitudinem
2071 764 2287 828 canti-

725 887 960 932 corum
978 872 1292 937 tuorum':
1312 879 1380 937 et
1400 872 1644 938 faciam
1667 880 1732 937 te
1755 893 2060 960 gemere,
2089 880 2154 938 et
2179 893 2288 936 ru-

725 975 892 1064 gire.
938 974 1068 1043 Isa.
1113 998 1249 1057 mx,
1294 979 1364 1042 11
1396 998 1411 1043 ε
1449 979 1833 1066 Buqiemus
1879 979 2085 1068 quasi
2137 980 2286 1044 ursi

726 1103 980 1162 omnes,
997 1092 1059 1149 et
1078 1082 1284 1172 quasi
1291 1083 1625 1152 columbae
1640 1086 2049 1153 meditantes
2061 1107 2284 1176 qeme-

724 1210 901 1256 mus.
936 1187 1114 1268 Quia
1139 1190 1342 1278 positi
1375 1199 1566 1259 extra
1595 1202 1850 1261 terram
1900 1195 2278 1284 propriam,

725 1297 900 1364 etin
930 1294 1174 1366 aliena.
1220 1297 1518 1378 Baruch,
1563 1324 1660 1379 ιιι,
1709 1302 1832 1369 1οε
1912 1301 2105 1385 Quid
2157 1308 2279 1382 est,

722 1401 968 1480 Israel,
1029 1405 1220 1493 quod
1281 1406 1354 1472 in
1407 1418 1591 1473 terra
1648 1408 2091 1474 inimicorum
2153 1429 2220 1474 es
2243 1405 2285 1473 ?

724 1509 1128 1576 Inveterasti
1180 1511 1256 1577 in
1303 1521 1485 1577 terra
1534 1512 1790 1580 aliena.
1844 1512 1995 1578 Tibi
2046 1515 2277 1591 etiam,

726 1617 845 1707 qui
882 1618 1117 1685 irrisor
1154 1640 1251 1702 es,
1297 1619 1646 1707 quomodo
1694 1620 2043 1688 cantabo?
2091 1621 2279 1711 quia,

727 1724 1052 1793 Proverb.
1096 1748 1261 1806 XXV,
1297 1728 1424 1794 20:
1469 1729 1754 1796 Acetum
1796 1730 1868 1795 in
1915 1730 2125 1810 nitra,
2160 1730 2286 1819 qui

724 1841 956 1900 cantat
985 1834 1297 1900 carmina
1336 1835 1530 1901 cordi
1551 1838 1872 1926 pessimo,

819 2178 852 2213 «
896 2153 978 2221 Si
1050 2151 1308 2220 oblitus
1379 2156 1607 2243 suero.
1675 2180 1708 2218 ιι
1779 2155 1908 2223 Hic
1984 2156 2283 2225 secunda

729 2281 886 2349 pars
919 2261 1123 2327 totius
1177 2261 1417 2349 primae
1468 2265 1677 2351 partis
1733 2262 1942 2352 hujus
2000 2264 2277 2331 Psalmi.

728 2367 1100 2456 Postquam
1145 2369 1327 2435 enim
1375 2371 1706 2458 praemisit
1756 2370 1838 2438 de
1886 2382 2281 2440 sanctorum

726 2475 1021 2552 miseria,
1057 2484 1122 2541 et
1160 2475 1528 2544 afflictione
1572 2480 1636 2544 in
1671 2477 2081 2569 Babylonia,
2115 2481 2285 2547 sub-

714 2580 1028 2670 jungitur
1056 2579 1138 2647 de
1197 2604 1507 2671 superum
1562 2582 1731 2651 Sion
1782 2585 2277 2661 recordatione.

723 2697 789 2752 et
828 2685 1060 2753 laetitia
1093 2688 1159 2752 in
1202 2687 1342 2765 illa,
1377 2713 1527 2778 quae
1569 2698 1671 2757 est
1698 2701 2091 2758 sanctorum
2126 2715 2285 2759 ron-

723 2793 992 2875 solatio,
1027 2793 1188 2860 dum
1213 2803 1371 2862 sunt
1408 2797 1474 2862 in
1516 2798 1650 2863 via.
1703 2798 1855 2865 Duo
1906 2809 2134 2866 autem
2177 2799 2284 2866 di-

724 2908 993 2967 cuntur.
1040 2901 1297 2980 Primo,
1333 2905 1745 2994 imprecatur
1773 2906 1927 2978 sibi.
1973 2909 2028 2973 si
2061 2917 2283 2974 cari-:tt

724 3008 936 3095 ipsius
964 3007 1340 3075 Jerusalem
1389 3011 1879 3080 recordatione.
1935 3014 2278 3086 Secundo,

722 3117 1030 3184 sicareat
1068 3117 1296 3185 laetitia
1355 3126 1418 3185 et
1483 3119 1941 3189 exsultatione
2001 3124 2070 3189 in
2142 3122 2280 3197 illa,

722 3224 841 3301 ibi,
869 3226 937 3291 in
959 3225 1186 3294 medio
1208 3234 1273 3303 ᾗ.
1300 3230 1341 3293 (i
1367 3250 1382 3293 ε
1419 3229 1500 3297 Si
1519 3252 1654 3296 non
1678 3253 2126 3321 proposuero.
2155 3260 2186 3294 »

815 3331 892 3399 In
932 3333 1153 3422 prima
1182 3334 1344 3401 duo.
1385 3334 1644 3421 Primo,
1690 3338 2108 3427 imprecatur
2154 3340 2280 3406 sibi

723 3449 995 3508 aeternae
1032 3441 1191 3508 vitae
1222 3442 1692 3525 amissionem,
1727 3446 1781 3513 si
1824 3469 1966 3514 non
2019 3445 2283 3514 halme-

721 3547 807 3613 rit
863 3548 1270 3614 memoriam
1357 3550 1570 3640 ipsius
1649 3550 2062 3619 Jerusalem.
2155 3552 2285 3621 Se-

720 3651 970 3730 cundo,
1026 3651 1315 3744 loquelae
1368 3658 1841 3739 amissionem,
1908 3659 2028 3740 ibi,
2074 3667 2139 3736 ὴ.
2193 3665 2277 3728 ti:

723 3782 757 3823 ι
789 3757 1159 3827 Adhaereat
1200 3761 1469 3852 linqua.
1511 3788 1544 3826 ιι

806 3863 985 3931 Dicit
1060 3886 1224 3955 ergo
1274 3888 1289 3933 ε
1365 3868 1479 3936 Sic
1553 3892 1689 3936 non
1774 3893 2146 3960 possumus
2213 3876 2282 3942 in

719 3969 943 4039 aliena
972 3981 1153 4040 terra
1180 3983 1481 4050 cantare,
1516 3984 1772 4057 tamen,
1806 4001 1848 4045 o
1883 3987 1953 4045 tu
1994 4003 2028 4044 ι
2075 3981 2286 4048 Jeru-

714 4077 957 4158 salem,
1006 4108 1038 4141 ι»
1074 4080 1183 4148 vel
1216 4083 1588 4150 materialis
1620 4094 1955 4174 quantum
1987 4087 2073 4155 ad
2133 4112 2284 4157 ma-

715 4182 1040 4251 terialiter
1077 4187 1483 4275 captivatoS,
1515 4188 1624 4256 vel
1656 4191 2029 4281 spiritualis
2060 4216 2285 4284 quan-

717 4298 863 4357 tum
904 4290 992 4358 ad
1016 4291 1331 4362 detentos
1368 4295 1438 4362 in
1486 4298 1821 4386 spirituali
1868 4300 2278 4393 Babylonia,

719 4398 1015 4487 quasiin
1055 4400 1473 4490 captivitate,
1531 4430 1567 4466 α
1606 4406 1671 4471 si
1732 4405 1996 4476 oblitus
2050 4412 2278 4500 suero,

717 4510 846 4587 tui,
899 4508 1243 4580 oblivioni
1306 4512 1508 4582 detur
1561 4515 1845 4586 dextera
1911 4543 2090 4604 mea,
2137 4548 2171 4587 ι
2217 4521 2283 4589 id

719 4621 845 4693 est,
905 4615 1050 4682 vita
1106 4624 1387 4697 aeterna,
1457 4628 1529 4688 ut
1587 4645 1726 4690 non
1756 4627 1887 4692 sim
1947 4628 2282 4717 particeps

721 4714 928 4798 illius,
988 4740 1115 4785 nec
1168 4720 1239 4787 in
1294 4721 1407 4790 illa
1474 4726 1604 4793 sim
1661 4729 1838 4796 sicut
1874 4753 2120 4820 agnuS,
2172 4732 2281 4800 vel

726 4822 901 4892 ovis.
934 4822 1176 4894 Matth.
1218 4849 1381 4904 xxv,
1427 4831 1554 4899 33:
1602 4832 1772 4901 Oves
1818 4836 2099 4927 quidem
2150 4862 2287 4930 po-

729 4938 842 4995 net
878 4952 922 4997 a
951 4930 1235 5012 dextris,
1296 4934 1527 5005 laeoedos
1581 4950 1810 5009 aulem
1851 4966 1897 5010 a
1955 4945 2279 5014 sinistris.

734 5034 823 5103 Ut
849 5059 988 5105 non
1017 5040 1146 5106 sim
1180 5041 1606 5133 amplexatus
1633 5049 1720 5116 ab
1752 5049 1891 5129 illa,
1946 5052 2118 5120 sicut
2171 5053 2286 5123 illa

730 5142 984 5221 anima,
1018 5168 1169 5235 quae
1206 5147 1495 5234 dicebat,
1529 5153 1788 5224 Cantic.
1836 5180 1909 5235 ιι,
1945 5161 2027 5227 fi:
2083 5164 2284 5227 Imm

727 5245 882 5334 ejus
918 5247 1045 5315 sub
1093 5255 1319 5343 capite
1388 5279 1561 5343 meo,
1618 5271 1686 5329 et
1741 5262 2026 5331 dea-tera
2083 5266 2285 5334 illius

728 5353 1246 5441 amplexabitur
1281 5385 1410 5432 me.
1465 5364 1751 5436 Summe
1799 5372 1986 5439 enim
2037 5395 2284 5440 caven·

731 5458 894 5527 dum
928 5471 1031 5531 est
1065 5462 1354 5551 homini,
1397 5482 1475 5542 ut
1501 5475 1574 5544 in
1612 5478 1888 5547 miseria
1936 5478 2282 5550 bonorum

726 5567 1144 5639 recordetur.
1170 5572 1375 5645 Eccli.
1404 5600 1500 5661 ιι,
1522 5583 1605 5652 27
1630 5602 1649 5655 2
1671 5584 1757 5653 In
1779 5584 1893 5653 die
1917 5584 2277 5676 bonorum,

1714 266 1800 332 D.
1856 265 2056 333 ALB.
2111 266 2329 333 MAG.
2384 266 2588 333 ORD.
2645 266 2936 332 PRAED.

2402 464 2482 505 ue
2537 440 2886 505 immemor
2939 442 3032 505 sis
3071 438 3440 513 malorum,
3478 445 3601 502 etc.
3639 437 3936 501 Ambro—

2401 548 2589 612 sius:
2654 571 2688 608 «ι
2770 542 3052 633 Oportet
3153 542 3498 610 multoties
3564 540 3930 620 reminisci,

2415 680 2442 714 α
2472 652 2651 743 quod
2679 651 2971 719 mundus
3018 652 3202 740 cogit
3258 648 3589 717 oblivisci.
3629 671 3662 712 ιι
3721 646 3936 712 Aliter

2400 763 2531 828 cito
2564 761 2840 828 incurrit
2877 757 3085 825 homo
3119 756 3302 825 illam
3355 755 3930 829 maledictionem,

2396 869 2550 948 Joh,
2584 891 2765 950 xxiv,
2803 869 2929 934 20:
2993 865 3456 935 obliviscatur
3520 862 3673 952 ejus
3731 861 3935 926 mise-

2399 976 2716 1042 ricordia.
2784 975 3035 1042 Jerem.
3099 995 3186 1053 m,
3248 973 3371 1039 50:
3441 970 3674 1038 Nolite
3711 977 3933 1034 stare.-

2399 1084 2850 1151 recordamini
2878 1081 3128 1172 procul
3188 1080 3494 1156 Domini,
3538 1086 3602 1144 ct
3653 1078 3932 1144 Jerusa-

2400 1193 2531 1259 lem
2561 1191 2877 1259 ascendat
2899 1213 3105 1281 super
3132 1212 3246 1256 cor
3290 1196 3609 1255 vestrum.

2488 1539 2520 1577 α
2554 1511 2912 1580 Adhaereat
2963 1509 3228 1599 linqua.
3267 1533 3299 1573 ιι
3349 1506 3479 1574 Hic
3525 1504 3925 1583 secundum,

2398 1624 2466 1689 in
2497 1644 2631 1711 quo
2672 1622 3079 1709 imprecatur
3120 1616 3247 1683 sibi
3289 1613 3577 1705 loquelae
3626 1613 3933 1681 amissio-

2397 1735 2578 1804 nem,
2614 1736 2885 1817 propter
2913 1724 3349 1792 amissionem
3380 1721 3756 1790 memoriae.

2483 1835 2690 1913 Quasi
2747 1833 3050 1900 diceret:
3113 1830 3268 1897 Non
3323 1838 3591 1896 tantum
3659 1827 3934 1895 dextera

2395 1942 2830 2012 obliviscatur
2857 1962 2966 2007 me
2996 1940 3065 2005 in
3095 1937 3346 2016 futuro,
3397 1938 3537 2003 imo
3604 1942 3671 2003 et
3723 1935 3933 2001 mise-

2395 2048 2682 2119 ricordia
2710 2049 2777 2114 in
2803 2045 3141 2137 praesenti.
3186 2071 3222 2107 ι
3260 2043 3623 2112 Adhaereat
3687 2040 3930 2131 linqua

2394 2181 2542 2225 mea
2570 2155 2888 2246 saucibus
2917 2155 3085 2221 meis
3136 2175 3150 2218 :
3190 2179 3224 2214 »
3277 2159 3348 2218 ut
3380 2153 3666 2220 omnino
3695 2159 3928 2216 mutus

2395 2268 2580 2342 tiam,
2620 2288 2652 2329 α
2683 2265 2745 2330 si
2771 2286 2903 2329 non
2942 2261 3309 2327 meminero
3374 2260 3501 2325 tui.
3561 2285 3594 2321 ιο
3664 2258 3926 2337 Primo,

2395 2381 2623 2439 mutus
2661 2369 2944 2437 eflicitur
2982 2366 3192 2434 homo
3248 2374 3525 2456 propter
3576 2373 3926 2455 peccatum

2394 2481 2763 2570 proprium.
2835 2473 3037 2543 Mich.
3106 2498 3225 2551 vn,
3301 2476 3379 2541 16
3424 2496 3438 2541 :
3484 2477 3747 2541 Ponent
3776 2496 3933 2540 ma-

2393 2611 2554 2654 num
2580 2608 2782 2676 super
2809 2607 2904 2650 os,
2949 2581 3229 2649 Glossa:
3269 2607 3301 2644 α
3333 2578 3558 2647 Mutus
3608 2581 3717 2660 sit,
3769 2581 3929 2669 quia

2398 2723 2427 2757 α
2467 2716 2726 2759 ini-mor
2759 2692 2874 2757 Dei
2909 2714 3044 2758 non
3069 2699 3190 2757 est.
3226 2720 3255 2748 n
3289 2687 3694 2778 Gregorius:
3734 2715 3767 2749 α
3804 2686 3931 2753 Ne-

2398 2829 2430 2866 «
2464 2826 2644 2866 ressa:
2685 2811 2778 2866 est
2824 2808 2892 2865 ut
2941 2798 3132 2864 sileat
3164 2795 3419 2886 lingua,
3463 2794 3576 2861 ubi
3621 2817 3800 2885 aegra
3831 2802 3932 2861 cst

2399 2940 2427 2969 «ι
2474 2909 2904 2973 conscientia.
2945 2932 2977 2966 ι»
3025 2904 3108 2970 Εἰ
3165 2913 3438 2993 propter
3491 2901 3817 2976 alienum,
3859 2913 3935 2968 ut

2396 3018 2644 3081 «iic-tum
2680 3024 2798 3084 est.
2849 3012 3173 3078 lizerlnivl.
3253 3035 3344 3084 ιιι,
3401 3015 3530 3077 2⁴5:
3586 3011 3930 3098 Linyuam

2396 3137 2583 3188 suum
2627 3122 2964 3188 adluat-err·
3012 3120 3271 3209 faciam
3331 3119 3576 3209 palato
3643 3126 3787 3198 Ιηο,
3869 3127 3930 3181 tel

2392 3234 2524 3297 eris
2554 3239 2798 3301 tace-nx,
2849 3238 2910 3294 et
2957 3250 3089 3293 non
3151 3227 3406 3317 poteris
3465 3226 3704 3315 loqui:
3761 3226 3928 3313 quia

2393 3340 2636 3405 domus
2663 3358 3070 3427 eoeasperans
3097 3345 3215 3401 est.
3263 3334 3548 3424 Propter
3603 3331 3732 3399 hoc
3792 3355 3927 3398 non

2392 3456 2530 3514 erat
2608 3456 2833 3511 mutus
2926 3442 3155 3518 isaias,
3227 3443 3341 3532 qui
3425 3439 3715 3517 dicebat,
3792 3439 3922 3509 lsa.

2392 3577 2576 3637 xxvi,
2639 3554 2742 3620 8:
2803 3553 3060 3618 Nomen
3136 3560 3331 3616 tuum
3396 3559 3459 3614 et
3533 3546 3931 3614 memoriale

2390 3671 2585 3729 tuum
2628 3660 2696 3726 in
2728 3658 3058 3726 desiderio
3096 3658 3367 3731 animae,
3410 3663 3702 3736 constat,
3745 3653 3927 3744 quod

2390 3794 2556 3838 suae.
2603 3770 2682 3837 Et
2717 3769 3046 3836 Jeremias
3077 3765 3364 3843 dicebat,
3385 3764 3635 3833 Thren.
3673 3786 3769 3848 ιιι,
3795 3764 3924 3831 20:

2390 3878 2722 3946 Memoria
2762 3898 3018 3942 memor
3070 3897 3207 3943 ero.
3264 3874 3368 3955 Et,
3428 3871 3627 3952 Osee,
3660 3894 3806 3954 xm,
3839 3873 3922 3940 8:

2392 3984 2790 4052 Memoriale
2817 3982 2973 4071 ejus
2997 3983 3174 4049 sicu!
3205 3983 3439 4049 vinum
3469 3980 3740 4049 Libani.

2480 4224 2514 4263 α
2546 4197 2627 4266 Si
2661 4218 2793 4263 non
2813 4214 3255 4285 proposuero.
3297 4220 3327 4254 υ
3381 4191 3443 4259 11
3451 4192 3510 4259 ic
3552 4189 3926 4259 secundum

2389 4303 2596 4369 totius
2666 4299 2866 4389 hujus
2928 4298 3160 4389 partis,
3208 4299 3277 4364 in
3333 4318 3470 4386 quo
3519 4295 3931 4386 imprecatur

2388 4408 2541 4488 sibi,
2586 4409 2639 4475 si
2706 4414 2929 4476 careat
2983 4404 3315 4497 spirituali
3374 4403 3611 4471 laetitia
3661 4400 3803 4480 illa,
3861 4409 3931 4469 et

2390 4515 2868 4607 principaliori.

2479 4625 2593 4692 Ait
2621 4626 2852 4692 enim:
2915 4621 3030 4691 Sic
3078 4624 3387 4691 amittam
3442 4621 3655 4689 vitam
3729 4628 3930 4688 aeter-

2392 4753 2574 4811 nam,
2607 4738 2675 4798 et
2703 4729 3068 4821 loquelam,
3102 4730 3158 4797 si
3197 4751 3337 4797 non
3383 4726 3689 4796 habuero
3733 4725 3929 4795 Jeru-

2391 4837 2598 4905 salem
2632 4839 3190 4917 recordationem,
3232 4844 3298 4904 et
3368 4837 3574 4904 etiam
3609 4861 3644 4902 ι
3681 4837 3747 4903 si
3788 4857 3925 4904 non

2389 4946 2713 5028 habuero,
2783 4973 2817 5012 ι
2876 4946 3179 5015 laetitiam
3248 4945 3370 5024 tui,
3440 4968 3482 5013 o
3550 4969 3585 5010 ι
3651 4945 3931 5012 Jerusa-

2395 5053 2550 5131 lem,
2611 5083 2642 5115 ιο
2707 5062 2771 5121 et
2826 5055 2956 5121 hoc
3019 5078 3054 5119 ι
3121 5052 3194 5119 in
3251 5052 3595 5145 principio
3673 5051 3931 5119 laeeitiae

2390 5183 2575 5238 mear,
2622 5184 2654 5225 n
2687 5157 2816 5226 hoc
2844 5167 2969 5239 est,
3002 5159 3227 5225 sinon
3293 5159 3512 5249 primo
3581 5164 3647 5225 et
3682 5158 3930 5248 princi-

2390 5265 2628 5356 paliter
2657 5269 2726 5334 in
2756 5274 2819 5333 te
2849 5266 3123 5356 gavisus
3160 5266 3375 5344 fuero,
3410 5264 3719 5334 accidant
3756 5266 3927 5336 mihi

2390 5374 2726 5465 praedicta.
2798 5371 2915 5440 llla
2973 5395 3137 5465 ergo
3192 5394 3484 5466 superna
3545 5371 3924 5444 Jerusalem

2388 5483 2607 5572 prima
2668 5480 2972 5550 omnium
3033 5490 3135 5551 est
3207 5478 3598 5574 quaerenda.
3677 5479 3919 5553 Matth.

2387 5611 2483 5668 vi,
2518 5589 2645 5657 33:
2681 5587 2974 5674 Quaerite
3027 5589 3338 5681 primum
3401 5609 3690 5679 regnum
3762 5590 3921 5658 Dei.
