5008 6329
1983 303 2690 375 COMMENTARIUS
2741 301 2834 370 ΙΝ
2881 299 3316 370 PSALMUM
3371 301 3545 369 (3111.
4291 296 4376 362 49

1108 464 1117 473 ’
1161 477 1591 567 plicationem
1650 487 2211 545 conservatorum
2258 480 2325 547 in
2377 478 2529 546 loco
2581 475 2711 543 illis

1126 583 1461 671 'provism
1506 583 1622 659 ibi,
1692 583 1929 651 «Illic
1994 585 2300 675 reptilia.
2351 609 2380 648 1
2451 582 2710 655 Terti0‚

1161 696 1491 777 quantum
1523 689 1608 755 ad
1637 692 2018 780 appetitum
2051 701 2115 759 et
2148 691 2557 760 desiderium
2632 685 2715 752 ad

1164 817 1234 862 se
1327 796 1717 865 ordinatum
1807 800 2000 890 quasi
2078 797 2500 875 naturaliter,
2593 795 2710 874 ibi,

1165 907 1230 977 ᾗ.
1277 902 1412 968 2“7;
1480 927 1512 966 e
1552 902 1805 972 Omnia
1873 929 1915 972 a
1981 914 2046 971 te
2106 911 2578 994 exspectant.»
2633 900 2720 967 Et

1167 1016 1431 1098 quarto,
1479 1020 1811 1100 quantum
1845 1012 1927 1079 ad
1977 1012 2312 1102 appetitus
2350 1018 2417 1080 et
2463 1008 2722 1078 deside-

1164 1116 1244 1183 rii
1276 1117 1888 1206 complementum,
1943 1118 2063 1195 ibi,
2095 1124 2160 1193 5.
2196 1120 2280 1187 28
2343 1141 2357 1185 :
2426 1145 2458 1183 α
2498 1121 2722 1187 Dante

1168 1233 1230 1288 te
1267 1222 1439 1289 illis.
1480 1249 1512 1288 a

1255 1328 1332 1396 In
1363 1332 1582 1420 prima
1648 1331 1809 1397 duo,
1869 1330 2130 1414 Primo,
2178 1330 2555 1400 ostenditur
2596 1330 2720 1398 Dei

1163 1437 1667 1528 magnificentia
1699 1438 1766 1504 in
1798 1436 1928 1503 loci
1956 1439 2434 1527 profunditate.
2466 1436 2723 1504 Secun-

1168 1542 1280 1621 do,
1319 1546 1385 1610 in
1428 1543 1810 1611 latitudine.
1853 1543 2162 1613 Primum
2206 1544 2609 1636 intelligitur
2653 1543 2720 1609 in

1169 1672 1250 1717 eo
1290 1649 1474 1740 quod
1540 1649 1727 1729 dicit,
1795 1679 1826 1714 11
1882 1674 2239 1744 maynum.
2275 1680 2307 1712 υ
2375 1649 2719 1732 SecundO,

1169 1758 1242 1823 in
1272 1754 1404 1823 hoc
1441 1757 1624 1847 quod
1656 1758 1867 1837 addit,
1908 1784 1940 1824 e
1967 1760 2375 1849 spatiosum.
2416 1783 2448 1822 κ

1258 1863 1438 1931 Dicit
1468 1888 1632 1957 ergo
1669 1890 1683 1934 :
1722 1864 1839 1933 Sic
1886 1866 2318 1956 magnificata
2348 1872 2506 1932 sunt
2565 1885 2724 1954 ope·

1171 1994 1245 2040 ra
1294 1980 1409 2040 tua
1453 1974 1520 2039 in
1597 1983 1798 2052 terra,
1834 1981 1901 2041 et
1939 1976 2144 2041 etiam
2185 1982 2299 2043 tua
2346 1972 2728 2064 possessio-

1171 2104 1257 2149 ne
1298 2081 1656 2172 impletum
1696 2090 1797 2149 est
1839 2108 1871 2143 α
1915 2083 2040 2149 laec
2069 2104 2282 2162 marc,
2332 2109 2364 2147 s
2407 2082 2492 2149 ad
2541 2078 2727 2147 litte-

1173 2211 1346 2267 ram,
1394 2216 1427 2252 α
1464 2211 1795 2277 maqnum
1823 2215 1855 2253 s
1890 2188 2373 2280 profunditate,
2409 2217 2443 2253 «
2477 2199 2542 2256 et
2569 2212 2727 2279 spa-

1178 2295 1434 2361 tiosum
1467 2318 1500 2358 s
1562 2293 1943 2363 latitudine.
1989 2294 2071 2362 Et
2109 2304 2296 2375 nota,
2339 2295 2525 2386 quod
2572 2316 2728 2362 ma-

1170 2400 1375 2468 nibus
1457 2423 1596 2469 non
1682 2399 1937 2469 habent
2037 2402 2486 2494 Augustinus,
2603 2422 2727 2469 nec

1174 2505 1643 2576 Cassiodorus.
1691 2507 1764 2573 Si
1826 2517 2054 2577 antem
2114 2508 2329 2600 placet
2384 2530 2726 2600 exponere

1173 2615 1498 2696 litteram,
1571 2617 1668 2685 sic
1732 2616 2099 2707 legendum
2169 2641 2185 2685 z
2245 2617 2579 2686 Praedicta
2650 2625 2727 2684 tu

1170 2723 1411 2802 fecisti,
1463 2732 1527 2790 et
1596 2725 1802 2791 etiam
1866 2751 1900 2788 e
1973 2725 2315 2802 manibus,
2362 2750 2395 2790 s
2457 2724 2723 2816 supple,

1172 2831 1329 2908 tuis,
1378 2832 1445 2897 id
1478 2839 1601 2907 est,
1629 2832 1931 2922 potentia
1954 2840 2068 2899 tua
2102 2832 2313 2900 fecisti
2349 2857 2381 2896 1
2414 2831 2541 2899 hoc
2576 2854 2732 2898 ma-

1168 2960 1243 3007 re
1278 2960 1613 3027 maqnum
1656 2948 1722 3006 et
1772 2940 2184 3029 spatiosum,
2219 2969 2250 2999 ι
2308 2941 2477 3007 sicut
2512 2940 2723 3029 prius.

1176 3043 1326 3112 lloc
1366 3065 1554 3112 mare
1596 3042 1895 3111 mundus
1925 3053 2052 3126 est,
2084 3051 2149 3113 et
2178 3044 2538 3136 assignetae
2577 3046 2731 3113 fue-

1175 3161 1334 3221 runt
1384 3153 1682 3221 rationes
1708 3174 1985 3244 supi-11¹,
2043 3175 2247 3245 super
2303 3150 2465 3223 illud
2544 3152 2726 3225 l’sal.

1173 3283 1322 3339 vin,
1363 3266 1405 3329 9
1451 3283 1466 3328 :
1516 3262 1608 3327 ΕΙ
1666 3263 1885 3352 pisces
1917 3262 2152 3340 maris,
2184 3263 2308 3352 qui
2356 3262 2731 3354 perambu-

1180 3367 1356 3446 lant,
1392 3377 1522 3436 etc.
1587 3367 1724 3435 Sed
1778 3368 1978 3451 adde,
2029 3369 2191 3459 quia
2239 3392 2422 3436 mare
2487 3393 2730 3437 omnes

1173 3473 1410 3543 sordes
1431 3474 1700 3564 recipit.
1726 3482 1793 3541 et
1825 3473 2255 3542 immundum
2295 3484 2419 3552 est,
2453 3483 2523 3543 et
2558 3497 2730 3566 spu-

1178 3604 1450 3651 mosum
1496 3602 1513 3649 :
1575 3583 1672 3650 sic
1738 3589 1807 3650 et
1880 3580 2201 3650 mundus.
2250 3582 2725 3674 Augustinus:

1178 3716 1215 3754 e
1249 3687 1307 3757 Ο
1347 3686 1601 3756 munde
1640 3688 2023 3773 immunde,
2064 3688 2122 3756 si
2177 3687 2276 3756 sic
2329 3687 2599 3780 fugiens
2638 3690 2732 3756 ita

1177 3822 1214 3865 e
1255 3807 1472 3875 tenes,
1534 3796 1699 3888 quid
1739 3796 1998 3866 faceres
2051 3798 2106 3864 si
2155 3819 2465 3865 maneres
2492 3801 2530 3866 ‘t
2570 3823 2603 3863 s
2649 3797 2732 3866 Et

1173 3917 1455 3998 propter
1499 3904 1633 3974 hoc
1695 3906 1917 3983 illum,
1958 3907 2073 3998 qui
2140 3917 2239 3974 est
2306 3906 2458 3975 fons
2503 3908 2732 3975 omnis

1179 4013 1566 4094 munditiae,
1627 4036 1668 4080 a
1697 4036 1771 4081 se
1808 4013 2111 4106 expellit.
2141 4012 2301 4096 Job,
2334 4036 2576 4093 xxvm,
2605 4014 2726 4082 ¹4:

1173 4122 1373 4189 Mare
1401 4120 1716 4212 quuitur
1754 4144 1777 4188 .-
1823 4122 1978 4190 Nou
2006 4131 2106 4190 est
2133 4144 2417 4190 mecum.
2453 4120 2601 4191 lloc
2632 4129 2734 4191 est

1175 4251 1506 4319 magnum
1547 4238 1616 4297 et
1670 4230 2049 4321 spatiosum
2106 4251 2123 4297 :
2167 4228 2483 4299 homines
2548 4231 2732 4299 enim

1177 4335 1508 4405 mundani
1557 4334 1915 4405 ambulent
1951 4338 2100 4404 vias
2164 4335 2336 4405 latas
2363 4344 2430 4406 et
2480 4338 2735 4429 spatio·

1173 4464 1313 4520 sas,
1344 4464 1501 4534 quoe
1567 4440 1825 4510 ducunt
1880 4442 1967 4510 ad
2039 4449 2331 4510 mortem
2352 4443 2401 4509 ⁸.
2472 4441 2732 4513 Jerem.

1174 4564 1347 4624 xxn,
1386 4543 1493 4622 14,
1547 4542 1712 4611 dicit
1775 4566 1959 4612 unus
2022 4541 2106 4611 de
2170 4541 2468 4634 piscibus
2530 4542 2736 4634 hujus

1171 4651 1434 4719 meris:
1494 4649 1901 4741 AE'dificabo
1957 4649 2133 4719 milei
2159 4649 2439 4720 domum
2480 4651 2732 4733 latam,

1114 4812 1121 4817 .
1176 4765 1245 4825 et
1267 4756 1627 4825 coenacnla
1654 4758 1986 4850 spatiosa.

1271 4999 1303 5039 e
1336 4972 1506 5043 Illic
1541 4974 1852 5066 reptilia.
1885 5003 1917 5035 ι
1990 4972 2120 5042 llic
2191 4973 2596 5058 secundum,
2666 4977 2737 5044 in

1178 5103 1319 5172 quo
1387 5082 1777 5151 ostenditur
1841 5082 2350 5174 magnificentia
2399 5092 2735 5176 quantum

1189 5186 1275 5255 ad
1331 5187 1977 5281 multiplicationem
2041 5198 2603 5259 conservatorum
2665 5190 2738 5260 in

1246 5456 1264 5494 ¹
1299 5453 1389 5513 Cf.
1428 5454 1679 5512 ‘romum
1726 5456 1842 5529 XV,
1883 5459 2208 5515 comment.
2247 5454 2314 5513 in
2371 5453 2427 5524 ᾗ.
2484 5458 2521 5512 9
2577 5456 2737 5517 Psel.

1178 5559 1299 5603 vni.

1246 5632 1381 5692 ι(Ξῖ.
1412 5632 1622 5692 natth-
1651 5649 1752 5704 vn,
1792 5637 1859 5693 ¹2
1907 5640 1972 5694 et
2014 5637 2085 5694 ss
2112 5649 2131 5693 2
2161 5636 2488 5708 μῶροι-ιι
2519 5641 2576 5692 et
2609 5649 2742 5708 spe·

1463 5767 1580 5810 svn

2827 473 2996 539 mari
3045 482 3172 541 :et
3244 475 3464 565 tangit
3541 480 3837 563 quatuor
3909 490 4159 560 genera
4225 488 4377 558 quae

2828 591 3319 651 conservantur
3368 585 3436 651 in
3494 582 3691 650 mari.
3764 580 4023 655 Prim0,
4113 574 4382 666 reptilia

2829 709 2978 777 quae
3018 689 3419 757 naturaliter
3446 690 3538 756 ibi
3571 695 3730 755 sunt
3770 687 4080 754 omnino.
4127 680 4388 747 Secun-

2829 793 2940 871 do,
2986 795 3308 864 animalia
3349 796 3659 887 quaedam
3725 796 3928 861 etiam
4004 790 4387 882 quadrupe·

2829 900 2962 979 dia,
3007 901 3126 979 ibi,
3172 927 3202 967 e
3257 902 3622 970 Animalia
3672 899 3967 992 pusilla.
4015 921 4048 962 a
4125 895 4380 974 Tertio,

2832 1006 3265 1075 rationabilia
3318 1031 3472 1100 quoe
3514 1007 3607 1075 ibi
3639 1011 4132 1074 conversantur
4169 1000 4384 1070 artifi-

2832 1111 3092 1180 cialiter
3136 1136 3258 1204 per
3329 1137 3563 1194 naves,
3625 1114 3744 1199 ibi,
3797 1120 3863 1189 5.
3908 1112 3993 1179 26
4058 1133 4073 1178 :
4121 1133 4155 1174 ι
4224 1108 4389 1177 Illic

2832 1244 3057 1289 nach.
3103 1249 3134 1282 ιο
3184 1220 3445 1301 Quarto
3487 1229 3553 1290 et
3589 1221 3860 1302 ultim0‚
3924 1226 4383 1302 monstruosa,

2834 1329 2952 1410 ibi,
2992 1355 3025 1396 «
3081 1334 3312 1400 Draco
3373 1332 3521 1399 iste.
3571 1355 3603 1396 a

2920 1436 3102 1505 Dicit
3139 1461 3303 1531 ergo
3343 1462 3357 1506 :
3432 1436 3546 1505 Sic
3614 1458 3825 1516 mare,
3878 1436 3971 1502 sic
4015 1434 4149 1502 alia
4180 1441 4254 1500 tu
4292 1431 4395 1499 fe-

2833 1544 3008 1629 cisti,
3041 1554 3107 1614 et
3160 1575 3192 1610 α
3236 1546 3389 1614 illic
3422 1571 3454 1610 »
3499 1545 3714 1613 fecisti
3762 1553 3830 1612 et
3865 1542 4151 1634 posuisti
4202 1568 4236 1603 «
4278 1563 4391 1608 rc-

2821 1652 3065 1742 ptilia,
3105 1678 3138 1718 »
3175 1653 3419 1743 pisces,
3482 1678 3514 1717 e
3581 1672 3878 1742 quorum
3933 1672 4070 1716 non
4121 1655 4220 1715 est
4254 1668 4387 1713 nu-

2834 1783 3081 1827 merus,
3176 1788 3206 1825 »
3293 1759 3540 1829 Genes.
3614 1782 3661 1842 1,
3731 1760 3816 1826 20
3888 1781 3905 1825 :
3982 1755 4389 1825 Producant

2835 1890 3031 1959 aquae
3087 1867 3332 1960 reptile
3394 1871 3648 1938 animae
3711 1868 4018 1935 viventis.
4065 1864 4150 1932 Et
4193 1871 4385 1946 nota,

2835 1973 3019 2064 quod
3049 1973 3318 2065 reptilia
3378 1975 3580 2043 etiam
3641 1981 3800 2041 sunt
3866 1980 4090 2039 terrae.
4135 1968 4386 2038 Genes.

2834 2104 2881 2157 1,
2939 2082 3076 2148 24:
3138 2081 3494 2150 Producat
3541 2090 3746 2180 terra·
3782 2082 4093 2149 animam
4154 2079 4394 2146 viven-

2834 2197 2966 2255 tem
2999 2189 3072 2255 in
3097 2210 3340 2278 qenere
3372 2212 3526 2265 suo,
3549 2189 3904 2278 jumenta,
3953 2197 4017 2253 et
4074 2184 4390 2277 reptilia,

2831 2304 2895 2361 et
2962 2294 3208 2364 bestias
3264 2305 3459 2365 tcrrae
3497 2297 3871 2364 secundum
3908 2295 4162 2386 species
4196 2315 4386 2360 suas.

2834 2400 2968 2471 Per
3019 2402 3154 2473 hoc
3206 2402 3655 2495 designantur
3728 2402 3913 2472 avari
3985 2409 4051 2470 et
4130 2397 4387 2491 cupidi,

2834 2512 2951 2602 qui
2980 2534 3253 2603 semper
3314 2511 3561 2580 volunt
3625 2531 3857 2600 repere
3897 2507 3983 2578 ad
4012 2506 4287 2575 divitias
4324 2513 4394 2575 et

2834 2616 3108 2686 altiores
3137 2617 3526 2708 dignitates.
3566 2614 3952 2684 Bernardus
3984 2636 4000 2683 ε
4041 2638 4076 2678 e
4138 2612 4396 2680 Circuit

2840 2753 2871 2789 α
2914 2724 3192 2793 sedulus
3231 2723 3624 2815 explorator
3655 2731 3927 2812 reptans
3987 2719 4276 2811 pedibus
4322 2726 4391 2787 et

2839 2858 2872 2899 c
2918 2832 3260 2911 manibus,
3324 2833 3381 2899 si
3415 2855 3552 2923 quo
3621 2829 3829 2898 modo
3895 2853 3967 2898 se
4026 2828 4395 2920 ingeratin

2839 2966 2873 3003 α
2913 2939 3406 3031 patrimonium
3439 2936 3784 3005 Crucifixi.
3825 2961 3858 3001 s
3896 2935 3976 3003 Et
4005 2942 4166 3002 sunt
4202 2932 4409 3025 repti-

2835 3047 2927 3117 lia
2989 3071 3351 3141 aquarum,
3410 3045 3668 3117 scilicet
3735 3044 4097 3115 luxuriosi.
4151 3040 4401 3113 Ezech.

2836 3181 2980 3240 vm,
3018 3158 3098 3225 10
3132 3179 3149 3225 ε
3191 3157 3550 3247 Inqressus
3588 3154 3842 3235 vidi,et
3870 3176 4014 3222 ecce
4040 3152 4266 3220 onmis
4299 3150 4405 3219 si·-

2838 3263 3163 3333 militudo
3220 3262 3578 3355 reptilium
3640 3270 3707 3327 ct
3761 3260 4212 3336 animalium,
4258 3264 4390 3327 etc.

2839 3370 2956 3440 Isti
2992 3378 3155 3439 sunt
3181 3370 3428 3438 infiniti
3472 3371 3541 3438 in
3599 3369 3772 3435 mari
3806 3365 4070 3436 mundi.

2920 3614 2957 3657 e
3009 3589 3375 3660 Animalia
3396 3587 3697 3681 pusilla.
3737 3612 3771 3653 s
3806 3586 3934 3655 llic
3981 3583 4391 3655 secundum.

2837 3696 3049 3778 Quasi
3092 3697 3346 3767 diceret
3381 3718 3399 3766 t
3435 3697 3551 3766 Sic
3605 3705 3766 3765 sunt
3797 3693 4065 3787 reptilia
4102 3692 4396 3771 infinita,

2836 3814 2904 3874 et
2938 3805 3144 3873 etiam
3184 3832 3218 3867 α
3273 3804 3621 3872 animatia
3678 3803 3978 3896 pusilla,
4015 3829 4052 3866 n
4119 3799 4392 3892 supple,

2834 3911 2927 3980 ibi
2952 3919 3136 3988 sunt,
3192 3938 3225 3975 e
3250 3934 3405 3979 cum
3437 3911 3712 4001 maqnis
3741 3934 3764 3978 .·
3808 3938 3843 3972 ιο
3886 3912 3957 3978 in
3998 3909 4171 3977 mari
4203 3909 4392 3976 enim

2833 4025 3330 4087 conversantur
3437 4016 3756 4110 quaedam
3867 4013 4383 4107 quadrupedia.

2833 4122 2993 4210 Job,
3058 4147 3159 4205 111,
3246 4126 3328 4193 19
3397 4145 3414 4194 2
3476 4126 3753 4194 Parem
3813 4132 3880 4191 et
3955 4144 4258 4213 maynus
4305 4119 4404 4189 ibi

2833 4238 3019 4297 sunt.
3082 4227 3199 4296 Sic
3249 4228 3318 4297 in
3387 4228 3558 4295 mari
3619 4226 3860 4296 mundi
3923 4233 4088 4294 sunt
4145 4245 4399 4317 magna

2836 4334 3185 4415 animalia,
3230 4334 3465 4426 magni
3522 4336 3745 4426 pisces
3790 4332 4109 4403 homines
4146 4340 4401 4425 poten-

2836 4450 2962 4509 tes.
3025 4439 3127 4509 De
3196 4440 3492 4532 magnis,
3566 4439 3772 4509 Joan.
3832 4462 3977 4518 xxi,
4049 4439 4129 4508 11
4183 4461 4201 4508 :
4262 4439 4401 4508 As-

2837 4545 3062 4617 cendit
3119 4547 3364 4616 Simon
3403 4547 3682 4629 Petrus,
3731 4556 3796 4614 et
3851 4547 4074 4616 traxit
4123 4553 4267 4612 rete
4327 4544 4404 4612 iu

2839 4665 3093 4724 terram
3134 4652 3424 4746 plenum
3455 4654 3730 4745 maqnis
3761 4651 4093 4745 piscibus.
4139 4650 4241 4720 De
4282 4672 4410 4743 pu-

2838 4760 3033 4841 sillis,
3077 4759 3286 4829 Marc.
3331 4781 3479 4838 vm,
3512 4760 3554 4829 Ἰ
3590 4782 3608 4828 1
3662 4762 3757 4830 Et
3792 4757 4141 4828 habebant
4180 4757 4410 4850 pisci·

2839 4867 3032 4937 culos
3096 4887 3384 4958 paucos.
3463 4865 3698 4958 Magni
3788 4873 4022 4936 autem
4113 4862 4411 4957 pusillos

2837 4973 3232 5046 comedunt.
3297 4972 3644 5059 llabacuc,
3696 4996 3741 5057 1,
3781 4974 3914 5042 it:
3974 4973 4219 5042 Facies
4283 4971 4407 5039 lto·

2841 5083 3058 5151 mines
3085 5081 3290 5171 quasi
3335 5082 3557 5173 pisces
3586 5081 3826 5161 maris,
3858 5089 3926 5149 et
3951 5080 4161 5172 quasi
4200 5079 4413 5171 repti-

2846 5190 2910 5259 le
2983 5209 3118 5257 nen
3223 5186 3484 5258 liabens
3582 5187 3996 5282 principem.
4112 5182 4407 5266 lbidem,

2845 5462 2988 5519 tion
3016 5461 3109 5517 eia
3136 5464 3218 5517 est
3248 5473 3375 5530 qun
3401 5456 3562 5516 ductu
3587 5455 3666 5514 ad
3705 5454 4105 5530 perditionum,
4150 5461 4206 5513 et
4243 5453 4414 5514 11111111·

2844 5550 3101 5622 11111191ιί
3128 5548 3348 5606 intrant
3372 5561 3640 5620 pacem,
3668 5553 3783 5605 etc.

4094 5750 4127 5805 ὅ
