5008 6329
398 1272 609 1320 secund·

339 1340 455 1389 par·
465 1325 656 1372 Psalmi.

680 330 803 396 148
1648 318 1735 386 D.
1777 315 1974 384 ALB.
2030 311 2243 381 MAG.
2298 311 2507 381 ORD.
2561 309 2852 377 PRAED.

679 497 1002 567 exhibuit.
1074 496 1100 561 1
1163 496 1362 562 Joan.
1446 513 1538 566 w,
1605 488 1736 554 19:
1820 486 2218 575 Diliyamus

681 607 920 680 Deum,
964 600 1285 692 quoniam
1348 599 1487 684 ipse
1528 594 1727 684 prior
1769 590 2017 657 dilexit
2069 611 2211 654 nos.

679 711 1057 780 Bernardus
1102 729 1115 771 ε
1166 731 1196 769 «
1231 702 1523 770 lnveniri
1565 709 1789 791 potest
1822 703 1887 765 in
1920 696 2220 763 dileetio-

685 847 716 885 «
760 843 866 898 ne,
910 816 1023 883 sed
1058 811 1412 903 praeveniri
1437 833 1577 878 non
1608 797 1855 897 potest.
1895 830 1928 866 2>

777 1170 809 1209 a
854 1144 1199 1214 Constitue
1223 1158 1429 1227 super
1456 1155 1634 1201 eum.
1688 1159 1719 1192 υ
1773 1128 1898 1196 Hic
1926 1123 2222 1194 secunda

686 1278 838 1346 pars
865 1256 1072 1322 totius
1128 1248 1332 1336 hujus
1385 1240 1669 1319 Psalmi,
1733 1241 1803 1305 in
1860 1258 1993 1327 qua
2032 1237 2223 1322 post·-

686 1386 889 1454 quam
928 1358 1147 1427 oravit
1179 1376 1299 1446 pro
1338 1373 1483 1419 suae
1542 1345 1761 1415 laudis
1828 1340 2223 1411 manifesta·-

685 1471 891 1544 tione‚
944 1473 1090 1533 orat
1138 1466 1634 1549 consequenter
1681 1475 1802 1543 pro
1861 1447 2115 1517 inimici
2157 1451 2223 1511 et

681 1571 1130 1667 prosecutoris
1188 1567 1428 1634 mortis
1485 1585 1624 1630 sum
1685 1558 2059 1648 dejectione
2104 1559 2221 1619 :et

681 1681 806 1749 hoc
845 1701 979 1747 non
1020 1674 1316 1767 optando
1346 1673 1494 1760 ejus
1531 1688 1832 1759 poenam,
1884 1661 2000 1729 sed
2037 1680 2221 1750 prae-

683 1787 989 1862 dicend0‚
1078 1791 1143 1850 et
1237 1773 1732 1848 conformando
1797 1769 2220 1837 voluntatem

683 1918 873 1964 suam
905 1890 1238 1958 voluntati
1266 1885 1539 1952 divinae.
1574 1880 1810 1947 Primo
1851 1897 2014 1965 ergo
2046 1879 2218 1949 orat,

684 2012 746 2071 et
783 1998 1081 2091 praedicit
1112 1993 1454 2062 traditoris
1484 2010 1785 2081 paenam,
1810 1992 1875 2053 et
1913 1981 2223 2051 omnium

685 2107 1016 2176 malorum
1050 2104 1118 2170 in
1161 2100 1299 2168 illo.
1340 2096 1659 2166 Secundo
1690 2090 2043 2181 subjungit
2064 2110 2225 2155 eau-

685 2236 1077 2305 sam,quare
1100 2213 1281 2301 juste
1301 2209 1386 2276 sit
1414 2202 1826 2298 punienduS‚
1861 2200 1977 2276 ibi,
2009 2198 2167 2274 5:16
2202 2220 2217 2264 :

690 2352 722 2391 ι
757 2327 894 2393 Pro
933 2344 1006 2389 eo
1036 2318 1224 2411 quod
1257 2338 1393 2382 non
1431 2321 1529 2380 es!
1556 2309 1974 2379 recordatus.
2008 2330 2038 2366 ιι

778 2432 851 2498 ln
884 2430 1097 2520 prima
1127 2425 1288 2492 duo.
1351 2420 1614 2497 Primo,
1675 2422 1826 2483 orat
1866 2436 1989 2504 pro
2029 2431 2228 2502 poena

690 2538 1047 2634 proditoris
1084 2535 1153 2601 in
1219 2531 1468 2621 seipso.
1537 2523 1879 2601 Secundo,
1939 2523 2010 2588 in
2062 2518 2226 2596 sui5‚

691 2614 1002 2720 vel'filiis.
1024 2641 1129 2711 vel
1152 2635 1573 2732 parentibuS,
1600 2633 1719 2718 ibi,
1751 2635 1872 2708 5.ss
1907 2652 1922 2697 :
1970 2657 2003 2693 α
2026 2629 2234 2695 Fiant

690 2754 831 2843 filii
857 2751 1035 2841 ejus.
1074 2773 1107 2811 ι

786 2857 857 2924 ln
900 2859 1118 2946 prima
1182 2851 1343 2919 duo.
1427 2849 1687 2924 Primo,
1743 2845 1907 2935 petit
1963 2862 2232 2932 poenam

696 2987 828 3057 qua
891 2962 1167 3053 punitus
1229 2965 1330 3026 est
1390 2978 1430 3024 a
1479 2953 1816 3023 daemone.
1889 2946 2231 3025 Secundo,

697 3073 877 3140 illam
917 3092 1051 3161 qua
1080 3066 1359 3157 punitus
1397 3069 1498 3130 est
1563 3058 1649 3128 ab
1690 3058 1837 3148 ipso
1884 3055 2022 3123 Deo
2049 3055 2237 3143 justo

687 3180 940 3272 judice,
1006 3183 1070 3243 et
1126 3173 1259 3242 hoe
1314 3173 1384 3239 in
1450 3164 1745 3245 occulto,
1798 3163 1917 3245 ibi,
2004 3171 2067 3241 ς’.
2142 3162 2178 3228 ’7
2218 3183 2233 3227 :

700 3313 732 3352 ι
770 3288 935 3356 Cum
964 3281 1360 3373 judicatur.
1406 3303 1440 3339 r»

785 3394 860 3462 ln
900 3393 1115 3484 prima
1144 3388 1305 3456 duo.
1372 3385 1634 3465 Primo,
1697 3382 1865 3473 petit
1912 3377 2240 3447 daemonis

699 3499 1229 3569 dominationem
1287 3513 1494 3581 super
1548 3487 1825 3555 Judam.
1897 3480 2235 3558 Secundo,

699 3629 1101 3680 consensum
1116 3603 1150 3669 J
1165 3600 1310 3670 udae
1330 3600 1418 3668 ad
1440 3596 1774 3666 daemonis
1790 3592 2238 3673 voluntatem,

704 3718 820 3798 ibi,
856 3745 889 3779 α
926 3716 1017 3782 ΕΙ
1053 3708 1400 3777 diabolus.
1438 3731 1472 3773 ι

793 3824 965 3891 Dicit
994 3842 1157 3910 ergo
1202 3838 1219 3884 ι
1256 3816 1368 3884 Sic
1408 3835 1559 3889 oro.
1595 3820 1660 3879 et
1711 3833 1933 3879 meam
1974 3806 2243 3876 laudem

706 3955 840 4001 non
870 3938 1117 4006 taceas,
1160 3922 1319 4015 quia
1344 3919 1887 4014 persecutionem
1919 3915 2138 4007 patior
2163 3911 2247 3979 ab

709 4037 981 4108 inimico
1026 4056 1041 4102 :
1084 4040 1149 4100 et
1206 4029 1414 4099 etiam
1469 4020 1964 4095 conformando
2023 4042 2246 4087 meam

707 4144 1125 4212 voluntatem
1166 4137 1416 4206 divinae
1439 4132 1748 4225 justitiae,
1783 4138 1850 4199 et
1881 4131 2095 4219 ipsam
2127 4150 2253 4217 ap-

707 4250 1020 4344 petendo.
1057 4241 1301 4314 Manli.
1331 4264 1405 4325 V,
1436 4246 1479 4307 ti
1512 4260 1530 4309 ε
1566 4239 1771 4308 Beata·
1794 4238 1916 4329 qni
1942 4234 2255 4304 esuriunt

709 4368 772 4427 el
829 4357 1075 4425 siliunt
1125 4349 1491 4442 justitiam
1529 4367 1554 4414 .·
1592 4344 1773 4422 dieo,
1835 4370 1870 4406 α
1907 4341 2259 4413 Constitue

706 4488 910 4559 super
945 4483 1125 4539 eum,
1165 4487 1198 4521 n
1240 4477 1447 4550 quem
1506 4452 1647 4522 dixi
1686 4471 1895 4543 supra
1951 4457 2258 4541 peecato-

401 4600 561 4653 οων·
586 4594 688 4641 σιο-
716 4597 856 4643 rem
887 4581 952 4641 et
973 4568 1315 4648 dolosum,
1365 4589 1400 4630 ι
1427 4570 1877 4654 peccatorem,
1915 4585 1948 4620 n
2007 4555 2259 4624 scilieet

398 4650 665 4697 mla-diei·

363 4717 454 4751 «mr
495 4679 1087 4753 annom-diabolum,
1146 4674 1262 4766 qui
1316 4672 1562 4740 dieitur
1608 4676 1926 4761 peccator
1979 4672 2265 4732 antono-

441 4759 639 4805 mouit·

413 4815 662 4872 peccator!

721 4790 1020 4860 mastire.
1055 4783 1314 4857 Primo,
1349 4780 1509 4871 quia
1550 4777 1636 4845 ab
1676 4777 1825 4867 ipso
1864 4782 1966 4841 est
1996 4772 2263 4840 initium

719 4898 993 4991 peceati,
1030 4892 1335 4983 Sapit-nt.
1369 4908 1442 4963 ιι,
1476 4886 1562 4951 24
1599 4908 1616 4953 ε
1667 4881 1943 4952 Invidia
1999 4877 2266 4948 diaboli

718 5028 899 5075 mors
930 4999 1235 5070 introivit
1265 4996 1336 5063 in
1372 4990 1602 5060 orbem
1644 5000 2010 5058 terrarum.
2048 4983 2261 5076 l'rop·

720 5121 822 5181 ter
850 5107 1321 5198 antiquitatem
1342 5094 1693 5190 peccandi,
1724 5095 1930 5164 Joan.
1961 5116 2108 5171 vni,
2142 5091 2261 5159 44:

723 5217 854 5286 me
906 5223 1054 5283 erat
1117 5204 1467 5278 homicida
1525 5202 1614 5271 ab
1676 5202 1900 5270 initio.
1980 5197 2269 5289 Propter

723 5320 1258 5415 magnitudinem
1299 5311 1581 5409 peceati,
1643 5311 1802 5402 quia
1869 5306 2085 5376 voluit
2122 5326 2268 5374 esse

799 5599 818 5635 ¹
849 5593 981 5655 Psat
1026 5604 1217 5653 οιιιιι,
1247 5589 1305 5656 8,
1337 5587 1427 5642 1¹.

773 5691 797 5729 ι
832 5685 914 5746 Cf.
948 5682 1079 5752 lob,
1109 5694 1153 5747 ι,
1181 5676 1253 5730 20
1283 5679 1345 5729 et
1372 5688 1504 5745 aeq.

2333 480 2576 549 similis
2631 479 2799 557 Deo,
2852 478 2983 545 lsa.
3048 500 3189 557 xw,
3245 478 3375 544 14:
3428 476 3703 545 Similis
3769 496 3881 542 ero

2330 591 2715 657 Altissinw.
2742 587 3025 677 Propter
3044 584 3508 653 assiduitatem
3530 582 3879 671 peccandi,

2334 697 2493 786 quia
2527 718 2663 761 non
2694 702 2935 761 cessat.
2984 694 3004 757 l
3037 693 3216 760 Petr.
3253 715 3346 770 w,
3391 691 3431 758 8
3477 712 3492 757 ε
3537 690 3888 757 Adversa-

2331 804 2479 868 rius
2528 811 2737 868 vester
2788 799 3129 875 diabolus,
3194 810 3549 889 tamquam
3607 795 3708 863 leo
3761 817 3886 860 ru-

2328 911 2547 1001 qiens,
2575 918 2701 977 ete.
2724 908 2977 977 Habac.
3004 931 3051 985 1,
3082 908 3159 973 17
3196 928 3210 972 ε
3239 906 3626 994 Inter-ficere
3652 911 3884 995 qentes

2333 1041 2466 1084 non
2500 1027 2763 1108 parcet.

2427 1150 2459 1190 α
2512 1127 2608 1191 Et
2661 1123 2985 1192 diabolus
3011 1132 3160 1191 stet.
3209 1147 3242 1186 »
3297 1120 3505 1200 Quasi
3565 1120 3818 1187 diceret
3863 1140 3880 1185 ε

2336 1231 2449 1300 Sic
2504 1232 2896 1300 dominetur
2959 1233 3022 1299 ei
3099 1228 3409 1298 diabolus
3450 1251 3466 1294 :
3530 1237 3599 1295 et
3672 1228 3879 1295 etiam

2336 1367 2369 1403 «
2410 1350 2540 1407 stet
2579 1363 2621 1407 α
2661 1339 2920 1407 dextris
2971 1338 3148 1428 ejm,
3189 1362 3220 1401 n
3258 1344 3330 1403 ut
3372 1357 3578 1425 opera
3645 1335 3883 1402 sintin

2332 1446 2636 1525 dextera,
2670 1446 2798 1513 sibi
2829 1446 3084 1512 seilicet
3103 1453 3453 1533 tamquam
3518 1440 3882 1531 placentia,

2330 1555 2706 1623 secundum
2746 1554 2915 1621 illud
2945 1553 3127 1644 quod
3166 1553 3415 1620 dieitur
3443 1550 3523 1617 de
3569 1550 3821 1639 iniquis
3864 1569 3879 1614 ε

2329 1666 2633 1731 Dextera
2688 1684 2949 1739 eorum,
2993 1660 3272 1727 dextera
3307 1658 3700 1749 iniquitatis
3739 1667 3785 1723 ¹.
3829 1654 3886 1721 E

2330 1784 2567 1839 contra
2607 1779 2833 1837 autem
2865 1769 3201 1838 Dominus
3241 1790 3279 1834 a
3319 1766 3573 1834 dextris
3612 1770 3891 1831 saneto-

2332 1902 2484 1946 rum
2518 1885 2642 1946 est.
2688 1876 2936 1968 Supra,
2972 1876 3040 1943 in
3091 1873 3270 1942 Psal.
3334 1897 3448 1953 xv,
3492 1874 3582 1939 8:
3618 1874 3672 1940 Α
3719 1871 3891 1937 dex-

2332 1986 2457 2053 tris
2485 1995 2585 2052 est
2606 1983 2803 2067 milii,
2836 1983 3172 2052 Dominus
3201 1981 3480 2064 scilicet,
3504 1999 3893 2047 neeommo·

2337 2116 2516 2161 vear.
2561 2092 2646 2160 Et
2674 2099 2863 2172 nota,
2898 2090 3081 2182 quod
3126 2088 3440 2158 diabolus
3479 2097 3578 2157 est
3611 2110 3649 2155 a
3716 2086 3892 2153 sini·
3970 2098 4198 2145 nubula-

3946 2157 4056 2201 ίιίἰ·
4082 2161 4160 2198 0ίὶ
4186 2163 4217 2197 8

2335 2201 2493 2268 stris
2559 2199 2692 2267 illis
2747 2199 2998 2291 quibus
3028 2197 3244 2265 aufert
3295 2205 3563 2264 tantum
3618 2204 3894 2284 tempo·
3964 2206 4193 2307 angutiati?

2337 2310 2532 2390 ralia,
2566 2309 2742 2376 sieut
2773 2307 2957 2375 bono
2984 2306 3117 2374 Job
3149 2307 3272 2384 ’,οἱ
3309 2304 3540 2371 Tobiae
3569 2303 3685 2371 ’.Α
3725 2302 3897 2370 dex·
3921 2312 4247 2420 lampas-3⁵2⁵}

2341 2418 2459 2485 tris
2489 2417 2667 2496 aliis,
2719 2415 2970 2507 quibus
3000 2415 3216 2483 aufert
3258 2410 3701 2504 spiritualia,l
3719 2410 3890 2501 Reg.
3940 2433 4095 2520 tereg-
4118 2420 4243 2519 ⁸:¹12?-

2340 2548 2435 2605 xl,
2475 2526 2500 2591 1
2541 2534 2609 2592 et
2665 2547 2841 2614 seq.‚
2878 2522 3060 2591 Naas
3107 2521 3323 2590 voluit
3355 2543 3592 2589 eruere
3622 2519 3898 2588 dextros
3923 2490 4156 2575 'wirnitu-

2344 2631 2581 2700 oeulos
2607 2631 2774 2698 viris
2802 2629 2885 2698 de
2922 2629 3122 2698 Jabel
3153 2628 3431 2697 Galaad.
3460 2626 3641 2695 Naas
3662 2631 3779 2718 qui
3801 2625 3896 2691 in·

2345 2746 2753 2830 terpretatur
2839 2760 3138 2830 serpens,
3209 2733 3563 2803 diabolum
3642 2733 3896 2823 signat.

2340 2847 2525 2915 Ante
2557 2845 2822 2925 faciem,
2890 2844 3024 2911 illis
3063 2846 3176 2935 qui
3218 2842 3346 2909 sibi
3395 2865 3533 2909 non
3572 2848 3817 2909 cavent
3862 2861 3905 2906 a

2345 2953 2572 3044 culpa,
2599 2951 2856 3024 nabao.
2893 2975 2989 3033 m,
3023 2954 3064 3016 :3
3092 2974 3106 3018 ε
3143 2953 3318 3019 Ante
3342 2947 3757 3039 laciemejus
3779 2944 3908 3013 ibit

2346 3084 2555 3129 mors.
2609 3058 2937 3129 l‘roverb.
3010 3083 3102 3138 iv,
3153 3062 3276 3126 19:
3354 3058 3474 3126 Via
3530 3056 3907 3147 impiorum

2346 3171 2723 3249 tenebrosa,
2767 3171 2928 3261 quia
2966 3168 3402 3238 tenebrarum
3441 3166 3749 3258 Angelus
3779 3187 3914 3234 an-

2347 3277 2647 3347 tecedit:
2690 3278 2999 3344 nesciunt
3057 3275 3178 3343 ubi
3239 3283 3594 3342 corruunt.
3648 3272 3822 3341 Aliis
3870 3293 3911 3339 a

2349 3392 2569 3473 tergo,
2604 3406 2778 3474 quos
2829 3380 3116 3472 impellit
3172 3381 3241 3447 in
3304 3380 3601 3470 culpam,
3658 3376 3910 3470 Supra,

2353 3493 2422 3559 in
2456 3489 2640 3560 Psal.
2685 3512 2924 3572 xxxiv,
2957 3492 3023 3556 ti.
3067 3490 3231 3557 Fiat
3261 3489 3374 3556 via
3408 3486 3694 3555 illorum
3726 3494 3917 3553 tene-

2354 3594 2490 3663 brae
2553 3605 2620 3663 e!
2679 3593 3051 3675 lubricum,
3124 3602 3188 3661 el
3252 3590 3563 3682 Anqelus
3626 3589 3916 3659 Domini
3966 3576 3971 3580 ⁴

2345 3727 2756 3797 persequens
2792 3726 2928 3771 eos.
2962 3700 3136 3770 Aliis
3169 3723 3403 3792 supra,
3436 3722 3612 3791 quos
3651 3698 3736 3766 ad
3767 3697 3919 3766 libi·

2353 3819 2501 3877 tum
2564 3809 2937 3885 conculcat,
2969 3807 3124 3889 Job,
3158 3829 3276 3882 xx.
3309 3808 3395 3875 25
3441 3830 3456 3874 ε
3501 3807 3597 3874 ΕΙ
3653 3805 3919 3872 vestient

2352 3941 2563 4010 super
2587 3940 2741 3985 ecem
2769 3915 3155 3983 horribiles,
3207 3914 3344 3982 Sed
3392 3913 3543 3982 aliis
3573 3919 3674 3981 est
3709 3911 3910 3992 infra,

2358 4026 2475 4117 qui
2535 4048 2691 4092 eum
2749 4022 3174 4099 conculcant.
3252 4019 3358 4090 Ad
3416 4019 3709 4088 Roman.
3772 4041 3915 4098 xvi,

2360 4136 2445 4201 2⁰
2489 4154 2507 4199 :
2542 4134 2730 4201 Deus
2753 4139 3056 4198 contero!
3108 4129 3450 4199 satanam
3476 4125 3605 4196 sub
3627 4124 3923 4218 pedibus

2362 4242 2625 4309 vestris.

2460 4570 2492 4611 α
2532 4545 2707 4613 Cum
2734 4541 3130 4633 judicatur.
3163 4550 3382 4608 exeat.
3410 4564 3445 4606 ιι
3479 4538 3606 4608 llic
3632 4538 3926 4630 subjun-
4087 4566 4142 4633 q

2369 4653 2465 4743 git
2514 4650 2914 4743 petitionem
2974 4671 3097 4739 pro
3147 4669 3370 4740 poma,
3417 4669 3458 4715 a
3487 4646 3719 4737 judice
3778 4646 3923 4716 Deo

2370 4757 2806 4827 invisibiliter
2843 4755 3250 4846 infligenda:
3296 4755 3364 4823 in
3396 4778 3533 4846 quo
3563 4757 3730 4847 petit
3759 4755 3926 4823 duo.

2371 4867 2635 4949 Primo,
2670 4866 2881 4957 ipsius
2917 4888 2958 4934 a
2976 4864 3207 4954 judice
3238 4863 3384 4932 Deo
3422 4862 3939 4933 condemnatio-

2371 4998 2556 5044 nem.
2620 4972 2960 5053 Secundo,
3028 4972 3536 5040 frustrationem
3598 4970 3936 5039 orationis

2371 5084 2427 5151 si
2450 5081 2792 5161 effuderit,
2816 5081 2957 5149 imo
2984 5079 3508 5149 conversionem
3532 5079 3601 5146 in
3635 5077 3898 5148 malum
3915 5130 3936 5163 ,

2373 5192 2495 5274 ibi,
2545 5216 2580 5257 ι
2621 5192 2719 5259 Et
2754 5189 2977 5257 oratio
3014 5187 3194 5279 ejus,
3243 5215 3279 5250 a

2466 5300 2644 5368 Dicit
2700 5320 2865 5390 ergo
2907 5320 2927 5367 z
2970 5296 3084 5366 Sic
3121 5292 3436 5365 diabolus
3488 5302 3623 5363 stet
3661 5317 3701 5364 a
3750 5295 3940 5364 dex-

2448 5572 2473 5609 0
2499 5569 2588 5629 Cf.
2617 5566 2837 5635 Tobiae,
2875 5580 2936 5632 ιι,
2969 5565 3037 5620 ¹4
3066 5568 3125 5620 et
3152 5579 3281 5637 seq.
