5008 6329
917 525 971 592 1

1991 317 2706 390 COMMENTARIUS
2755 317 2848 385 IN
2898 318 3327 389 PSALMUM
3379 320 3519 389 CX.

1232 522 1266 558 «
1325 497 1414 562 Ut
1461 496 1574 563 det
1605 495 1752 565 illis
1793 496 2284 565 haereditatem.
2323 520 2357 561 n
2392 494 2521 562 Hic
2584 515 2697 561 se-

1137 601 1464 683 cundum,
1500 604 1657 673 finis
1706 605 2221 696 divulgationis,

1224 711 1552 781 Aitenim
1587 732 1603 782 ε
1651 712 1767 782 Sic
1803 712 2239 780 annuntiavit
2274 701 2530 799 populo
2571 730 2693 775 suo

1133 820 1510 889 virtutem:
1565 850 1599 885 «
1653 831 1729 888 ut
1786 848 1819 883 »
1899 826 2056 909 post
2109 817 2690 908 praedicationem,

1137 955 1172 992 (ι
1205 928 1319 996 det
1383 929 1534 997 illis
1608 927 2079 995 lmreditatem
2150 927 2499 1006 Gentium,
2540 953 2572 993 »
2626 927 2693 994 id

1134 1044 1259 1117 est,
1322 1040 1504 1127 ipsas
1579 1034 1831 1103 Gentes
1904 1034 2107 1103 faciat
2136 1036 2328 1127 regni
2403 1035 2694 1104 coelestis

1128 1141 1463 1211 haeredeS.
1536 1141 1914 1211 Audientes
1993 1143 2177 1211 enim
2246 1141 2498 1211 Gentes
2564 1141 2692 1210 Dei

1127 1253 1486 1335 virtutem,
1548 1259 1615 1318 et
1652 1252 1955 1320 maxime
1986 1251 2172 1342 quod
2211 1275 2281 1319 se
2342 1250 2696 1319 exhiberet

1133 1381 1386 1439 escam,
1421 1381 1767 1428 conversae
1825 1368 2010 1440 sunt,
2082 1368 2149 1428 et
2224 1358 2526 1448 expulsis
2563 1359 2693 1427 Ju-

1133 1468 1320 1551 daeis,
1390 1468 1699 1537 haeredes
1730 1471 1923 1561 regni
1955 1468 2149 1537 factae
2197 1476 2379 1536 sunt.
2443 1468 2687 1536 Matth.

1132 1598 1273 1655 xxi,
1305 1577 1390 1644 43
1438 1600 1452 1644 :
1485 1578 1864 1667 Auferetur
1893 1600 1937 1643 a
1976 1576 2165 1644 vobis
2196 1598 2485 1667 reqnum
2532 1577 2691 1657 Dei,

1134 1693 1201 1751 et
1228 1683 1515 1751 dabitur
1574 1686 1770 1775 qenti
1819 1684 2111 1775 facienti
2175 1685 2453 1775 fructus
2509 1683 2689 1773 ejus.

1136 1790 1268 1858 Isa.
1332 1814 1442 1870 nv,
1512 1793 1552 1860 5
1623 1793 1849 1860 :Ecce
1899 1801 2172 1883 qentem
2210 1814 2424 1882 quam
2452 1793 2699 1859 nescie-

1138 1899 1258 1967 bas
1287 1898 1604 1966 vocabis:
1645 1908 1709 1966 et
1753 1907 1987 1990 qentes
2016 1922 2168 1989 quae
2197 1909 2262 1967 te
2289 1923 2425 1967 non
2455 1922 2700 1990 coquo-

1134 2015 1380 2074 verzmt
1437 2006 1535 2073 ad
1587 2015 1651 2073 te
1724 2016 2024 2074 current.
2107 2004 2215 2091 Et,
2278 2029 2349 2086 ιι,
2412 2007 2452 2072 2
2514 2027 2532 2075 :
2602 2008 2700 2075 Et

1131 2115 1359 2203 fluent
1390 2113 1488 2181 ad
1513 2135 1669 2181 eum
1710 2134 1942 2180 omnes
1998 2122 2255 2203 qenteS.
2296 2113 2402 2193 Et,
2451 2136 2564 2198 Lx,
2599 2114 2637 2182 3
2677 2135 2694 2181 ε

1133 2219 1617 2291 Ambulabaemt
1665 2229 1899 2311 qentes
1947 2222 2020 2288 in
2077 2219 2343 2288 lumine
2405 2232 2550 2289 luo.
2613 2221 2700 2288 Et

1134 2328 1245 2397 11ae
1303 2328 1493 2397 factae
1557 2337 1718 2396 sunt
1801 2327 2186 2407 haeredium,
2287 2353 2438 2421 quae
2495 2329 2698 2398 corde

1136 2436 1409 2506 Christo
1441 2438 1850 2517 servierunt,
1885 2446 1953 2506 et
1993 2437 2316 2527 subjectae
2349 2447 2533 2507 sunt.

1235 2545 1428 2614 Unde
1513 2544 1689 2614 hene
1756 2547 2038 2635 ponitur
2102 2545 2196 2613 ibi
2271 2569 2492 2615 uum»
2558 2519 2699 2648 (ᾖ),

1140 2654 1328 2747 quod
1388 2656 1873 2744 interpretatur
1927 2677 2045 2721 cor
2105 2655 2425 2722 sen-iens.
2488 2652 2698 2735 Quasi

1140 2762 1395 2830 diceret
1439 2784 1455 2829 :
1516 2760 1770 2829 Gentes
1801 2760 1987 2830 dedit
2027 2761 2160 2829 illis
2199 2761 2698 2844 haercditatem,

1141 2870 1301 2961 quia
1332 2891 1453 2937 cor
1514 2868 1820 2937 serviens
1877 2877 1944 2937 et
2000 2869 2329 2938 obediens
2385 2869 2700 2939 contulit.

1139 2973 1476 3043 Ezechiel.
1521 2997 1619 3058 xi,
1658 2976 1779 3044 19:
1814 2977 2156 3066 Auferam
2198 3000 2316 3045 cor
2347 2975 2704 3068 lapideum

1140 3081 1224 3150 de
1259 3104 1464 3150 carne
1493 3105 1756 3161 eorum,
1812 3091 1876 3149 et
1958 3081 2138 3150 dabo
2212 3085 2312 3152 eis
2368 3107 2485 3152 cor
2546 3107 2708 3152 car-

1142 3213 1375 3259 neum.

1235 3434 1269 3476 ‹
1308 3410 1534 3501 Opera
1575 3432 1914 3479 manuum
1943 3410 2125 3501 ejus.
2184 3438 2220 3476 n
2284 3412 2414 3481 llic
2457 3437 2710 3484 secun-

1143 3516 1333 3584 dum.
1374 3516 1751 3609 Postquam
1799 3518 1985 3587 enirn
2032 3527 2262 3588 actum
2318 3531 2422 3590 est
2464 3522 2547 3590 de
2596 3547 2706 3591 sa-

1143 3626 1478 3693 cramenti
1510 3626 1970 3711 institutione,
2018 3636 2086 3695 et
2126 3629 2416 3698 instituti
2469 3630 2708 3722 puhli-

1142 3732 1576 3813 catione‚hic
1602 3736 1746 3826 agit
1790 3734 1873 3804 de
1917 3736 2705 3820 transsubstantiatione,

1146 3851 1212 3909 et
1241 3842 1495 3910 virtute
1525 3841 1921 3912 verborum.
2002 3842 2088 3911 Et
2123 3845 2378 3935 primo,
2425 3848 2570 3938 agit
2622 3847 2707 3917 de

1147 3948 1400 4038 primo,
1438 3948 1524 4018 ‹le
1584 3948 2378 4033 transsubstantiatione,
2419 3961 2487 4022 et
2550 3976 2714 4023 ver-

1148 4057 1395 4126 borum
1419 4056 1698 4125 virtute.
1733 4055 2079 4142 Secundo,
2112 4057 2196 4129 de
2224 4061 2706 4153 perpetuitate,

1146 4165 1267 4249 ibi,
1310 4166 1381 4234 in
1412 4161 1638 4234 medio
1665 4170 1732 4241 ὴ.
1764 4165 1807 4234 9
1841 4185 1860 4234 :
1911 4193 1946 4227 α
1982 4164 2354 4235 Mandavit
2393 4169 2465 4237 in
2509 4179 2712 4238 aeter-

1142 4295 1339 4342 num.
1384 4300 1417 4333 ι·

1238 4380 1314 4449 ln
1352 4379 1577 4473 prima
1604 4379 1759 4449 tria.
1796 4379 2059 4461 Primo,
2093 4381 2235 4474 agit
2258 4383 2342 4454 de
2361 4385 2712 4455 transsub-

1144 4488 1609 4558 stantiatione.
1675 4486 2023 4570 Secunde,
2049 4488 2134 4559 de
2165 4492 2418 4561 virtute
2463 4492 2712 4562 verbo·

1146 4620 1328 4678 rum,
1395 4618 1521 4687 per
1574 4618 1785 4687 quam
1847 4597 1927 4665 fit
2003 4599 2709 4681 transsubstantiatio,

1147 4704 1273 4787 ibi,
1304 4710 1369 4781 δ’.
1406 4704 1448 4770 8
1482 4724 1499 4772 ε
1545 4727 1581 4768 ιι
1617 4701 1925 4773 lv’idetia.
1971 4729 2004 4770 ι
2054 4704 2311 4786 Tertio,
2345 4707 2429 4778 de
2460 4709 2710 4791 fructu,

1146 4822 1214 4883 et
1279 4811 1600 4895 utilitate,
1668 4810 1791 4892 ibi,
1857 4820 1925 4891 5.
1985 4816 2027 4883 9
2098 4836 2115 4883 :
2172 4843 2208 4882 α
2267 4815 2715 4910 Redemptio-

1147 4943 1331 4991 nem.
1372 4948 1408 4983 ο

1239 5027 1320 5095 ln
1357 5026 1582 5118 prima
1630 5023 1793 5094 duo.
1848 5024 2114 5107 Primo,
2192 5031 2499 5121 tangitur
2554 5054 2718 5101 cor-

1149 5136 1338 5229 poris
1395 5135 1648 5204 Christi
1679 5135 2043 5226 praesentia
2098 5158 2286 5206 vera.
2360 5137 2714 5227 Secundo,

1150 5246 1513 5316 absconsio
1578 5244 1709 5314 sub
1764 5244 2121 5337 speciebus
2167 5250 2365 5341 panis
2439 5259 2510 5319 et
2571 5252 2718 5321 vini

1143 5356 1356 5448 justa,
1399 5355 1522 5435 ibi,
1558 5383 1592 5420 α
1624 5356 1724 5424 ΕΙ
1739 5352 2130 5443 judicium.
2163 5381 2199 5419 n

1243 5466 1363 5575 Ait
1399 5465 1586 5535 enini
1620 5488 1638 5534 ε
1686 5464 1804 5535 Sic
1830 5463 1980 5536 haec
2029 5465 2188 5537 fecit
2249 5468 2612 5561 publicari,
2646 5482 2722 5543 ut

1236 5676 1490 5734 'ssatus
1525 5691 1677 5746 xxn,
1737 5679 1828 5735 26.
1885 5676 1973 5736 Cf.
2023 5677 2207 5737 etiam
2259 5678 2390 5737 lad
2445 5679 2716 5740 Corinth.

4223 317 4347 387 175

2812 490 3060 561 Gentes
3098 492 3573 564 haereditarent
3602 517 3891 587 regnum
3927 516 3942 561 ε
3988 494 4106 562 sed
4173 516 4343 584 quo-

2809 602 3015 670 modo
3058 603 3133 670 fit
3169 604 3345 671 hoc?
3400 604 3594 683 Ecce,
3632 629 3665 669 α
3726 605 3951 696 Opera
4008 626 4343 670 manuum

2808 708 2985 798 ejm,
3023 738 3055 773 »
3091 709 3219 778 hoc
3249 720 3369 789 est,
3421 712 3737 801 potentiae
3794 733 3934 779 suae
3963 712 4034 778 in
4072 710 4188 778 illo
4231 732 4348 778 sa-

2807 828 3152 888 cramento
3185 823 3581 899 exercitatae,
3616 829 3717 888 est
3748 845 3781 885 α
3824 821 4099 899 verum,
4138 844 4170 884 ι)
4206 840 4345 886 non

2805 927 3187 1017 phantasia,
3240 939 3308 994 ut
3344 929 3435 994 ibi
3464 931 3551 996 sit
3577 950 3741 996 vera
3779 949 3957 1007 esca,
3990 948 4143 995 esca
4191 948 4347 994 cor-

2807 1035 2993 1126 poris
3037 1042 3103 1102 et
3127 1037 3477 1126 sanguinis
3515 1034 3787 1104 Christi.
3821 1035 4025 1103 Joan.
4068 1057 4162 1113 w,
4210 1035 4338 1103 56:

2811 1145 2989 1213 Caro
3021 1166 3168 1210 mea
3199 1168 3343 1211 vere
3379 1156 3475 1212 est
3511 1144 3722 1223 cibuS,
3766 1143 4030 1234 supple,
4076 1142 4143 1209 in
4172 1143 4348 1210 alta-

2806 1251 2888 1318 ri.
2930 1250 3015 1318 Et
3046 1274 3298 1331 rursuS,
3324 1261 3381 1327 ς.
3446 1255 3529 1319 59
3566 1277 3581 1320 ε
3630 1253 3786 1320 Νοη
3831 1252 4008 1318 sicut
4056 1248 4349 1318 mandu-

2805 1369 3126 1427 caverunt
3148 1369 3378 1449 patres
3406 1361 3609 1427 vestri
3634 1382 3916 1439 manna,
3977 1360 4048 1426 in
4078 1357 4344 1427 deserto

2806 1465 3086 1545 scilicet,
3155 1477 3218 1532 et
3273 1468 3527 1533 mortui
3578 1476 3762 1533 sunt.
3852 1465 4035 1533 Psal.
4112 1489 4342 1546 cxvui,

2811 1573 2930 1640 151
2973 1595 2987 1638 ε
3036 1573 3280 1642 Omnes
3310 1575 3433 1640 υἱέι·
3477 1583 3633 1652 tuae,
3704 1571 3957 1641 scilicet
4011 1574 4347 1663 operatio-

2808 1701 2929 1747 nes
2968 1686 3128 1758 tuae,
3176 1681 3448 1759 veritae,
3481 1703 3619 1747 non
3650 1678 4034 1769 phantasia.
4069 1678 4342 1748 Daniel.

2807 1809 2904 1869 ιιι,
2939 1788 3021 1854 27
3060 1809 3075 1853 :
3153 1788 3477 1855 Universa
3515 1810 3720 1879 opera
3752 1796 3876 1855 tua
3923 1810 4106 1855 vera.
4151 1787 4346 1857 Unde

2807 1916 3037 1962 secure
3077 1903 3267 1984 potes
3304 1895 3524 1963 dicere
3563 1898 3631 1963 in
3687 1917 3879 1964 coena
3913 1915 3929 1964 ε
3976 1920 4011 1960 ι
4069 1896 4216 1964 Hoc
4252 1905 4347 1964 est

2805 2024 3058 2092 corpus
3088 2024 3313 2070 meum
3348 2021 3391 2069 ¹.
3432 2029 3466 2066 n

2902 2135 2935 2173 α
2978 2110 3072 2175 Et
3126 2109 3506 2198 judicium.
3543 2134 3576 2174 »
3655 2108 3831 2189 Quia
3895 2111 4020 2177 etsi
4057 2132 4217 2178 vere
4264 2109 4346 2178 sit

2811 2215 2901 2283 ibi
2941 2223 3009 2283 et
3063 2218 3569 2306 praesentialiter
3629 2240 3874 2308 corpus
3939 2226 4159 2298 tuum,
4244 2226 4350 2284 ta-

2811 2346 2968 2391 men
2999 2324 3186 2413 justo
3218 2324 3473 2415 judicio
3514 2325 3675 2394 latet
3711 2326 3838 2393 suh
3894 2325 4030 2393 illis
4085 2326 4350 2416 specie-

2808 2434 2962 2514 hus,
3006 2435 3164 2526 quia
3220 2438 3334 2526 qui
3383 2437 3605 2505 adhuc
3641 2445 3742 2504 est
3784 2438 3854 2504 in
3918 2459 4121 2505 carne
4160 2459 4351 2504 mor-

2811 2545 2954 2631 tali,
2988 2569 3127 2614 non
3184 2545 3426 2613 suflicit
3486 2545 3731 2612 intueri
3779 2545 3965 2635 quod
4019 2544 4183 2613 latet
4223 2544 4349 2611 sub

2811 2656 3275 2749 corporalibus
3360 2664 3424 2724 et
3488 2654 3870 2722 visibilibus
3962 2653 4339 2746 speciebuS.

2812 2764 3017 2835 Eccli.
3052 2785 3190 2840 xvi,
3225 2764 3308 2830 25
3345 2786 3359 2830 ε
3401 2763 3483 2830 In
3511 2762 3788 2852 judicio
3807 2764 3943 2830 Dei
3970 2785 4175 2854 opera
4197 2761 4352 2852 ejus

2812 2875 2898 2943 ab
2933 2874 3156 2942 initio.
3200 2871 3471 2940 Denter.
3515 2893 3727 2949 xxxii,
3785 2871 3825 2938 4
3863 2894 3880 2940 :
3949 2872 4197 2941 Omnes
4226 2871 4350 2939 viae

2812 2984 2967 3074 ejus
2997 2979 3302 3071 judicia.

2906 3088 3098 3159 Unde
3163 3090 3416 3179 optime
3474 3087 3888 3179 praeponitur
3959 3084 4072 3155 hic
4128 3084 4352 3154 littera

2816 3198 3099 3268 llebraea
3166 3218 3305 3264 usn
3333 3195 3495 3292 (Ὁ),
3538 3195 3720 3287 quod
3750 3194 4233 3286 interpretatur
4268 3216 4354 3260 ex

2815 3316 3007 3409 ipsis.
3050 3316 3147 3382 Ac
3186 3314 3241 3380 si
3296 3310 3568 3388 diceret,
3638 3309 3822 3402 quod
3873 3310 3971 3380 sic
4024 3311 4356 3379 veraciter

2816 3445 3114 3516 praesens
3144 3421 3417 3501 assistit,
3459 3419 3621 3488 latet
3648 3428 3879 3487 tamen
3916 3418 4043 3487 suh
4092 3421 4356 3511 specie-

2818 3533 2945 3601 bus
2975 3530 3131 3608 illis,
3172 3537 3380 3598 estex
3420 3529 3604 3618 ipsis,
3646 3550 3731 3596 ex
3777 3536 4021 3596 natura
4050 3526 4352 3608 illorum,

2816 3662 2970 3733 quie
3017 3639 3211 3707 aliter
3239 3660 3375 3705 non
3414 3646 3751 3728 caperent.
3786 3634 3936 3705 lloc
3964 3644 4196 3704 tamen
4234 3635 4355 3703 ali-

2814 3758 2917 3819 ter
2942 3748 3106 3840 legit
3143 3746 3407 3826 Glossa,
3464 3747 3637 3815 sicut
3675 3747 3745 3814 in
3773 3745 3891 3814 illa
3920 3745 4201 3836 patebit,
4235 3746 4354 3814 sed

2814 3858 2961 3927 liaec
2991 3857 3244 3926 lectura
3275 3855 3425 3946 plus
3454 3853 3698 3947 placet,
3731 3863 3798 3924 et
3822 3856 4045 3947 magis
4109 3877 4358 3923 consc-

2816 3966 3109 4057 quentioe
3175 3962 3414 4032 litterae
3454 3972 3807 4033 consonat.

2913 4312 2945 4345 α
2984 4280 3259 4351 Fidelia
3312 4281 3571 4350 omnia.
3634 4307 3670 4344 n
3729 4280 3855 4351 uio
3910 4283 4214 4374 tangitur
4266 4284 4350 4354 de

2814 4391 3067 4459 virtuto
3103 4400 3172 4459 et
3198 4389 3790 4460 commendatione
3822 4389 4216 4475 verborum,
4267 4392 4350 4462 de

2816 4496 3067 4590 quibus
3095 4499 3307 4587 tangit
3336 4506 3653 4589 quatuor.
3689 4497 3951 4578 Primo,
4003 4500 4190 4592 quod
4226 4501 4359 4570 fide

2816 4606 3048 4699 digna.
3084 4605 3423 4686 Secundo,
3455 4604 3640 4696 quod
3685 4605 3881 4675 firma
3931 4615 4000 4676 et
4061 4606 4358 4686 stabilia,

2817 4714 2939 4798 ihi,
2986 4743 3019 4775 «ι
3064 4713 3516 4801 Confirmata.
3568 4738 3604 4776 n
3671 4712 3926 4795 Tertio,
3977 4714 4163 4808 quod
4228 4716 4367 4783 irn-

2816 4822 3026 4916 pleta,
3068 4822 3187 4901 ibi,
3242 4849 3274 4885 ι
3324 4824 3565 4892 Facta.
3604 4848 3639 4891 ι
3672 4821 3960 4904 Quarto,
3995 4825 4182 4917 quod
4224 4825 4365 4896 dis·

2819 4941 3026 5010 creta,
3070 4930 3186 5007 ibi,
3222 4960 3255 4991 «
3291 4932 3384 4999 Et
3434 4932 3776 5022 aequitate.
3850 4957 3885 5000 ι

2908 5039 3089 5108 Dicit
3120 5061 3282 5129 ergo
3317 5062 3333 5106 :
3371 5038 3486 5108 Sic
3514 5039 4038 5131 praesentialiter
4062 5040 4155 5110 ibi
4230 5050 4360 5122 est,

2822 5148 2981 5237 quia
3029 5171 3064 5211 ι
3115 5148 3349 5214 omnia
3411 5146 3745 5215 mandata
3793 5147 3976 5238 ejus,
4061 5178 4095 5212 ιο
4151 5149 4365 5220 verba

2821 5253 3077 5322 scilicet
3147 5252 3391 5345 quibus
3446 5254 3800 5323 conticitur
3849 5255 4083 5325 altaris
4135 5279 4369 5326 sacra-

2823 5369 3156 5440 mentum,
3223 5361 3596 5431 secundum
3675 5361 4075 5432 mandatum
4131 5388 4362 5451 suum,

2821 5471 2996 5540 sicut
3022 5478 3091 5541 et
3117 5469 3273 5551 alia,
3297 5470 3559 5564 supple,
3592 5478 3776 5553 sunt,
3810 5498 3845 5535 α
3876 5472 4148 5563 fidelia.
4168 5499 4206 5540 ι
4228 5476 4259 5545 1
4282 5474 4369 5545 ad

2822 5701 2905 5758 xi,
2950 5683 3043 5741 2⁴.
