5008 6329
1868 226 2571 296 COMMENTARIUS
2619 226 2713 293 IN
2758 224 3199 297 PSALMUM
3246 229 3521 299 CXVII.

1133 392 1376 461 nacula
1442 394 1789 483 justorum
1856 400 2086 467 corda.
2140 399 2239 465 De
2292 399 2371 464 iis
2412 397 2677 474 dicitur,

1132 499 1412 569 Numer.
1448 525 1641 588 xxiv,
1676 508 1715 573 ὅ
1746 529 1760 571 :
1801 507 2025 590 Quam
2048 505 2344 596 pulc-lira
2374 505 2686 572 taberna·

1133 608 1293 676 cula
1323 621 1472 695 tua,
1526 614 1771 695 Jacob,
1831 625 1894 680 et
1920 617 2209 680 tentoria
2238 625 2385 691 tua,
2423 615 2643 684 lsrael
2663 617 2678 682 l

1132 717 1215 783 Et
1237 716 1376 786 haec
1419 720 1767 810 replentur
1805 721 2087 787 interius
2118 721 2588 806 exsultatione,
2622 731 2688 791 et

1133 824 1360 905 laude,
1405 835 1470 895 et
1508 826 1764 894 salubri
1813 827 2089 906 virtute,
2131 838 2197 896 et
2236 832 2475 920 gratia.
2511 831 2687 898 Pro-

1131 934 1321 1001 verb.
1349 956 1493 1012 xxi,
1515 935 1601 1000 20
1628 955 1643 1000 :
1684 936 2070 1004 Thesaurus
2100 937 2598 1021 desiderabilis,
2624 949 2687 1004 et

1132 1042 1361 1109 oleum
1384 1043 1456 1108 in
1477 1041 1924 1111 tabernaculo
1937 1043 2147 1135 justi.
2186 1043 2397 1136 Soph.
2425 1068 2523 1126 ιιι,
2561 1047 2680 1113 14:

1130 1153 1491 1233 Laetare,et
1511 1153 1789 1220 exsulta
1810 1153 1883 1219 in
1903 1154 2092 1220 omni
2104 1154 2301 1220 corde
2320 1164 2460 1219 tuo.
2479 1152 2684 1220 Intali

1132 1255 1574 1326 tabernaculo
1615 1261 1961 1337 existenti,
1997 1269 2066 1328 et
2109 1260 2417 1349 superius
2456 1262 2686 1328 inten-

1132 1365 1343 1446 denti,
1387 1374 1671 1458 apparet
1715 1367 2078 1436 Dominus,
2112 1366 2357 1435 GeneS.
2392 1390 2581 1447 xvm,
2622 1371 2682 1448 1,

1128 1473 1425 1541 Abrahae
1454 1474 1717 1541 sedenti
1749 1475 1821 1542 in
1870 1476 2046 1543 ostio
2094 1474 2510 1543 tabernaculi
2565 1498 2684 1565 ap·

1130 1583 1356 1673 paruit
1393 1581 1762 1651 DominuS.

1226 1924 1261 1960 «
1321 1899 1628 1964 Dextera
1692 1895 1987 1964 Domini
2047 1895 2211 1984 lecit
2266 1894 2608 1961 virtulem.
2650 1919 2681 1957 n

1136 2002 1265 2070 llic
1339 2001 1748 2086 secundum,
1822 2002 1891 2069 in
1959 2022 2096 2091 quo
2155 2000 2449 2068 ostendit
2504 1999 2687 2091 quod

1136 2111 1464 2200 competit
1492 2131 1652 2177 eum
1697 2107 1986 2178 laudari.
2030 2108 2287 2187 Primo,
2332 2109 2489 2197 quia
2555 2109 2684 2174 vir·

1135 2227 1314 2287 tutes
1358 2216 1682 2297 infundit,
1725 2239 1847 2307 per
1912 2238 2081 2307 quas
2155 2215 2501 2306 justificat.
2559 2214 2687 2283 Se-

1134 2327 1387 2412 cundo,
1416 2327 1579 2417 quia
1607 2325 1989 2417 profectum
2039 2327 2106 2393 in
2144 2323 2507 2392 virtutibus
2562 2323 2687 2390 tri-

1133 2435 1308 2514 buit,
1373 2434 1492 2512 ibi,
1549 2463 1584 2498 α
1638 2437 1940 2503 Dextera
2006 2435 2290 2502 Domini
2351 2433 2687 2501 exaltavit

1135 2568 1263 2612 me.
1302 2568 1335 2609 t
1366 2542 1623 2621 Terti0,
1668 2541 1829 2632 quia
1896 2564 1937 2609 a
1999 2540 2291 2608 recidivo
2366 2541 2682 2626 custodit,

1132 2652 1248 2730 ibi,
1288 2679 1322 2716 κ
1362 2653 1669 2719 Dextera
1711 2649 1999 2717 Domini
2039 2651 2204 2738 lecit
2258 2650 2600 2718 virtutem.
2649 2676 2682 2717 ι

1218 2761 1401 2830 Dicit
1431 2783 1597 2851 ergo
1626 2784 1641 2827 ε
1682 2758 1797 2826 Sic
1826 2756 2030 2827 laudo
2061 2759 2342 2827 interius
2384 2760 2453 2826 in
2483 2761 2685 2829 corde

1130 2867 1520 2938 confitendo
1580 2866 1807 2958 ipsum
1861 2887 2008 2935 esse
2064 2889 2286 2935 meam
2343 2866 2689 2937 fortitudi-

1134 2999 1317 3052 nem,
1362 2983 1429 3043 et
1459 2972 1752 3041 salutem
1782 2994 1797 3039 ε
1833 2981 1899 3040 et
1927 2970 2124 3053 bene,
2158 2972 2316 3064 quia
2339 2998 2374 3040 ι
2406 2973 2687 3043 dextera

1134 3083 1447 3163 Domini,
1498 3109 1528 3146 ι
1620 3080 1927 3173 potentia
2028 3079 2278 3149 scilicet
2381 3080 2681 3163 Domini,

1135 3221 1168 3260 a
1200 3195 1369 3286 fecit
1443 3193 1795 3271 virtutem,
1832 3216 1865 3257 t
1928 3190 2001 3258 in
2038 3192 2267 3258 anima
2331 3214 2509 3273 mea,
2570 3216 2689 3284 per

1130 3323 1340 3394 quam
1415 3297 1682 3390 expulit
1746 3297 2046 3389 culpam,
2114 3306 2181 3365 et
2276 3297 2683 3369 daemonem.

1129 3409 1349 3481 Exod.
1391 3432 1509 3493 xv,
1543 3409 1629 3477 6:
1673 3409 1976 3476 Deoetera
2029 3430 2277 3476 manus
2339 3419 2490 3489 tua,
2536 3411 2681 3479 Do-

1129 3519 1337 3603 mine,
1369 3515 1712 3612 percussit
1751 3514 2134 3583 inimicum.
2171 3514 2333 3596 Job,
2377 3539 2516 3602 xiv,
2557 3519 2684 3586 ¹5:

1134 3625 1344 3718 Operi
1361 3645 1701 3694 mannum
1753 3631 2039 3690 tuarum
2084 3624 2395 3714 porriqes
2450 3622 2688 3693 dea-te-

1133 3756 1312 3815 ram,
1351 3734 1679 3800 virtutem
1709 3727 2159 3799 infundendo·

1228 3871 1263 3907 ιι
1295 3843 1600 3911 Dextera
1656 3838 1948 3908 Domini
2000 3836 2336 3907 exaltavit
2365 3860 2496 3924 me,
2540 3864 2573 3905 t
2614 3838 2685 3907 in

1133 3953 1314 4022 bono
1354 3945 1857 4043 promovendo.
1902 3945 1929 4013 1
1991 3946 2160 4039 neg.
2204 3970 2280 4029 u,
2327 3949 2403 4016 1:
2453 3948 2688 4018 Exol-

1135 4074 1360 4134 tatum
1426 4070 1525 4130 est
1588 4080 1804 4127 cornu
1887 4080 2114 4126 meum
2172 4060 2243 4126 in
2299 4060 2443 4128 Deo
2509 4082 2682 4129 meo.

1134 4171 1159 4239 1
1194 4172 1381 4241 Petr.
1422 4192 1497 4248 v,
1540 4169 1583 4237 6
1624 4190 1642 4235 :
1697 4164 2207 4236 Ilumiliamini
2250 4165 2380 4235 snb
2420 4170 2689 4260 potenti

1133 4300 1350 4349 ariana
1376 4276 1537 4357 Dei,
1571 4283 1649 4343 ul
1686 4296 1803 4341 vos
1830 4271 2089 4342 uallet
2126 4273 2196 4341 in
2240 4282 2538 4365 tempore
2579 4277 2688 4343 oi-

1129 4386 1502 4457 silalionis.
1534 4381 1645 4450 Ad
1701 4379 2188 4452 exaltationem
2242 4382 2515 4452 venitur
2566 4406 2690 4475 per

1130 4493 1352 4565 solam
1372 4487 1862 4560 humilitatem.
1886 4487 2049 4558 Luc.
2084 4511 2223 4567 xiv,
2265 4491 2369 4574 11,
2393 4499 2458 4559 et
2490 4514 2684 4571 xviii,

1136 4603 1259 4672 14:
1308 4598 1449 4687 Qui
1473 4619 1545 4666 se
1570 4594 1938 4674 humiliat,
1980 4595 2432 4668 wallabitnr.

1225 4737 1260 4774 α
1292 4709 1600 4780 Dextera
1659 4703 1949 4773 Domini
2008 4703 2172 4794 fecit
2239 4704 2585 4790 virtulem,
2647 4733 2680 4774 ι

1133 4814 1606 4890 conservando
1665 4836 1777 4882 me
1824 4836 1865 4881 a
1921 4813 2215 4883 recidivo
2272 4814 2341 4884 in
2386 4814 2683 4907 culpam.

1133 4927 1354 4997 Exod.
1415 4945 1660 4999 xxxin,
1725 4920 1810 4987 22
1856 4942 1875 4990 z
1913 4921 2277 5011 Prote-qam
2315 4929 2380 4990 te
2406 4920 2686 4991 dextera

1134 5059 1307 5105 mea.
1343 5030 1431 5103 Et
1469 5037 1659 5113 nota,
1692 5026 1878 5120 quod
1944 5027 2218 5097 dextera
2254 5028 2529 5100 Domini
2593 5032 2689 5101 sa·

1131 5144 1222 5212 cit
1238 5140 1594 5217 virtutem,
1624 5134 1962 5228 praecipue
1991 5134 2062 5201 in
2091 5132 2309 5215 altari,
2338 5157 2587 5227 panem
2616 5137 2687 5205 in

1135 5270 1385 5342 eorpus
1449 5244 1808 5340 proprium
1871 5242 2383 5312 commutando.
2478 5244 2684 5315 Joan.

1133 5381 1229 5439 vi,
1261 5359 1350 5427 52
1402 5378 1420 5423 ε
1466 5353 1690 5423 Panis
1737 5373 1940 5444 quem
2012 5372 2135 5443 eqo
2199 5350 2405 5433 dabo,
2445 5360 2575 5424 etc.
2602 5352 2689 5422 Et

1135 5463 1389 5536 exaltat
1452 5460 1833 5530 humanam
1888 5467 2229 5545 naturam,
2287 5459 2397 5528 cui
2453 5460 2686 5529 datum

1138 5582 1241 5647 est
1301 5595 1427 5667 per
1488 5567 1716 5639 Deum
1775 5590 2003 5663 posse,
2057 5566 2242 5662 quod
2279 5590 2420 5638 non
2449 5566 2686 5639 datum

4222 231 4350 298 229

2798 405 2899 465 est
2928 400 3214 490 Angelo,
3257 402 3328 468 in
3399 400 3682 469 homine
3739 397 4113 466 sacerdote.
4184 396 4348 463 Luc.

2796 531 2961 590 xxii,
3002 512 3080 577 19
3112 534 3126 576 :
3162 512 3306 577 Hoc
3339 512 3552 599 facite
3588 512 3656 576 in
3690 532 3914 576 meam
3953 527 4354 574 commemo-

2797 618 3154 683 rationem.
3190 615 3488 684 Dextera
3522 616 3797 683 Domini
3831 615 3990 681 facit
4029 614 4350 680 virtutem

2797 724 3125 789 sumentis
3161 724 3463 789 animam
3513 722 3928 790 roborando.
3992 719 4173 787 Psal.
4209 741 4344 796 cm,

2805 832 2882 898 15
2927 853 2941 897 ε
2990 833 3207 898 Panis
3263 855 3375 899 cor
3428 831 3728 899 hominis
3804 829 4185 917 confirmet.
4246 827 4347 894 Ibi

2798 960 2959 1028 ergo
3015 960 3253 1006 verum
3322 947 3422 1006 est
3482 937 3703 1005 dicere
3767 935 3938 1003 illud
3963 933 4121 1016 Joh,
4157 957 4224 1012 ν,
4261 935 4343 1001 9:

2802 1047 2938 1130 Qui
2963 1047 3140 1134 facit
3175 1069 3432 1136 maqna
3459 1054 3526 1112 et
3582 1041 4095 1118 inscrutabilia,
4130 1049 4196 1109 el
4223 1043 4351 1107 mi-

2797 1152 3055 1221 rabilia
3092 1152 3344 1244 absque
3378 1175 3690 1231 numero.

2889 1493 2922 1534 α
2964 1471 3117 1537 Non
3156 1473 3440 1553 moriar,
3481 1472 3606 1538 sed
3658 1474 3912 1539 vivam.
3955 1497 3987 1535 ι
4045 1470 4174 1539 Hic
4239 1493 4352 1538 se-

2795 1575 3096 1644 cundum
3141 1580 3348 1645 totius
3397 1577 3602 1668 liujus
3639 1580 3877 1669 partis,
3924 1580 3994 1645 in
4026 1601 4162 1669 qua
4200 1578 4352 1669 agi-

2793 1691 2908 1750 tur
2971 1682 3052 1750 de
3140 1686 3512 1775 gratiarum
3596 1688 3888 1754 actione.
3971 1685 4351 1776 Postquam

2795 1790 2978 1857 enim
3009 1788 3243 1858 laudes
3281 1789 3512 1874 solvit,
3553 1789 3665 1859 hic
3722 1789 3944 1858 laudis
3982 1792 4351 1859 continua-

2794 1899 3054 1967 tionem
3091 1901 3430 1991 promittit
3463 1923 3480 1968 ε
3527 1908 3596 1969 et
3633 1900 3955 1968 dicuntur
3992 1900 4155 1969 duo.
4189 1899 4351 1967 Pri-

2797 2031 2935 2086 mo,
2978 2010 3340 2098 promissio
3400 2009 3481 2077 de
3521 2008 3743 2077 laudis
3802 2009 4345 2076 continuatione.

2797 2112 3140 2197 Secundo,
3212 2118 3383 2183 ratio
3451 2138 3660 2207 quare
3734 2115 4208 2184 continuanda
4236 2116 4348 2193 sit,

2795 2222 2914 2301 ibi,
2947 2231 3011 2300 ἵ.
3055 2225 3176 2291 18:
3215 2249 3249 2289 α
3287 2224 3657 2316 Castiqans
3685 2226 4085 2315 castiqavil.
4134 2250 4168 2290 ι

2885 2329 2963 2397 In
3001 2330 3218 2420 prima
3257 2331 3418 2400 duo.
3471 2331 3736 2417 Primo,
3799 2330 4140 2423 sperando
4187 2354 4356 2422 pro-

2797 2437 3002 2505 mittit
3042 2440 3605 2529 praeparationem
3644 2439 3748 2505 sui
3808 2437 3896 2505 ad
3945 2437 4150 2528 digne
4197 2438 4354 2506 lau-

2795 2542 3116 2613 dandum.
3186 2544 3531 2623 Secundo,
3599 2543 3824 2612 laudis
3892 2546 4353 2613 continuatio-

2794 2674 2978 2731 nem,
3014 2651 3131 2737 ibi,
3169 2677 3203 2717 α
3238 2653 3330 2719 Et
3357 2650 3685 2720 narrabo.
3730 2679 3763 2713 n

2883 2760 2998 2828 Ait
3027 2759 3250 2827 enim:
3299 2757 3416 2827 Sic
3431 2760 3577 2849 jam
3617 2757 3895 2827 laudavi
3939 2757 4190 2837 Deum,
4226 2759 4353 2826 sic·

2794 2876 2868 2935 ut
2934 2865 3218 2958 dignum
3285 2873 3454 2945 erat,
3516 2874 3582 2934 et
3636 2867 3868 2945 etiam,
3927 2894 3962 2929 α
4000 2889 4136 2935 non
4202 2889 4357 2934 mo·

2795 2978 2965 3055 rior,
3013 3002 3046 3042 »
3081 2983 3300 3044 morte
3329 2973 3570 3066 culpae,
3619 3001 3654 3040 α
3686 2975 3810 3042 sed
3844 2976 4099 3055 vivam,
4145 3000 4178 3041 ι
4213 2976 4353 3044 vita

2792 3085 3024 3177 gratiae
3055 3106 3211 3153 cum
3242 3082 3485 3171 Paulo,
3519 3083 3604 3152 ad
3646 3082 3867 3152 Galat.
3908 3106 3980 3169 n,
4014 3083 4143 3152 20:
4192 3084 4352 3151 l'iro

2739 3182 2767 3198 ”
2793 3218 2940 3286 eqo,
2983 3195 3124 3263 vita
3150 3192 3416 3285 gratiae,
3435 3193 3602 3284 jam
3630 3216 3767 3261 non
3807 3215 3959 3285 eqo,
3993 3191 4114 3261 sed
4168 3216 4356 3262 mor-

2792 3311 2952 3372 tuus
2983 3325 3137 3371 sum
3175 3301 3389 3395 culpae
3447 3324 3465 3369 ε
3511 3302 3680 3370 vivit
3715 3324 3871 3370 vero
3910 3302 3983 3369 in
4014 3323 4122 3370 me
4152 3302 4356 3371 Cleri-

2788 3422 2960 3481 σιω.
2997 3410 3112 3479 Sic
3136 3410 3367 3479 vivam
3403 3411 3546 3479 vita
3601 3411 3868 3502 gratiae,
3939 3418 4016 3478 ut
4069 3432 4212 3478 non
4263 3410 4354 3479 sit

2791 3517 3187 3611 separabilis
3214 3540 3258 3587 a
3287 3541 3421 3590 me.
3471 3518 3580 3585 Ad
3613 3516 3909 3589 Roman.
3948 3540 4096 3598 vui,
4148 3518 4235 3587 35
4283 3527 4352 3587 et

2793 3629 2879 3698 38
2921 3649 2938 3695 2
2978 3627 3148 3712 Quis
3174 3649 3296 3695 nos
3322 3625 3678 3718 separabit
3703 3651 3749 3695 a
3771 3626 4114 3696 charitate
4143 3626 4347 3698 Cleri·

2789 3735 2883 3802 sti
2907 3731 3029 3802 ?...
3069 3734 3305 3803 Certus
3329 3756 3514 3815 sum,
3546 3734 3715 3826 quia
3744 3757 3963 3828 neque
3986 3757 4194 3817 mors,
4237 3759 4351 3803 ne·

2790 3865 2922 3936 qne
2949 3844 3117 3921 vita,
3136 3849 3265 3911 etc.

2881 3948 3035 4033 Vel,
3055 3948 3139 4020 de
3182 3951 3326 4019 vita
3378 3949 3743 4042 corporali.
3786 3950 4002 4032 Quasi
4039 3951 4344 4024 diceret:

2796 4085 2831 4127 ι
2864 4061 3018 4130 Non
3049 4058 3332 4143 moriar,
3366 4083 3402 4125 n
3435 4055 3522 4127 ab
3560 4058 3859 4128 inimicis
3898 4060 4104 4130 etiam
4136 4062 4354 4131 inter·

2793 4168 3030 4247 fectus,
3128 4194 3163 4236 ι
3237 4167 3361 4237 sed
3443 4167 3700 4249 vivam,
3772 4193 3808 4235 ι
3884 4169 4029 4239 vita
4081 4169 4345 4264 glorize.

2795 4278 3103 4370 Sapient.
3164 4299 3264 4357 ιιι,
3304 4279 3347 4345 2
3403 4299 3421 4346 :
3512 4277 3653 4345 Visi
3709 4287 3877 4346 sunt
3911 4278 4134 4347 oculis
4173 4280 4352 4349 insi-

2783 4386 3128 4479 pientium
3192 4383 3395 4464 mori,
3437 4382 3559 4452 illi
3584 4393 3819 4453 antem
3841 4394 4011 4453 sunt
4037 4386 4112 4454 in
4138 4409 4342 4478 pace.

2786 4491 2946 4573 Job,
2978 4514 3168 4574 xxix,
3205 4492 3286 4561 18
3315 4513 3333 4560 :
3363 4491 3564 4562 Sicut
3578 4490 3834 4584 palma
3854 4491 4347 4585 multiplicabo

2790 4602 2957 4671 dies.
3009 4598 3298 4680 Quando
3343 4597 3643 4669 creditur
3684 4597 3873 4691 quod
3929 4608 4204 4669 mortua
4229 4602 4347 4683 sit,

2790 4720 2952 4782 tunc
2979 4708 3234 4778 diutius
3295 4708 3489 4777 vivit.
3549 4705 3766 4778 Exod.
3814 4730 3866 4793 1,
3905 4709 4030 4777 12:
4072 4709 4350 4794 Quanto

2781 4818 2948 4911 plus
2973 4814 3450 4909 opprimebant
3466 4837 3601 4896 eos,
3634 4815 3895 4885 scilicet
3913 4814 4092 4886 filios
4112 4817 4348 4904 Israel,

2791 4935 2985 4995 lanto
3014 4925 3240 5017 maqis
3279 4922 3946 5018 multiplicabantur
3979 4935 4046 4994 et
4098 4950 4354 4997 cresce-

2792 5030 2980 5100 bant.
3026 5028 3142 5101 Sic
3168 5052 3308 5099 non
3336 5030 3618 5111 moriar,
3650 5027 3771 5098 sed
3790 5028 4053 5098 vivam.
4086 5056 4120 5096 ι
4161 5033 4283 5113 ΕΙ,
4311 5059 4347 5101 ι

2793 5147 2954 5208 tunc
2994 5162 3029 5200 α
3085 5134 3387 5205 narrabo
3448 5157 3659 5227 opera
3703 5136 4018 5217 Domini,
4053 5166 4086 5201 n
4150 5137 4354 5211 laude

2789 5245 3141 5331 continua,
3199 5267 3341 5314 non
3385 5241 3696 5313 cessabo.
3734 5241 3950 5314 Eccli.
4008 5269 4175 5328 xvn,
4219 5250 4349 5318 27:

2805 5353 3040 5422 Vivens
3076 5361 3141 5420 et
3164 5373 3377 5420 sanus
3418 5349 3846 5441 confiteberis
3874 5374 3899 5421 .·
3927 5361 3994 5422 el
4025 5353 4355 5424 laudabis

2791 5463 3041 5529 Deum.
3136 5456 3269 5527 Isa.
3348 5479 3640 5538 xxxviii,
3705 5460 3788 5527 19
3851 5481 3869 5528 :
3923 5460 4186 5540 Vivens,
4254 5462 4355 5531 vi·

2792 5590 2972 5652 vens,
3005 5565 3244 5636 vivens
3267 5564 3411 5636 vita
3437 5572 3729 5647 naturae,
3758 5564 4002 5636 vivens
4030 5567 4177 5638 vita
4201 5591 4356 5662 gra·

4485 1499 4601 1565 1⁷
