5008 6329
653 227 782 294 508

653 393 753 460 los
790 395 873 463 ad
918 396 1163 479 Deum,
1214 395 1431 464 multo
1489 395 1731 465 fortius
1780 393 2209 464 rationabilia

654 499 898 569 debent
928 500 1057 570 hoc
1090 503 1329 572 facere.
1367 503 1697 573 Proverb.
1734 527 1825 589 1v,
1862 506 1945 573 25
1982 526 1997 571 :
2039 503 2211 572 Ocu-

658 605 711 673 li
739 610 845 676 tui
870 621 1050 678 recta
1080 611 1382 692 videant,
1418 611 1809 680 incedentes
1850 610 2104 679 scilicet
2140 611 2208 676 in

652 713 896 782 Deum.
943 717 1164 786 Eccle.
1212 741 1281 798 ιι,
1337 720 1467 784 14:
1522 719 1874 807 Sapientis
1912 717 2098 783 oculi
2136 716 2206 780 in

652 825 873 913 capite
900 823 1080 913 ejuS,
1116 831 1180 891 et
1218 823 1560 891 Dominus
1602 820 1793 890 dabit
1830 821 1930 890 illi
1982 842 2204 889 escam

656 930 1077 1019 temporibus
1118 931 1284 998 suiS.

742 1251 1050 1341 «Aperis
1108 1259 1184 1317 tu
1248 1273 1561 1321 manum.
1612 1276 1646 1317 ι»
1716 1250 1847 1320 Hic
1905 1253 2206 1341 tangitur

648 1356 893 1425 modus
949 1357 1260 1426 solvendi
1315 1357 1649 1442 debitum,
1728 1359 1887 1450 quia
1982 1358 2204 1426 abun-

647 1464 885 1533 danter
915 1467 1010 1534 eis
1041 1466 1278 1534 tribuit
1304 1465 1561 1534 cibum.
1597 1465 1833 1533 Primo
1867 1488 2029 1556 ergo
2081 1466 2204 1534 be-

645 1573 1001 1664 nignitatis
1070 1580 1136 1641 et
1189 1574 1514 1663 potentiae
1581 1572 1771 1664 larga
1839 1574 2195 1664 expositio.

648 1679 988 1759 Secunde,
1025 1679 1208 1770 quod
1238 1701 1535 1771 sequens
1567 1686 1693 1761 est,
1744 1681 2204 1770 verisusten-

642 1789 924 1858 tamenti
995 1786 1350 1857 abundans
1402 1786 1758 1869 exhibitio,
1804 1787 1922 1869 ibi,
1998 1813 2032 1855 α
2109 1792 2203 1858 Et

643 1894 913 1985 imples.
953 1923 985 1958 »

733 2001 847 2070 Ait
876 2024 1039 2095 ergo
1083 2025 1099 2072 :
1168 2002 1282 2072 Sic
1311 2002 1484 2085 dixi,
1530 2002 1717 2094 quod
1755 2003 1876 2072 das
1917 2025 2143 2073 escam
2178 2030 2192 2074 ε

642 2117 710 2178 et
739 2131 977 2178 verum
1003 2108 1169 2190 dixi,
1206 2110 1367 2202 quia
1399 2137 1432 2173 «
1506 2110 1736 2202 aperis
1782 2120 1859 2179 tu
1915 2134 2201 2179 manum

642 2228 863 2297 tuam,
909 2243 944 2282 n
976 2216 1420 2310 benignitatis
1447 2226 1581 2287 tuae
1616 2218 1999 2310 potentiam
2041 2241 2203 2311 qua-

643 2325 701 2394 si
776 2327 1086 2417 exponiS.
1158 2325 1487 2395 Proverb.
1552 2349 1598 2404 1,
1679 2327 1827 2395 24:
1895 2327 2203 2396 Extendi

643 2457 930 2503 manum
960 2459 1207 2522 meam,
1251 2446 1316 2504 ct
1353 2458 1488 2504 non
1516 2436 1663 2526 luit
1718 2437 1842 2528 qui
1888 2435 2201 2529 adspice-

644 2552 766 2611 ret.

744 2678 773 2713 «
800 2653 897 2720 Et
927 2651 1172 2744 imples
1218 2674 1416 2720 omne
1479 2651 1755 2720 animal
1792 2652 2201 2722 benedictio-

641 2783 747 2839 ne,
795 2785 827 2826 ι
861 2759 1061 2829 bonis
1102 2761 1620 2853 temporalibuS,
1666 2785 1818 2853 quae
1883 2770 1951 2832 te
1987 2762 2201 2832 bene-

641 2864 1003 2936 dicendum
1038 2867 1355 2959 probant,
1398 2876 1467 2938 et
1505 2868 1900 2938 ostendunt.
1947 2867 2194 2961 Supra,

641 2980 711 3047 in
740 2978 922 3047 l‘sal.
979 3002 1115 3061 cui,
1159 2981 1292 3048 28:
1371 2980 1740 3071 Aperiente
1797 2988 1860 3047 te
1911 3001 2194 3048 manum

638 3097 856 3166 tuam,
890 3089 1124 3157 omnia
1166 3088 1645 3182 implebuntur
1693 3086 2018 3157 bonitate.
2072 3087 2198 3158 Be-

641 3196 882 3266 neiicia
924 3205 1153 3268 autem
1185 3198 1507 3268 dicuntur
1549 3197 1961 3280 benedictio,
2024 3199 2199 3267 sicut

637 3307 1095 3402 eleemosyna.
1132 3310 1196 3379 11
1263 3309 1350 3379 ad
1387 3307 1701 3379 Corinth.
1752 3332 1848 3393 ix,
1910 3311 2005 3380 (ῖς
2060 3309 2197 3393 Qui

633 3420 928 3487 seminat
983 3419 1054 3485 in
1114 3416 1715 3495 benedictionibus,
1779 3416 1864 3485 de
1920 3414 2195 3485 benedi-

636 3525 972 3595 ctionibus
1019 3536 1083 3594 et
1139 3535 1363 3605 metet,
1422 3534 1549 3595 etc.
1586 3524 1764 3606 Quia
1821 3526 1994 3595 sicut
2025 3524 2193 3595 dans

635 3632 1139 3727 eleemosynam
1180 3657 1220 3702 a
1251 3633 1618 3724 recipiente
1647 3631 1850 3702 debet
1904 3632 2191 3702 benedi-

633 3744 720 3823 ci,
761 3746 858 3813 sic
894 3743 1079 3813 Deus
1109 3745 1179 3812 in
1212 3742 1700 3813 beneficiorum
1736 3742 2184 3823 exhibitione,

632 3852 929 3921 maxime
998 3853 1068 3920 in
1126 3852 1304 3922 cibo.
1371 3850 1620 3944 Supra,
1704 3854 1772 3921 in
1812 3851 1996 3921 Psal.
2042 3858 2184 3937 xxi,

630 3960 767 4028 2¹1:
829 3959 1056 4028 Edent
1105 3982 1470 4052 pauperes,
1532 3970 1598 4029 et
1652 3959 2182 4046 saturabuntur,

631 4077 696 4135 et
750 4065 1143 4136 laudabunt
1207 4068 1589 4136 Dominum
1646 4069 1772 4160 qui
1826 4069 2189 4161 requirunt

632 4194 811 4241 eum.

716 4278 870 4359 Vel,
912 4286 1199 4370 possunt
1236 4277 1348 4349 hic
1407 4281 1595 4372 tangi
1636 4304 1788 4374 quie
1845 4282 2186 4374 pertinent

631 4385 713 4455 ad
743 4386 1075 4477 justitiam
1113 4384 1506 4479 specialem,
1556 4388 1890 4479 justitiam
1930 4387 2186 4457 scilicet

630 4492 1150 4563 rationabilibus
1225 4492 1708 4563 exhibendam.
1778 4495 1865 4563 Et
1929 4497 2181 4587 primo,

632 4599 934 4690 tangitur
982 4598 1261 4668 ellectus
1326 4599 1614 4689 justitiae
1670 4599 2181 4693 comparatione

633 4705 714 4774 ad
747 4727 1022 4775 omnem
1055 4713 1435 4775 creaturam
1483 4707 1988 4788 rationabilem,
2040 4714 2181 4776 tam

632 4810 912 4897 bonam,
948 4834 1156 4904 quam
1188 4810 1468 4882 malam.
1503 4811 1849 4895 Secundo,
1896 4837 2185 4906 compa-

635 4918 895 4986 ratione
952 4917 1040 4985 ad
1086 4917 1374 5008 justam,
1454 4919 1573 5002 ibi,
1616 4927 1683 4998 ὴ.
1722 4922 1753 4989 1
1795 4943 1811 4989 ε
1849 4949 1883 4987 α
1941 4922 2185 4991 Iustus

636 5026 998 5095 Dominus.
1035 5050 1068 5091 »
1109 5024 1337 5094 Tertio
1366 5029 1879 5118 comparatione
1911 5028 1997 5098 ad
2061 5028 2186 5096 im·

633 5134 845 5226 piam,
879 5132 996 5214 ibi,
1042 5132 1111 5203 in
1145 5132 1369 5203 medio
1412 5141 1475 5211 ὴ.
1529 5135 1614 5203 20
1652 5162 1667 5204 :
1720 5166 1753 5199 α
1801 5139 1898 5206 Et
1956 5157 2187 5206 omnes

631 5247 1036 5329 peccatores.
1072 5264 1105 5301 n

728 5345 905 5415 Dicit
942 5370 1103 5438 ergo
1147 5370 1163 5417 :
1236 5346 1353 5417 Sic
1393 5370 1674 5417 manum
1715 5349 2182 5444 benignitatis,

638 5463 705 5525 et
767 5455 1084 5547 potentiae
1146 5458 1393 5548 aperis,
1457 5483 1492 5522 α
1551 5468 1618 5527 et
1690 5458 1938 5551 imples
1994 5472 2192 5531 omne

640 5561 933 5646 animal,
1017 5590 1051 5626 n
1156 5561 1652 5635 benedictionis
1725 5567 2185 5662 susceptibile,

1660 224 1738 290 D.
1792 224 1992 291 ΑΕΒ.
2048 220 2261 288 MAG.
2317 218 2522 286 ORD.
2577 217 2871 285 PRAED.

2324 418 2358 460 α
2424 389 2896 467 benedictione,
2944 412 2979 452 ι
3046 386 3154 454 vel
3228 385 3507 464 coelesti,
3554 409 3703 476 quae
3761 392 3860 454 est

2311 498 2694 570 benedictio
2725 498 2984 590 gratiae,
3028 494 3111 564 de
3142 517 3274 586 qua
3306 517 3536 585 supra,
3569 495 3637 560 in
3669 494 3849 561 Psal.

2311 633 2535 688 cxxxi,
2574 610 2652 677 15
2699 629 2712 674 ε
2776 605 3064 675 Viduam
3094 604 3247 694 ejus
3297 601 3685 671 benedicens
3745 600 3857 669 be-

2270 793 2274 797 ,
2311 716 2647 783 nedicam.
2691 712 2820 780 Vel
2852 700 3266 802 temporalis
3310 707 3727 784 substantiae,
3790 714 3856 773 et

2314 844 2552 891 eorum
2610 843 2760 911 quae
2825 819 3205 887 necessaria
3245 825 3423 893 sunt,
3470 817 3674 883 etiam
3734 814 3858 879 im-

2311 932 2529 1022 pium,
2574 929 2656 995 de
2696 950 2831 1019 qua
2878 927 3123 995 dicitur
3179 925 3263 993 ad
3328 925 3533 1008 Esau,
3606 922 3850 992 GeneS.

2312 1059 2522 1114 xxvu,
2584 1035 2667 1103 39
2708 1040 2777 1102 et
2829 1033 2967 1101 40:
3019 1032 3102 1100 In
3148 1030 3572 1122 pinqtcedine
3633 1040 3850 1110 terrae,

2311 1159 2376 1216 et
2406 1148 2477 1214 in
2525 1166 2676 1212 rore
2728 1141 2882 1210 coeli
2936 1141 3245 1232 desuper,
3308 1141 3436 1207 erit
3485 1139 3854 1207 benedictio

2311 1266 2458 1323 tua.
2493 1252 2556 1319 11
2597 1250 2766 1343 Reg.
2801 1273 2894 1328 vt,
2935 1250 3006 1317 Η
3050 1247 3461 1317 :Benedioeit
3511 1247 3855 1315 Dominus

2314 1361 2701 1442 Obededon,
2743 1356 2873 1426 hoc
2904 1364 3025 1434 est,
3083 1355 3266 1423 bona
3313 1355 3457 1444 ejus
3506 1361 3855 1444 tempora-

2310 1471 2398 1539 lia
2424 1468 2923 1559 multiplicavit.
2969 1464 3211 1535 Genes.
3247 1488 3409 1545 xxx,
3441 1465 3528 1534 30
3565 1487 3580 1533 ε
3632 1465 3855 1532 Bene-

2308 1578 2489 1646 dixit
2519 1576 2647 1645 tibi
2682 1577 3023 1645 Dominus
3052 1574 3146 1642 ad
3173 1575 3532 1642 introitum
3591 1593 3847 1648 meum,

2307 1687 2477 1756 dixit
2500 1684 2714 1755 Jacob
2746 1684 2828 1752 ad
2859 1681 3115 1752 Laban.

2408 2011 2704 2080 «Iustus
2737 2007 3104 2078 Dominus.
3161 2031 3195 2073 »
3256 2005 3384 2074 Hic
3446 2004 3849 2084 secundum,

2307 2121 2374 2188 in
2406 2142 2542 2212 quo
2571 2124 2944 2210 tanguntur
2979 2115 3256 2186 ell'ectus
3284 2114 3569 2205 justitiae
3628 2112 3853 2205 quoad

2304 2230 2550 2299 bouoS.
2583 2228 2857 2298 Primus
2887 2233 2989 2295 est
3019 2225 3320 2317 ipsorum
3362 2223 3690 2291 correctio
3734 2245 3855 2313 per

2305 2361 2577 2430 poenam
2638 2336 2988 2405 inflictam.
3061 2332 3438 2413 SecunduS,
3509 2339 3851 2401 correcto-

2307 2469 2456 2514 rum
2524 2445 2836 2537 purgatio
2891 2463 3012 2535 per
3075 2441 3572 2532 correptionem
3634 2439 3846 2516 illam,

2304 2553 2424 2637 ibi,
2472 2580 2504 2616 α
2538 2554 2632 2621 Et
2652 2559 2952 2620 sanctus.
2992 2575 3025 2612 n
3057 2548 3345 2626 Tertius,
3379 2545 3848 2638 promptitudo

2305 2657 2707 2729 exaudiendi
2738 2663 3101 2736 correctoS,
3137 2654 3256 2739 ibi,
3289 2660 3351 2732 ᾗ.
3394 2654 3473 2722 18
3504 2675 3520 2720 :
3560 2677 3594 2719 α
3627 2654 3852 2746 Prope

2301 2775 2398 2834 est
2453 2764 2815 2834 Dominus.
2863 2788 2897 2825 ιο
2968 2759 3290 2841 Quartus,
3356 2758 3846 2827 desideriorum

2300 2875 2606 2966 ipsorum
2636 2868 3057 2963 adimpletio,
3089 2869 3210 2955 ihi,
3240 2875 3306 2946 5.
3345 2869 3424 2937 19
3461 2889 3476 2935 :
3524 2895 3556 2930 α
3605 2867 3849 2935 Volun-

2300 2991 2511 3052 tatem
2579 2982 2987 3051 timentium.
3068 3006 3101 3042 »
3168 2976 3462 3058 Quintus
3527 2983 3628 3044 est
3696 2984 3848 3068 post

2297 3091 2852 3184 adimpletionem
2961 3087 3418 3167 voluntatum,
3541 3087 3843 3178 ipsorum

2298 3202 2753 3281 conservatio,
2785 3198 2905 3279 ibi,
2938 3204 3003 3275 ὴ.
3038 3198 3125 3266 20
3168 3217 3184 3264 :
3242 3222 3272 3259 α
3336 3195 3650 3266 Custodit
3698 3196 3845 3263 Do-

2299 3311 2551 3379 minus.
2606 3333 2640 3376 ι

2383 3416 2563 3486 Dicit
2592 3438 2807 3508 ergo:
2854 3413 2967 3483 Sic
2996 3436 3201 3483 omne
3248 3410 3499 3480 animal
3557 3410 3843 3480 benedi-

2295 3525 2520 3594 ctione
2551 3522 2787 3616 implet
2823 3522 2970 3612 ejus
2989 3520 3279 3611 justitia,
3312 3528 3380 3589 et
3408 3521 3613 3589 etiam
3640 3547 3673 3583 α
3699 3522 3838 3588 Do·

2295 3634 2524 3702 minus
2566 3631 2836 3722 justus,
2873 3655 2907 3697 ι»
2968 3635 3069 3698 est
3105 3626 3477 3720 puniendo,
3511 3635 3579 3697 et
3609 3627 3841 3718 ssagel-

2297 3740 2525 3823 land0,
2564 3764 2598 3806 «
2669 3740 2739 3807 in
2790 3736 3108 3806 omnibus
3174 3736 3304 3804 ciis
3355 3737 3557 3804 suis:
3593 3761 3626 3802 ι
3679 3737 3837 3827 quia

2295 3846 2561 3917 Daniel.
2597 3868 2694 3925 m,
2727 3847 2839 3926 2‘1,
2883 3844 3129 3913 dicitur
3171 3865 3186 3912 ε
3230 3845 3474 3913 Iustus
3538 3867 3632 3923 es,
3696 3841 3838 3911 Do-

2292 3957 2497 4037 mine,
2538 3956 2606 4023 in
2637 3952 2955 4023 omnibus
2991 3975 3143 4045 quae
3166 3952 3395 4044 fecisti
3430 3950 3648 4031 nobis,
3710 3972 3836 4020 nos

2289 4059 2544 4131 scilicet
2580 4057 2975 4151 affligendo,
3015 4064 3143 4126 etc.

2390 4296 2420 4333 α
2456 4272 2555 4338 Et
2579 4279 2880 4338 sanctus.
2926 4295 2960 4331 »ι
3004 4267 3174 4338 Ecce
3211 4267 3611 4337 secundum.
3648 4268 3832 4350 Qua·

2289 4376 2343 4444 si
2402 4376 2653 4445 diceret
2721 4397 2738 4444 ε
2811 4373 2925 4443 Sic
2973 4376 3199 4467 justus
3254 4382 3357 4443 est
3436 4374 3829 4469 affligendO,

2293 4507 2327 4549 α
2360 4493 2424 4552 et
2464 4510 2498 4547 n
2532 4483 2736 4552 etiam
2768 4509 2801 4547 οι
2831 4491 3109 4552 sanctus
3134 4506 3168 4549 ι
3201 4504 3274 4551 es
3319 4504 3460 4551 non
3498 4481 3723 4552 solum
3765 4485 3832 4553 in

2289 4597 2379 4671 te,
2448 4588 2568 4659 sed
2630 4590 2838 4658 etiam
2901 4613 2937 4656 ι
3007 4590 3078 4657 in
3133 4589 3449 4660 omnibus
3516 4590 3833 4684 operibus

2289 4700 2451 4778 tuis,
2508 4723 2541 4764 ι
2612 4696 2861 4789 quibus
2897 4719 3025 4766 nos
3080 4699 3365 4790 corrigis
3435 4722 3451 4767 ε
3507 4699 3667 4791 quia
3705 4723 3831 4770 nos

2288 4813 2583 4887 sanctos,
2660 4813 2728 4874 et
2790 4803 3083 4873 mundos
3136 4804 3324 4875 iacis.
3385 4805 3518 4878 Isa.
3585 4830 3681 4887 vi,
3723 4809 3824 4880 3:

2288 4914 2608 4992 Sanctus,
2639 4921 2938 4992 sanctus,
2970 4922 3246 4982 sanctus
3274 4916 3616 4986 Dominus
3644 4918 3833 4986 Deus

2288 5021 2601 5103 sabaotb,
2642 5019 2774 5091 hoc
2806 5027 2932 5107 est,
2977 5023 3422 5105 exercituum,
3463 5024 3829 5108 bellorum,

2290 5139 2355 5199 et
2422 5128 2966 5202 tribulationum.
3045 5131 3341 5201 Sanctus
3411 5136 3634 5227 primo
3710 5157 3836 5205 nos

2289 5238 2714 5309 sanctificans
2752 5263 2793 5309 a
2828 5247 3103 5332 peccato
3132 5241 3378 5323 cordiS,
3418 5253 3696 5313 sanctus
3722 5267 3837 5314 se-

2291 5349 2516 5419 cundo
2569 5372 2694 5419 nos
2748 5349 3176 5420 sanctificans
3240 5376 3280 5421 a
3338 5360 3611 5443 peccato
3669 5355 3831 5435 oris,

2289 5467 2567 5528 sanctus
2602 5458 2800 5528 tertio
2834 5480 2962 5529 nos
3008 5459 3435 5530 sanctificans
3481 5482 3522 5529 a
3557 5469 3834 5553 peccato

2295 5570 2543 5661 operis.

3985 2011 4096 2075 17
