5008 6329
1866 356 2587 427 COMMENTARIUS
2638 355 2728 422 ΙΝ
2778 351 3217 421 PSALMUM
3268 354 3578 423 valn.

1135 523 1357 614 qualis
1398 533 1496 593 est
1532 526 1958 609 Judaeorum,
1993 530 2100 598 Ad
2149 529 2442 596 Roman.
2483 550 2554 600 x.
2589 528 2628 592 2
2672 544 2689 593 3

1138 632 1621 703 Testimonium
1644 638 1967 728 perhibeo
2036 638 2208 715 illis,
2253 635 2442 727 quod
2475 656 2696 701 aemu-

1137 738 1465 809 lationem
1511 746 1644 811 Dei
1665 744 1942 824 liabent,
1991 744 2118 811 sed
2146 765 2284 809 non
2313 741 2692 808 secundum

1131 850 1513 917 scientiam.
1537 851 1619 919 Et
1647 853 1734 919 sit
1753 855 1901 919 sine
1924 849 2408 929 amaritudine,
2447 847 2686 918 Jacob.

1132 979 1229 1035 111,
1274 959 1354 1024 14
1390 981 1405 1025 3
1447 960 1648 1045 Quod
1686 961 1750 1026 si
1780 958 2008 1026 zelum
2049 979 2373 1024 amarum
2396 956 2688 1036 habetis,

1130 1074 1193 1131 et
1248 1069 1702 1135 contentiones
1738 1067 1879 1133 sint
1935 1067 2008 1131 in
2064 1063 2387 1133 cordibus
2425 1065 2688 1150 vestris,

1133 1179 1262 1240 etc.

1221 1521 1257 1556 «
1299 1495 1604 1583 anitnm
1634 1494 2012 1584 eloquium.
2062 1519 2093 1560 ι
2133 1493 2262 1561 Hic
2281 1493 2684 1561 seeundum.

1130 1599 1338 1679 Quasi
1362 1600 1611 1669 diceret
1642 1623 1656 1667 3
1693 1602 1926 1669 Zelum
1961 1601 2198 1693 habui,
2235 1602 2395 1690 quia
2431 1598 2689 1667 inimici

1125 1709 1211 1776 ad
1251 1709 1531 1777 modum
1580 1710 2080 1777 obliviosos-um
2139 1717 2256 1777 tua
2314 1705 2528 1776 verba
2559 1705 2690 1774 ha-

1123 1817 1312 1898 bent,
1346 1818 1466 1886 sed
1493 1819 1698 1886 etiam
1740 1818 1902 1908 quia
1935 1842 1969 1883 α
2004 1817 2360 1908 eloquium
2392 1827 2620 1895 tuum,
2645 1843 2677 1876 ιο

1123 1949 1162 1995 a
1191 1936 1256 1994 to
1296 1928 1366 1994 in
1438 1927 1589 2017 lege
1645 1925 1907 2005 datum,
1972 1933 2040 1994 ct
2114 1948 2237 2016 per
2301 1925 2687 2016 Prophetas

1123 2033 1513 2123 probatum,
1550 2041 1649 2100 est
1681 2057 1717 2098 ι
1741 2034 2044 2123 iynitum
2075 2056 2098 2100 .·
2133 2059 2167 2099 ι
2212 2040 2280 2100 et
2308 2031 2464 2111 hoc,
2518 2062 2549 2096 ι
2572 2056 2690 2100 ve-

1125 2140 1489 2209 hementer.
1537 2166 1568 2206 n
1634 2139 1963 2207 proverb.
2036 2163 2201 2225 xxx,
2274 2142 2314 2209 5
2354 2162 2369 2207 3
2445 2139 2687 2208 Omnis

1123 2272 1345 2318 sermo
1401 2250 1524 2316 Dei
1553 2249 1837 2337 iynitns,
1897 2247 2180 2339 clypeus
2216 2258 2316 2315 est
2349 2248 2687 2338 speranti·

1129 2356 1253 2425 bus
1284 2359 1463 2425 inse.
1497 2355 1702 2425 Eccli.
1737 2378 1972 2437 xnvm,
2012 2358 2042 2422 1
2084 2377 2099 2422 :
2136 2356 2461 2424 Surrexit
2479 2355 2687 2422 Elias

1116 2464 1452 2556 propheta
1497 2465 1701 2555 quasi
1738 2464 1944 2554 iqnis,
2007 2472 2071 2531 et
2116 2461 2323 2531 verba
2371 2462 2528 2552 ejus
2567 2486 2688 2530 ar-

1122 2570 1374 2639 debant
1402 2572 1604 2662 quasi
1638 2570 1908 2660 focula.
1955 2569 2155 2638 Hunc
2194 2569 2511 2638 ardorem
2535 2592 2686 2639 sen-

1119 2679 1354 2758 tiebat,
1391 2679 1503 2770 qui
1528 2678 1822 2761 dicebat,
1853 2677 2115 2745 λοι-οη).
2149 2699 2268 2755 xx,
2299 2679 2339 2745 9
2373 2698 2389 2744 3
2425 2678 2684 2746 Factus

1117 2796 1239 2869 est,
1283 2787 1538 2855 scilicet
1575 2809 1801 2854 sermo
1836 2785 2144 2865 Domini,
2180 2787 2251 2853 in
2293 2785 2498 2854 corde
2537 2809 2683 2854 meo

1115 2896 1320 2986 quasi
1349 2895 1529 2984 iqnis
1583 2903 1991 2973 exeestnans,
2026 2892 2442 2983 claususque
2480 2893 2554 2959 in
2584 2915 2686 2961 os-

1112 2998 1306 3068 sibus
1325 3001 1515 3079 meis,
1578 3010 1640 3068 et
1662 2999 1906 3090 defeci,
1927 3003 2114 3089 serre
2143 3022 2279 3066 non
2308 3000 2677 3068 sustinens.

1114 3107 1225 3195 Et,
1275 3131 1466 3190 xxm,
1501 3110 1612 3194 29,
1656 3108 1821 3178 dicit
1861 3109 2006 3200 ipse
2037 3106 2378 3176 Dominus
2414 3130 2431 3177 3
2464 3108 2684 3178 Num·

1116 3215 1294 3308 quid
1316 3239 1451 3283 non
1483 3213 1686 3283 verba
1730 3238 1884 3282 mea
1921 3224 2088 3282 sunt
2124 3214 2332 3306 quasi
2378 3214 2588 3306 iqnis,
2618 3223 2685 3283 et

812 3330 912 3377 cm·
935 3332 1042 3379 0¹0·
1117 3323 1323 3415 quasi
1348 3322 1647 3391 maneus
1683 3331 2029 3390 conterens
2049 3331 2326 3413 petram
2353 3319 2496 3389 ?Et
2524 3344 2684 3390 vero

786 3389 947 3441 quium
977 3388 1068 3432 υο·

796 3441 907 3486 min!
945 3441 1063 3486 ‹¹⁵0⁸-
1120 3432 1321 3524 ignia,
1341 3430 1501 3521 quia
1522 3428 1886 3497 illuminat.
1912 3430 2162 3519 Supra,
2184 3429 2255 3497 in
2278 3427 2460 3499 l‘sal.
2487 3452 2679 3515 xviii,

766 3496 843 3538 tus
864 3495 1089 3553 ignitum!

1117 3542 1159 3607 9
1193 3560 1210 3606 3
1247 3540 1671 3629 Praeceptum
1700 3536 1991 3605 Domini
2019 3534 2362 3618 tucidum,
2415 3536 2687 3605 illumi-

1117 3670 1293 3716 nans
1314 3646 1570 3716 oculos.
1600 3645 1695 3713 Su
1704 3668 1851 3736 pra,
1877 3645 1949 3713 in
1971 3643 2215 3713 eodem
2237 3643 2424 3713 Psal.
2447 3666 2678 3729 cxvm,

1122 3756 1248 3824 130
1284 3776 1300 3822 3
1338 3753 1732 3822 Declaratio
1761 3774 2154 3820 sermonum
2204 3760 2485 3819 tuorum
2519 3751 2685 3820 ittu-

1116 3863 1361 3931 minat.
1411 3860 1489 3929 131
1520 3883 1776 3941 rursm,
1815 3858 1996 3928 Psal.
2033 3880 2265 3944 cxvm,
2306 3859 2432 3928 ¹05
2482 3880 2500 3927 3
2537 3861 2683 3927 Lu-

1113 3994 1316 4040 cerna
1337 3968 1627 4062 pedibus
1656 3969 1824 4037 meis
1853 3966 2135 4036 verbnm
2157 3977 2385 4036 tuum.
2421 3967 2684 4036 Accen-

1113 4079 1211 4149 dit
1232 4087 1298 4149 et
1319 4079 1697 4147 inflammat
1728 4078 1903 4145 sicut
1923 4075 2128 4167 ignis,
2158 4075 2415 4143 Jerem.
2439 4097 2515 4156 v,
2553 4075 2677 4143 14:

1110 4191 1288 4258 Ecce
1346 4211 1468 4281 eqo
1523 4187 1612 4255 do
1660 4183 1862 4254 verba
1925 4207 2080 4253 mea
2129 4185 2200 4252 in
2258 4207 2374 4253 ore
2429 4194 2549 4253 tuo
2607 4184 2679 4253 in

1114 4299 1368 4389 ionem,
1402 4305 1468 4364 et
1478 4294 1824 4388 populum
1847 4294 2056 4363 istum
2078 4294 2148 4361 in
2172 4292 2396 4385 liqna.
2423 4291 2682 4384 Lique-

1113 4406 1274 4476 sacit
1301 4405 1499 4490 dura,
1538 4402 1800 4473 Cantic.
1853 4425 1924 4482 ν.
1959 4403 2002 4471 6
2037 4424 2054 4470 3
2093 4401 2355 4471 Anima
2395 4424 2549 4470 mea
2585 4401 2681 4471 11·-

1111 4517 1435 4609 qnesacta
1473 4523 1593 4598 est,
1630 4521 1707 4581 ut
1737 4511 2010 4581 Iocutus
2062 4518 2186 4590 est,
2220 4508 2511 4580 dilectus
2538 4510 2678 4580 sci-

1109 4622 1292 4692 licet.
1321 4620 1480 4698 Joh,
1516 4641 1752 4698 xxvm,
1784 4619 1826 4687 2
1859 4638 1877 4687 3
1901 4617 2119 4710 Lapis
2142 4616 2419 4685 solutus
2445 4616 2678 4685 calore

1110 4726 1183 4799 iii
1236 4752 1330 4797 aes
1369 4727 1678 4798 vertitur.
1724 4722 1954 4793 Avidis
2027 4723 2353 4806 nutritur,
2424 4732 2493 4793 ct
2550 4747 2675 4793 un·

1108 4837 1392 4917 ctuosiS,
1434 4832 1756 4926 oporibus
1793 4831 2052 4901 scilicet
2088 4832 2512 4923 poenitentiae
2554 4854 2673 4902 as-

1106 4946 1312 5036 periS,
1356 4950 1423 5012 ct
1450 4939 1771 5033 operibus
1820 4938 2307 5009 misericordiae
2352 4948 2422 5008 ct
2452 4938 2673 5009 devo-

1102 5053 1366 5121 tionis:
1425 5049 1545 5119 sed
1599 5046 1902 5117 humidis
1966 5048 2451 5139 exstinguitur,
2493 5049 2670 5118 sicut

1104 5159 1409 5252 aquosis,
1431 5157 1684 5228 scilicet
1714 5154 2002 5223 luxuriae
2023 5154 2371 5246 operibus.
2411 5153 2665 5248 Supra,

1103 5267 1177 5335 in
1224 5264 1467 5335 eodem
1501 5262 1777 5333 Psalmo
1827 5284 2057 5340 cxviii,
2134 5262 2259 5331 101
2295 5285 2311 5331 3
2355 5266 2412 5332 Α
2456 5285 2667 5332 man-

1102 5374 1288 5442 datis
1317 5374 1455 5442 tuis
1517 5369 1858 5440 intellexi.
1923 5367 2009 5436 Et
2054 5392 2291 5460 supra,
2360 5369 2433 5437 in
2498 5369 2663 5452 alio,

1065 5478 1358 5550 scilicet
1386 5480 1456 5547 in
1487 5475 1669 5546 psal.
1701 5497 1811 5555 cx,
1852 5476 1934 5547 10
1967 5496 1985 5543 3
2015 5475 2422 5545 Intellectus
2448 5473 2666 5546 bonus

1174 5707 1197 5746 ⁸
1226 5706 1313 5767 Cf.
1340 5707 1551 5765 Geues.
1580 5720 1779 5763 xxxvii
1809 5708 1873 5761 et
1898 5719 2028 5776 seq.

4144 463 4148 468 .
4225 365 4353 431 319

2802 521 3118 589 omnibns
3144 522 3562 612 facientibus
3600 549 3776 593 enm.
3816 529 4121 596 Cinci-em
4153 555 4355 621 gene-

2798 638 2923 709 rat,
2967 638 3033 695 et
3093 629 3437 719 relinquit,
3497 632 3750 701 scilicet
3791 634 4241 705 humilitatem
4286 651 4352 706 et

2797 736 3036 803 mortis
3070 739 3505 805 memoriam.
3552 739 3792 808 GeneS.
3864 767 3960 826 ιιι,
4037 748 4111 811 1¹.»
4150 768 4163 811 3
4200 750 4350 813 ,tle-

2796 854 3019 912 mcnto
3061 845 3229 934 quia
3253 845 3491 936 pulvis
3546 869 3636 926 es,
3672 859 3734 914 et
3765 851 3835 916 in
3853 852 4208 941 pulverem
4243 878 4347 921 re-

2796 955 3092 1020 verteris.
3130 954 3337 1022 Eccli.
3371 977 3440 1035 x,
3485 958 3524 1023 9
3572 979 3587 1023 3
3627 958 3812 1041 Quid
3831 960 4135 1049 superbit
4167 974 4346 1032 terra

2795 1071 2858 1129 et
2896 1062 3066 1128 cinis
3090 1059 3130 1127 Ρ

2884 1294 2918 1335 α
2946 1272 3042 1336 Et
3074 1294 3307 1339 servus
3336 1280 3519 1339 tuus.
3548 1301 3581 1335 υ
3629 1273 3798 1343 Ecce
3832 1278 4128 1344 tertium.
4166 1277 4346 1357 Quu-

2794 1378 2850 1444 si
2880 1377 3181 1446 diceret:
3220 1377 3334 1447 Sic
3375 1382 3664 1469 ignitum
3722 1382 4068 1474 eloquium
4120 1393 4340 1469 tuum,

2795 1493 2861 1554 et
2892 1487 3273 1556 inflammat
3310 1511 3452 1570 cor,
3497 1518 3530 1551 «
3566 1500 3630 1559 et
3664 1515 3894 1560 servus
3940 1505 4125 1579 tuus,
4155 1519 4189 1558 x·
4215 1517 4342 1585 ego

2792 1592 3069 1675 scilicet,
3108 1623 3143 1658 «
3166 1597 3416 1663 dilexit
3436 1597 3646 1667 illuct.
3678 1624 3710 1664 »
3740 1599 3983 1690 Supra,
4011 1603 4078 1669 in
4103 1603 4342 1670 eodem

2792 1701 3070 1781 Psalmo
3117 1727 3347 1781 cxvin,
3379 1706 3504 1772 127
3534 1728 3549 1773 3
3587 1707 3823 1775 Dilexi
3850 1710 4186 1777 mandata
4219 1722 4341 1778 tua

2787 1832 2993 1901 super
3034 1835 3287 1880 aurum
3337 1824 3401 1882 et
3447 1818 3791 1906 topazion.
3854 1817 3937 1887 Et
3976 1818 4226 1887 ibidem
4260 1820 4340 1888 do

2788 1916 2922 1987 hoc
2950 1920 3136 1987 satis.

2880 2260 2913 2301 ι
2947 2236 3514 2306 Adolescentnlus
3564 2263 3743 2309 snm.
3795 2278 3826 2305 n
3888 2242 4011 2312 nio
4049 2246 4338 2333 subjun-

2786 2340 2972 2430 gitur
2999 2340 3299 2409 conditio
3341 2345 3564 2425 tertia,
3598 2346 3849 2415 scilicet
3877 2372 4035 2416 vera
4068 2348 4339 2418 humili-

2787 2457 2915 2534 tas,
2950 2471 3103 2540 quae
3161 2450 3361 2518 estin
3406 2454 3829 2523 confessione
3885 2459 3988 2525 sui
4043 2458 4338 2529 defectus

2786 2565 3017 2648 aperta
3054 2578 3070 2624 3
3122 2567 3190 2625 et
3216 2556 3536 2628 dicuntur
3564 2564 3713 2631 tria.
3748 2564 4007 2646 Primo,
4043 2567 4338 2635 desectus

2786 2667 3043 2755 proprii
3093 2667 3454 2736 confessio.
3520 2669 3861 2755 Secundo,
3915 2698 3996 2741 ne
4027 2678 4342 2744 credatur

2785 2774 3076 2840 vitiosus
3120 2782 3187 2841 et
3234 2774 3615 2867 culpabilis»,
3679 2779 4122 2850 nihilominus
4173 2785 4339 2874 logis

2784 2883 2910 2951 Dei
2969 2884 3386 2968 observatio,
3437 2888 3554 2971 ibi,
3622 2916 3656 2957 α
3694 2894 4251 2984 ,lustificatiom-s.
4301 2925 4333 2961 ι

2782 2988 3036 3070 Tertio,
3097 3013 3304 3060 causa
3367 3003 3435 3062 et
3484 2997 3655 3065 ratio
3721 3022 3928 3090 qum-c
3984 3006 4337 3094 proprium

2786 3098 2882 3168 sic
2912 3099 3278 3169 confitetur
3322 3100 3685 3188 defectum,
3739 3116 3802 3175 et
3856 3120 4210 3178 conservait
4268 3112 4336 3179 in

2786 3205 2990 3275 corde
3046 3205 3357 3276 divinum
3409 3222 3847 3303 praeceptum,
3900 3217 4017 3294 ibi,
4056 3225 4116 3293 5.
4164 3219 4337 3288 142:

2790 3345 2824 3380 «
2853 3317 3145 3386 Iustitia
3184 3328 3330 3387 tua.
3371 3347 3405 3385 ι

2878 3427 3281 3521 Dicitorgo:
3344 3430 3458 3502 Sic
3487 3432 3631 3503 zelo
3662 3436 3956 3516 tabesco,
3999 3448 4062 3506 et
4099 3463 4338 3531 parum

2787 3539 3071 3630 proficio
3101 3549 3381 3633 propter
3416 3543 3752 3614 deiectum
3791 3572 3870 3616 cx
3914 3562 4131 3641 parte.
4160 3575 4335 3626 tuen,

2787 3648 2947 3738 quia
3006 3672 3042 3713 ι
3083 3646 3632 3720 adolescentulus
3673 3677 3824 3722 snm
3864 3681 4010 3747 eqo,
4042 3685 4071 3721 ιι
4116 3680 4343 3749 quan-

2787 3761 2935 3820 tum
2955 3752 3043 3822 ad
3069 3752 3410 3824 defectum
3443 3758 3834 3830 inscientia.
3867 3762 4025 3841 Job,
4060 3787 4178 3848 xn,
4225 3767 4334 3833 123

2783 3863 2865 3930 In
2895 3864 3202 3956 antiquis
3239 3875 3337 3933 cst
3361 3868 3704 3958 sapientia
3734 3893 3757 3937 .·
3788 3881 3854 3939 et
3905 3883 4179 3963 propter
4210 3873 4339 3942 Ιιοο

2782 3992 2943 4039 cum
2984 3993 3124 4040 non
3161 3971 3292 4040 sim
3323 3975 3673 4067 antiquina,
3709 3979 3934 4046 miuus
3972 3980 4191 4049 audeo
4240 3982 4338 4050 lu·

2786 4078 2929 4170 qui.
2964 4078 3172 4150 Eccli.
3205 4101 3423 4161 xxxii,
3453 4084 3561 4161 ¹⁰.
3592 4083 3837 4154 dicitur
3864 4109 3880 4154 3
3906 4087 4333 4169 ,matesc-me,

2787 4183 3060 4277 loquere
3097 4187 3169 4254 in
3233 4210 3443 4257 causa
3507 4199 3629 4258 tua
3683 4192 3824 4272 velt,
3875 4194 4128 4263 scilicet
4177 4220 4333 4264 cum

2782 4313 3058 4362 necesso
3086 4291 3315 4363 suerit.
3362 4293 3480 4365 Sic
3523 4305 3593 4366 et
3625 4296 3956 4368 Jeremias
4002 4303 4116 4393 qui
4149 4303 4337 4372 dice-

2780 4397 2921 4486 bat,
2954 4422 3003 4483 1,
3045 4401 3087 4470 6
3120 4423 3137 4469 3
3170 4405 3259 4488 Α,
3291 4427 3361 4486 a,
3393 4428 3464 4491 a,
3516 4407 3806 4476 Domine
3855 4412 4064 4492 Dens,
4114 4413 4333 4480 nescio

2782 4509 2997 4602 loqui,
3029 4512 3196 4604 quia
3225 4535 3404 4604 puer
3438 4536 3563 4607 eqo
3588 4538 3767 4601 snm,
3799 4525 3867 4586 et
3902 4527 4332 4610 contemptus

2777 4614 2850 4684 in
2879 4616 3021 4686 vita
3063 4639 3082 4686 3
3132 4639 3271 4687 non
3309 4620 3495 4689 enim
3548 4644 3701 4691 mea
3754 4624 4151 4715 simplicitas
4197 4626 4332 4695 nii-

2777 4723 2941 4816 quid
2961 4733 3311 4816 reputatur
3326 4749 3368 4795 a
3396 4732 3884 4820 superstitiosis
3904 4731 4324 4814 hominihus,

2774 4839 2843 4900 et
2869 4832 3201 4924 superbis.
3237 4833 3398 4916 Job‚
3450 4859 3571 4916 ιιι,
3606 4838 3648 4906 4
3688 4864 3705 4907 3
3761 4839 4125 4908 Deridetnr
4140 4840 4329 4932 justi

2769 4937 3208 5030 simplicitas.
3251 4938 3544 5035 Lampas
3581 4952 3967 5037 contempta
3997 4947 4177 5038 apud
4217 4971 4329 5018 co·

2772 5046 3140 5137 gitationes
3185 5045 3504 5136 divitum,
3546 5053 3666 5122 sed
3695 5075 3831 5123 non
3860 5055 4039 5146 apud
4070 5054 4320 5138 Deum,

2773 5152 2890 5243 qui
2921 5151 3311 5245 frequenter
3349 5157 3522 5228 tales
3564 5159 3775 5252 eligit.
3809 5161 3835 5229 1
3884 5162 3967 5231 ad
4006 5165 4317 5236 Corinth.

2771 5281 2823 5337 ι,
2854 5260 2942 5328 28
2976 5280 2997 5328 3
3038 5260 3392 5352 anobilia
3412 5266 3660 5334 mnndi
3686 5275 3750 5335 et
3775 5273 4322 5365 contemptibilia

2770 5366 2980 5460 eleqit
3023 5370 3231 5439 Deus.
3292 5370 3380 5440 Et
3423 5372 3681 5466 ‚loseph
3727 5375 3953 5468 elegit,
4013 5381 4128 5471 qui
4180 5391 4325 5453 erat

2769 5476 3020 5564 minor,
3070 5486 3140 5548 ct.
3187 5481 3721 5573 contemptibilis
3766 5485 3943 5556 inter
3985 5488 4223 5560 iratres
4272 5494 4317 5561 ⁸.
