5008 6329
730 354 859 422 274

815 526 995 595 Dicit
1033 551 1195 619 ergo
1230 551 1244 595 :
1286 528 1400 595 Sic
1428 537 1782 619 promptus
1808 553 1983 609 sum,
2020 539 2084 598 et
2121 553 2280 598 con-

729 644 935 715 stanS,
1033 643 1100 704 et
1191 636 1674 706 confidentiam
1767 637 2014 721 habe0,
2121 639 2280 728 quia

730 771 765 807 α
798 743 1024 810 media
1061 755 1273 823 nocte,
1313 770 1346 810 n
1381 769 1520 835 prae
1552 746 2030 825 sollicitudine,
2069 772 2103 813 ι
2132 769 2281 815 sur-

723 848 993 938 qebam,
1040 876 1073 917 n
1109 851 1259 920 aliis
1289 853 1699 941 jacentibus,
1753 883 1782 915 «
1825 854 1921 920 ad
1949 854 2280 941 confiten-

727 956 918 1035 dum,
974 983 1007 1023 ιι
1052 958 1477 1026 confessione
1510 957 1753 1036 laudis,
1796 966 1865 1025 et
1902 960 2274 1047 gratiarum

726 1064 1033 1132 actionis.
1073 1063 1188 1132 Sic
1235 1087 1375 1131 nox
1432 1065 1762 1154 accipitur
1799 1061 1884 1129 ad
1920 1062 2218 1131 litteram
2250 1085 2267 1130 ε

722 1177 885 1238 tunc
921 1171 1106 1239 enim
1137 1172 1314 1237 sicut
1350 1172 1421 1236 in
1464 1169 1596 1237 alio
1630 1173 1978 1238 octonario
2017 1177 2275 1238 tactum

721 1277 870 1357 fuit,
913 1277 1131 1367 magis
1170 1276 1395 1345 solent
1432 1280 1842 1347 tentationes
1895 1282 2268 1370 insurgere.

721 1380 882 1450 Luc.
926 1405 1090 1465 xxu,
1124 1385 1208 1453 53
1254 1407 1270 1452 :
1305 1387 1466 1453 Haec
1530 1395 1626 1453 est
1674 1387 1847 1453 hora
1921 1396 2168 1468 vestra,
2212 1396 2276 1453 et

713 1499 1013 1581 potestas
1061 1491 1518 1560 tenebrarum.
1581 1492 1667 1561 Et
1712 1500 1875 1560 tunc
1930 1492 2275 1582 refugien-

719 1605 847 1677 tes,
888 1606 956 1666 et
1000 1598 1364 1689 vigilantes
1395 1599 1481 1667 ad
1546 1621 1618 1667 se
1670 1599 1856 1668 Deus
1897 1601 2118 1690 magis
2149 1599 2275 1667 ad·-

709 1704 927 1793 juvat.
972 1704 1190 1773 Exod.
1237 1727 1357 1783 xn,
1429 1706 1513 1773 29
1577 1727 1592 1771 ε
1653 1707 1738 1772 In
1777 1708 1992 1773 noctis
2050 1705 2271 1773 medio

711 1813 1043 1903 percussit
1061 1816 1407 1882 Dominus
1428 1836 1626 1882 omne
1629 1816 2178 1906 primoqenitum
2199 1815 2273 1882 in

717 1927 897 1987 terra
934 1922 1262 2012 AEqypei.
1306 1921 1460 1998 Vel,
1499 1946 1533 1987 ι
1569 1922 1798 1989 media
1864 1932 2077 2007 nocte,
2124 1949 2159 1985 n
2201 1921 2271 1990 id

714 2033 838 2107 est,
865 2027 933 2093 in
963 2025 1302 2118 profunda
1346 2025 1790 2096 tribulatione
1827 2049 1842 2093 :
1879 2035 2039 2096 tunc
2084 2028 2267 2095 enim

714 2133 1129 2226 surgendum
1180 2133 1266 2202 ad
1303 2135 1558 2226 gratias
1598 2134 2021 2204 referendum
2088 2134 2262 2204 Deo.

714 2243 792 2311 ln
823 2243 1004 2311 Psal.
1029 2264 1306 2324 cxxxiii,
1342 2245 1411 2328 2,
1445 2243 1617 2311 inl'ra
1651 2266 1667 2311 :
1711 2245 1793 2311 In
1820 2244 2134 2312 noctibus
2157 2268 2269 2312 ea:-

712 2348 938 2417 tollite
970 2372 1216 2417 manus
1246 2361 1502 2418 vestras
1531 2353 1600 2418 in
1628 2361 1898 2436 sancta,
1958 2362 2021 2419 et
2079 2351 2267 2420 bene·

714 2458 914 2526 dicite
946 2453 1355 2526 Dominum.

802 2588 836 2629 ι
877 2566 1104 2657 Super
1161 2562 1472 2654 judicia.
1547 2590 1580 2631 ι
1643 2564 1816 2634 Ecce
1875 2589 2080 2657 super
2126 2590 2263 2658 quo

709 2669 962 2765 gratias
991 2676 1153 2765 agit.
1192 2672 1403 2754 Quasi
1435 2674 1730 2744 diceret:
1767 2673 1880 2744 Sic
1899 2676 2263 2767 surgebam

711 2785 796 2853 ad
858 2785 1350 2868 confitendum,
1430 2793 1497 2854 et
1551 2786 1805 2877 gratias
1864 2787 2258 2877 agendum:

711 2899 777 2959 et
832 2890 989 2974 hoc,
1032 2918 1067 2955 α
1115 2914 1324 2983 super
1365 2890 1651 2981 judicia
1692 2891 1996 2981 justitia?
2017 2903 2176 2973 tuae,
2221 2918 2257 2960 ι

699 2996 1068 3085 judicantis
1114 3019 1224 3066 me
1299 2996 1584 3089 dignum
1646 3000 1921 3066 miseria
1958 3007 2027 3067 et
2081 2999 2264 3068 afni-

707 3103 929 3172 ctione
965 3124 981 3171 :
1014 3125 1138 3195 per
1156 3101 1290 3173 hoc
1305 3103 1492 3172 enim
1533 3103 1674 3173 scio
1714 3127 1824 3173 me
1855 3125 2000 3174 esse
2030 3104 2113 3175 de
2145 3106 2264 3177 do-

708 3235 821 3279 mo
863 3219 1005 3293 tua,
1038 3218 1105 3280 et
1133 3209 1416 3280 familia.
1452 3210 1478 3279 1
1513 3210 1696 3281 I‘etr.
1731 3235 1825 3292 ιν,
1879 3216 1956 3282 Π
2002 3236 2019 3282 :
2061 3216 2259 3283 Tem-

698 3343 835 3411 pus
893 3328 993 3387 est
1047 3328 1126 3386 ut
1198 3320 1492 3411 incipiat
1537 3319 1899 3410 judicium
1955 3346 1998 3389 a
2055 3322 2257 3391 domo

706 3428 860 3494 Dei.
901 3423 1145 3494 Ezech.
1182 3448 1275 3506 ix,
1324 3427 1364 3494 6
1401 3449 1417 3495 z
1448 3428 1507 3496 A
1536 3430 1930 3496 sanctuario
1969 3452 2117 3498 meo
2148 3431 2261 3498 in-

705 3532 927 3624 cipite.
963 3530 1230 3601 Stultus
1258 3532 1459 3603 valde
1493 3542 1619 3615 est,
1654 3535 1771 3626 qui
1815 3556 1953 3603 non
2003 3539 2257 3628 gratias

704 3638 841 3729 agit
861 3638 942 3706 de
958 3660 1081 3706 sua
1101 3638 1509 3731 purgatione
1529 3641 1597 3709 in
1618 3641 1955 3732 praesenti.
1983 3642 2249 3712 Daniel.

699 3767 798 3832 με,
848 3745 927 3813 ¹4
962 3767 978 3813 ε
1018 3748 1263 3816 Justus
1289 3748 1633 3816 Dominus
1669 3750 1859 3817 Deus
1910 3759 2137 3818 noster
2180 3752 2254 3819 in

695 3851 1008 3947 omnibus
1034 3852 1353 3945 operibus
1378 3855 1549 3923 suis.
1585 3854 1695 3938 Et,
1739 3878 1834 3934 m,
1881 3857 1963 3923 2¹1
2003 3865 2071 3926 et
2108 3858 2195 3926 28
2229 3880 2247 3927 ε

692 3962 931 4028 Justus
968 3984 1035 4027 es
1064 3960 1136 4028 in
1157 3959 1476 4029 omnibus
1513 3984 1666 4052 quae
1699 3963 1930 4052 fecisti
1963 3961 2243 4033 nobis...

691 4067 972 4136 Iudicia
1002 4069 1184 4136 enim
1211 4090 1371 4137 vera
1428 4069 1768 4158 fecisti,...
1824 4072 1991 4163 quia
2025 4072 2095 4139 in
2134 4095 2249 4141 vc-

695 4178 899 4244 ritate
961 4185 1027 4244 et
1110 4178 1178 4243 in
1244 4177 1531 4267 judicio
1614 4178 1956 4250 induxisti
2013 4183 2246 4250 omnia

691 4283 857 4352 kaec.

782 4627 817 4669 ι
856 4602 1215 4694 Particcps
1241 4624 1365 4694 eqo
1391 4624 1575 4672 sum.
1613 4631 1648 4667 n
1680 4601 1809 4675 llic
1836 4605 2238 4691 secundum,

692 4705 947 4775 scilicet
983 4704 1326 4775 bonorum
1390 4706 1727 4778 factorum
1780 4709 2236 4804 participatio.

691 4812 774 4883 Et
803 4814 1052 4905 prime,
1085 4812 1506 4883 confidenter
1549 4816 1790 4885 asserit
1833 4840 1906 4887 se
1962 4819 2240 4909 partici-

688 4943 843 5011 pem
918 4919 1262 4990 bonorum
1292 4945 1333 4990 a
1362 4921 1546 4991 malo
1576 4945 1697 5015 per
1724 4924 2043 4994 timorem
2108 4925 2233 4996 Dei

687 5028 1170 5099 recedentium.
1207 5029 1554 5114 Secundo,
1593 5031 1853 5102 bonum
1883 5056 2003 5125 per
2037 5057 2237 5104 amo-

684 5159 827 5205 rem
896 5136 1328 5220 facientium,
1418 5138 1551 5220 ibi,
1632 5165 1667 5207 ι
1715 5142 1814 5211 ΕΙ
1838 5142 2231 5213 custodien-

685 5246 884 5314 tium.
939 5272 974 5313 u

770 5350 950 5422 Dicit
978 5376 1144 5446 ergo
1179 5377 1196 5424 ε
1242 5354 1359 5424 Sic
1392 5354 1689 5443 confido,
1751 5357 1910 5449 quia
1955 5358 2027 5426 in
2065 5358 2230 5451 ipsis

683 5458 879 5529 malis
916 5460 1167 5553 gratias
1199 5485 1357 5556 agn,
1391 5473 1459 5534 et
1488 5464 1693 5534 etiam
1722 5466 1779 5534 si
1805 5467 2046 5536 merita
2073 5488 2229 5535 mea

683 5590 821 5636 non
867 5566 1237 5651 sufficiunt,
1318 5598 1349 5634 ι
1396 5574 1740 5664 particeps
1777 5596 1898 5663 eqo
1946 5596 2127 5657 sum,
2184 5601 2221 5638 n

1709 353 1795 422 D.
1847 352 2045 420 ΑΕΒ.
2098 354 2319 425 MAG.
2370 353 2576 422 ORD.
2628 354 2920 422 PRAED.

2390 531 2774 597 timentium
2802 540 2889 613 te,
2930 557 2962 591 »
2995 536 3060 596 et
3096 530 3193 595 sic
3254 550 3294 594 a
3348 527 3532 593 malo
3583 524 3936 593 declinan-

2388 640 2581 706 tium.
2626 636 3008 707 Membrum
3065 637 3246 703 enim
3304 656 3443 701 non
3507 639 3729 723 potest
3793 652 3933 697 non

2387 768 2533 813 esse
2572 748 2901 835 particeps
2929 745 3090 812 boni
3147 739 3601 812 commembri
3649 739 3780 805 sui.
3826 735 3933 802 Ad

2386 851 2635 941 Ephes.
2673 875 2766 928 ιιι,
2828 854 2866 917 6
2909 874 2924 917 :
2966 851 3499 942 Comparlicipes
3523 844 3935 939 promissio-

2385 960 2492 1025 nis
2522 961 2594 1025 in
2654 960 2915 1026 Christo
2945 960 3127 1025 Jesu.
3193 957 3478 1046 Apocal.
3514 980 3564 1036 1,
3609 958 3649 1024 9
3685 978 3698 1021 :
3748 956 3936 1021 Par-

2383 1066 2591 1155 ticeps
2646 1066 2718 1131 in
2775 1062 3221 1131 tribulatione
3278 1073 3341 1130 et
3390 1086 3626 1152 reqaew.
3675 1061 3931 1128 Omnes

2385 1172 2567 1240 enirn
2624 1173 2764 1240 veri
2807 1169 3035 1238 fideles
3105 1169 3337 1236 dicunt
3381 1169 3548 1237 illud
3601 1167 3928 1236 l'roverb.

2384 1305 2431 1367 1,
2470 1284 2599 1350 14:
2668 1283 3103 1372 Marsupium
3180 1302 3397 1346 unum
3461 1281 3553 1345 sit
3620 1279 3931 1345 omnium

2380 1401 2717 1457 nostrum.
2750 1390 3092 1457 Timentes
3130 1395 3358 1456 aulem
3387 1385 3613 1454 Deussl
3654 1408 3794 1451 non
3825 1407 3935 1452 SO-

2380 1498 2523 1565 lum
2578 1496 2898 1566 recedunt
2956 1520 2995 1564 a
3023 1496 3229 1573 ma10‚
3265 1494 3381 1562 sed
3416 1496 3622 1563 etiam
3666 1492 3928 1561 bonum

2378 1605 2658 1673 faciunt.
2699 1603 2896 1672 Eccli.
2931 1626 3045 1683 κν,
3085 1605 3113 1668 1
3156 1627 3171 1670 :
3238 1603 3377 1688 Qui
3438 1604 3634 1668 timet
3673 1602 3925 1682 Deum,

2377 1713 2587 1802 saciet
2628 1710 2824 1779 bona.

2470 1847 2501 1881 «
2546 1819 2641 1886 Et
2687 1816 3236 1886 custodientium.
3276 1838 3308 1879 n
3371 1812 3582 1894 Quasi
3615 1813 3918 1881 diceret:

2380 1923 2493 1992 Sic
2549 1947 2701 1991 sum
2765 1923 3101 2014 particeps
3184 1922 3621 1999 timentium,
3696 1948 3729 1982 «
3772 1929 3836 1986 et
3886 1947 3919 1980 »

2377 2036 2582 2101 etiam
2651 2057 2685 2098 ι
2716 2031 3242 2100 custodientium
3290 2029 3630 2097 mandata
3688 2038 3837 2105 tua,
3888 2055 3921 2091 »ι

2374 2143 2547 2211 sicut
2575 2164 2703 2233 ego
2733 2139 3063 2222 custodi0,
3097 2148 3160 2208 et
3191 2139 3362 2207 alios
3381 2139 3746 2229 participes
3775 2158 3925 2205 esse

2371 2250 2532 2318 volo
2561 2248 2897 2318 bonorum
2929 2270 3077 2339 quae
3106 2269 3263 2338 ag0‚
3325 2268 3463 2314 non
3502 2245 3702 2313 alius.
3749 2244 3927 2311 Pro-

2373 2356 2561 2425 verb.
2598 2380 2664 2436 V,
2715 2358 2790 2423 Π
2853 2378 2869 2421 :
2933 2357 3032 2422 Ne
3092 2356 3231 2421 sint
3282 2353 3500 2420 alieni
3545 2353 3924 2444 participes

2374 2464 2482 2531 tui
2513 2485 2529 2532 z
2564 2464 2738 2531 sicut
2755 2461 3021 2544 dicitur,
3055 2459 3081 2526 1
3121 2459 3203 2527 ad
3243 2458 3552 2528 Corinth.
3600 2481 3720 2537 xu,
3757 2459 3843 2525 20
3896 2478 3913 2524 :

2373 2572 2455 2640 Si
2480 2569 2656 2661 quid
2667 2571 2938 2662 patitur
3001 2590 3216 2635 unum
3273 2566 3683 2643 membrum,
3726 2588 3919 2633 com-

2357 2680 2735 2770 patiuntur
2761 2678 2990 2744 onutia
3012 2674 3314 2743 membra
3344 2698 3368 2742 .·
3396 2676 3538 2742 sice
3561 2675 3924 2765 qloriatur

2373 2807 2588 2853 unum
2659 2782 3059 2859 membrum,
3159 2780 3596 2871 coaeaeqaeedeut
3681 2781 3918 2846 omnia

2371 2889 2696 2959 membra.
2732 2888 2890 2957 llaec
2918 2896 3018 2956 est
3055 2889 3237 2956 enim
3305 2897 3549 2954 natura
3614 2885 3918 2954 charita·

2368 3000 2478 3083 tis,
2556 3005 2631 3065 ut
2666 2997 3056 3065 communia
3102 3003 3386 3086 quaerat,
3437 3015 3577 3061 non
3608 2994 3911 3084 propria.

2368 3104 2394 3173 1
2447 3104 2534 3173 ad
2580 3101 2884 3173 Corinth.
2962 3124 3107 3181 xm,
3167 3103 3207 3169 5
3270 3123 3285 3169 :
3365 3101 3692 3170 Charitas
3776 3122 3914 3169 non

2367 3213 2614 3306 quaerit
2674 3234 2826 3304 quae
2875 3233 3005 3278 sua
3055 3220 3240 3277 sunt.
3297 3208 3382 3277 Et
3450 3210 3910 3299 Augustinus,

2366 3323 2464 3389 sic
2501 3319 2778 3411 exponit
2825 3320 2896 3385 in
2930 3314 3222 3407 Speculo
3265 3339 3287 3382 .·
3349 3341 3383 3379 ι
3425 3315 3766 3394 Charitas,
3829 3312 3914 3381 de

2369 3460 2404 3497 α
2447 3454 2584 3522 qua
2646 3430 2972 3520 scriptum
3031 3436 3159 3510 est,
3206 3424 3392 3517 quod
3447 3449 3585 3493 non
3666 3426 3917 3517 querit

2366 3564 2401 3605 ι
2443 3560 2595 3630 quar
2664 3559 2794 3605 sua
2858 3546 3049 3615 sunt,
3104 3536 3202 3603 sic
3259 3532 3690 3623 intelligitur,
3752 3533 3918 3624 quia

2365 3672 2400 3714 ι
2440 3646 2830 3715 communia
2862 3642 3179 3736 propriis,
3219 3663 3358 3708 non
3399 3642 3679 3732 propria
3717 3662 3915 3708 com-

2366 3780 2399 3814 «
2439 3749 2763 3821 munibus
2790 3749 3170 3841 anteponit.
3220 3775 3253 3809 ι

2446 3856 2753 3951 Explicat
2783 3856 3020 3925 Glossa
3052 3853 3236 3923 hunc
3271 3875 3552 3923 versum
3584 3853 3795 3921 etiam
3825 3851 3909 3922 de

2358 3965 2655 4048 Christo,
2696 3966 2810 4059 qui
2876 3988 2997 4057 per
3083 3971 3345 4032 naturas
3413 3960 3735 4031 humanae
3792 3983 3911 4029 as·-

2356 4074 2815 4166 sumptionem
2870 4071 3175 4140 omnium
3229 4070 3567 4161 particeps
3603 4078 3707 4139 est
3748 4068 3910 4137 ess'e-

2354 4191 2525 4252 ctus.
2573 4181 2773 4250 Joan.
2819 4204 2865 4261 ι,
2904 4181 2984 4248 14
3044 4201 3061 4247 :
3125 4177 3410 4246 Verbum
3444 4200 3605 4246 caro
3631 4182 3904 4267 sactum

2352 4296 2448 4358 est
2477 4312 2502 4357 .·
2558 4296 2624 4357 et
2651 4289 2749 4356 sic
2767 4289 3099 4379 particeps
3128 4283 3516 4354 hominum.
3550 4282 3657 4351 Ad
3689 4280 3901 4352 llebr.

2352 4419 2423 4478 ιι,
2481 4398 2561 4466 tt
2629 4418 2647 4466 ε
2716 4398 2814 4465 Et
2873 4396 3019 4488 ipse
3075 4392 3404 4463 similiter
3440 4392 3905 4486 participavit

2348 4504 2625 4575 eisdem.

2436 4851 2470 4889 ι
2510 4821 2983 4893 Misericordia
3004 4830 3151 4897 tua,
3173 4818 3498 4887 Domine.
3534 4841 3570 4883 ι
3606 4817 3733 4887 llic
3754 4825 3897 4886 ter-

2345 4934 2540 5013 tium,
2572 4930 2825 5001 scilicet
2853 4925 3331 4997 misericordiae
3370 4924 3498 4994 Dei
3529 4924 3896 4994 abundan-

2340 5042 2460 5121 tia,
2501 5063 2587 5110 ex
2615 5061 2753 5132 quo
2790 5046 2892 5106 est
2925 5035 3333 5105 confidentia
3394 5056 3411 5101 τ
3473 5041 3541 5102 et
3589 5041 3895 5125 tangun-

2339 5155 2451 5216 tur
2486 5147 2648 5216 duo.
2692 5145 2951 5225 Primo,
2984 5144 3303 5237 exprimit
3338 5141 3589 5209 divinae
3628 5141 3895 5209 miseri·

2337 5254 2583 5325 cordiae
2656 5251 3169 5346 plenitudinem.
3270 5245 3617 5325 Secundo,
3690 5252 3888 5340 quasi

2336 5363 2565 5429 animo
2649 5358 2949 5428 fervente
3016 5354 3369 5446 subjungit
3450 5352 3884 5443 petitionem,

2334 5465 2454 5548 ibi,
2499 5495 2535 5533 α
2579 5466 3137 5557 Justificationes.
3182 5486 3218 5528 ι

2417 5576 2537 5644 Ait
2563 5597 2780 5667 ergo:
2833 5572 2947 5642 Sic
2973 5571 3225 5665 gratias
3270 5593 3403 5661 ago
3461 5570 3528 5638 in
3583 5566 3887 5638 adversi-

684 5700 817 5745 non
859 5676 1245 5768 aliquorum
1311 5687 1606 5760 tantum,
1666 5681 1782 5750 sed
1844 5683 2220 5750 «omnium
2330 5681 2608 5765 tatibus,
2667 5690 2733 5751 et
2795 5680 3132 5749 bonorum
3189 5676 3481 5747 aliorum
3542 5676 3882 5767 particeps

4025 4829 4154 4898 04
