5008 6329
689 352 816 422 498

699 551 728 586 α
763 544 976 613 neque
1005 518 1360 597 transitus,
1399 543 1432 581 ι)
1465 523 1542 583 ut
1578 512 1818 582 saltem
1857 506 2236 578 successive

686 631 1070 720 dissipetur.
1114 627 1270 696 Non
1300 624 1541 694 accidit
1569 621 1803 690 domui
1843 639 2083 687 eorum
2099 617 2237 681 sic-

681 746 756 805 ut
809 738 1045 806 domui
1090 736 1223 805 Job
1260 757 1276 804 ε
1322 735 1390 801 in
1422 731 1612 800 illam
1653 747 1950 816 namque
1989 728 2234 790 ventus

678 846 1047 916 vehemens
1078 844 1296 918 irruit,
1332 849 1398 910 et
1419 858 1659 906 omnes
1686 833 1932 902 occidit
1964 838 2007 899 ¹.
2039 856 2071 896 α
2095 832 2234 900 Ne-

682 978 812 1046 que
833 955 1100 1022 clamor
1139 952 1212 1017 in
1235 947 1492 1041 plateis
1548 964 1809 1025 eorum,
1847 965 1880 1007 a
1915 947 2101 1007 tanta
2132 947 2233 1007 est

679 1056 1155 1150 tranquillitaS‚
1192 1061 1257 1121 et
1287 1073 1441 1142 pax.
1474 1047 1632 1126 Joh,
1658 1069 1798 1127 xm,
1831 1047 1869 1113 9
1920 1068 1935 1113 :
1968 1046 2232 1112 Domus

681 1184 916 1232 corum
942 1181 1193 1227 securae
1217 1164 1403 1236 sunt,
1437 1164 1500 1223 et
1531 1162 1822 1246 pacatoe.

762 1268 928 1360 Legi
959 1267 1166 1336 etiam
1220 1271 1447 1356 potest
1499 1270 1724 1330 totum
1755 1260 1839 1328 ab
1871 1257 1988 1325 illo
2020 1256 2171 1324 loco
2207 1275 2222 1321 ι

679 1405 714 1446 a
762 1380 1069 1464 Quorum
1105 1375 1270 1466 filii,
1298 1402 1333 1441 »
1366 1374 1449 1443 de
1505 1370 1867 1454 haereticis,
1933 1387 2226 1458 quorum

677 1486 795 1556 filii
827 1496 988 1555 sunt
1017 1482 1304 1554 novellae
1331 1479 1785 1571 plantationes
1818 1477 1885 1542 in
1925 1473 2226 1540 novitate

674 1596 998 1666 doctrinae
1038 1594 1372 1661 haereseos
1411 1587 1740 1679 generati,
1776 1605 1915 1651 non
1946 1584 2016 1649 in
2047 1580 2228 1649 anti-

673 1706 931 1798 quitate
988 1702 1313 1801 doctrinae
1369 1719 1600 1778 sacrae,
1662 1703 1727 1764 et
1785 1690 2219 1782 Apostolicae.

678 1813 870 1882 Hanc
899 1811 1273 1880 novitatem
1293 1801 1667 1898 Apostolus
1697 1801 1897 1870 docet
1926 1800 2225 1868 devitare

669 1918 1105 2012 discipulum,
1137 1915 1169 1985 1
1207 1914 1291 1984 ad
1338 1910 1639 1982 Timoth.
1696 1933 1792 1989 vi,
1836 1908 1922 1976 20
1958 1931 1974 1976 ε
2012 1906 2071 1975 Ο
2111 1907 2228 1975 Ti-

663 2028 961 2107 mathee,
988 2025 1232 2116 inquit,
1291 2020 1675 2113 depositum
1705 2015 1999 2099 custodi,
2033 2013 2225 2082 devi-

667 2148 820 2206 tans
871 2135 1220 2228 profanas
1308 2151 1545 2198 vocum
1629 2126 1988 2207 novitates,
2057 2130 2215 2191 etc.

669 2242 934 2313 IJoan.
971 2265 1044 2325 ιι,
1079 2242 1116 2310 7
1165 2262 1180 2307 :
1230 2236 1660 2316 Charissimi,
1729 2256 1868 2301 non
1927 2230 2226 2299 manda-

675 2362 822 2421 tum
860 2371 1112 2420 novum
1139 2345 1359 2416 scribo
1399 2343 1610 2423 vobis,
1657 2341 1780 2410 sed
1813 2337 2224 2407 mandatum

672 2470 859 2529 vetus
887 2455 1079 2550 quod
1110 2452 1450 2522 habuistis
1479 2449 1565 2518 ab
1607 2448 1829 2517 initio.
1866 2447 2070 2516 Filiae
2098 2468 2227 2515 au-

672 2578 810 2637 tem
839 2587 1100 2647 eorum,
1133 2564 1381 2632 animoe
1421 2559 1700 2637 scilicet,
1735 2565 1803 2626 ct
1841 2557 2228 2625 inconstan-

673 2684 774 2744 tes
839 2673 1088 2742 animae
1155 2669 1241 2738 ab
1302 2670 1399 2736 eis
1447 2667 1768 2756 deceptae,
1838 2662 2226 2756 compositae

676 2791 834 2850 sunt
861 2788 927 2849 et
969 2781 1511 2857 circumornatae,
1547 2775 1618 2841 in
1656 2772 1975 2840 exteriori
2012 2793 2228 2862 appa-

678 2892 895 2960 rentia
940 2888 1366 2958 sanctitatem
1434 2881 1825 2951 simulatam
1855 2878 2226 2948 ostenden-

678 2998 791 3081 do,
819 2993 894 3065 ut
910 2992 1302 3065 similitudo
1333 2990 1598 3083 templi,
1634 3011 1774 3057 non
1794 2989 1966 3056 sicut
1984 3008 2225 3055 verum

678 3105 1034 3198 templum,
1070 3101 1256 3196 quod
1282 3110 1442 3172 sunt
1462 3098 1798 3170 veraciter
1815 3095 2052 3166 sancti.
2088 3091 2228 3162 lad

681 3212 989 3284 Corinth.
1023 3234 1122 3293 ιιι,
1160 3211 1285 3279 17:
1340 3206 1698 3301 Templum
1747 3205 1879 3273 Dei
1911 3211 2226 3271 sanctum

679 3333 799 3402 est,
827 3321 1019 3415 quod
1051 3320 1209 3388 estis
1245 3340 1382 3386 vos.
1418 3315 1507 3383 Hi
1530 3321 1860 3384 ornantur
1887 3311 2067 3380 veris
2093 3310 2231 3378 vir-

681 3430 938 3501 tutibus
972 3451 988 3499 :
1031 3428 1152 3499 sed
1188 3425 1661 3496 haereticorum
1722 3420 1870 3506 filii,
1911 3428 1988 3489 ut
2031 3419 2230 3488 simi-

681 3539 898 3608 litudo
928 3536 1194 3607 talium.
1248 3531 1489 3603 Matth.
1550 3553 1743 3611 xxiii,
1778 3530 1861 3598 27
1908 3551 1923 3597 :
1972 3528 2077 3595 Vae
2108 3549 2231 3596 vo-

685 3645 806 3724 bis,
841 3642 1098 3715 Scribat
1129 3651 1194 3711 ct
1245 3639 1588 3710 Pharisaei
1630 3636 2029 3730 hypocritae,
2062 3633 2230 3725 quia

680 3751 943 3823 similes
986 3753 1145 3822 estis
1196 3748 1532 3841 sepulcris
1593 3742 1961 3828 dealbatis,
2022 3741 2146 3832 qui
2184 3763 2228 3808 a

678 3861 855 3950 loris
894 3865 1143 3952 parent
1191 3851 1585 3925 hominibus
1647 3852 1975 3945 speciosa,
2042 3849 2228 3916 intus

683 3992 832 4039 vero
875 3969 1089 4063 plena
1126 3974 1288 4036 sunt
1336 3962 1599 4034 ossibus
1645 3970 2103 4041 mortuorum,
2165 3965 2229 4023 et

678 4078 866 4148 omni
916 4076 1252 4170 spurcitia
1292 4084 1356 4142 et
1404 4069 1874 4140 immunditia.
1938 4069 2226 4158 Promp·

671 4185 909 4255 'tuaria
957 4193 1187 4253 autem
1244 4202 1507 4261 eorum,
1560 4177 1632 4248 id
1683 4185 1810 4262 est,
1868 4175 2074 4245 corda
2138 4173 2225 4243 ad

676 4315 878 4364 omne
925 4293 1184 4363 malum
1239 4295 1582 4383 prompta,
1635 4286 1873 4379 plena,
1933 4283 2220 4369 malitia,

674 4410 741 4473 et
767 4401 957 4472 illam
1004 4399 1413 4471 eructantia.
1461 4395 1667 4465 Eccli.
1721 4417 1816 4475 xi,
1859 4393 1984 4463 32:
2027 4392 2224 4464 Sicut

673 4517 984 4578 eructant
1050 4505 1433 4601 praecordia
1486 4502 1902 4596 loetentium‚
1960 4498 2220 4568 malum

673 4617 925 4687 scilicet
951 4614 1267 4695 verbum,
1287 4613 1385 4683 sic
1413 4612 1755 4681 bonorum
1794 4609 2055 4679 bonum
2074 4629 2222 4677 ver-

672 4723 862 4805 bum,
935 4722 1309 4794 secundum
1402 4719 1570 4789 illud
1636 4717 1820 4788 Psal.
1888 4739 2071 4802 xuv,
2123 4718 2164 4784 2
2198 4737 2214 4783 ε

669 4829 1034 4901 Eructavit
1069 4852 1184 4898 cor
1221 4850 1451 4898 meum
1488 4824 1768 4895 verbum
1812 4824 2091 4907 bonum,
2123 4823 2222 4893 sic

1666 338 1753 409 Ι).
1803 333 2005 403 ALB.
2055 329 2275 400 MAG.
2329 327 2533 397 ORD.
2589 328 2881 400 PRAED.

2344 524 2549 592 quam
2601 501 2977 591 vulpeculae
3045 502 3313 573 diversa
3371 509 3751 594 quaerentes
3783 501 3890 569 di-

2342 610 2694 691 verticula,
2746 612 3117 680 sec-undum
3153 613 3322 681 illud
3355 613 3613 681 Cautio.
3650 636 3723 692 ιι,
3767 614 3883 681 15:

2345 718 2586 807 Capite
2622 717 2816 785 nobis
2870 719 3107 812 vulpes
3151 714 3513 811 parvulas,
3571 743 3723 811 quae
3771 719 3889 787 de-

2340 824 2727 893 moliuntur
2784 829 3037 898 vineaS.
3094 828 3263 897 Oves
3330 836 3558 896 autem
3625 850 3882 906 eorum,

2338 939 2494 997 sunt
2525 931 2865 1021 simplices
2904 935 3199 1001 exterius
3240 935 3416 1002 inter
3446 957 3583 1011 eoa,
3620 935 3735 1025 qui
3766 957 3888 1001 sua

2337 1039 2766 1130 simplicitate
2824 1040 3015 1122 falsa,
3100 1042 3356 1112 multos
3438 1051 3773 1134 generant
3822 1051 3889 1110 et

2336 1145 2729 1215 attrahunt:
2792 1148 2972 1216 unde
3029 1173 3180 1217 oves
3222 1151 3484 1241 foetosae
3540 1149 3880 1217 dicuntur.

2333 1253 2622 1344 Propter
2648 1253 2819 1323 hanc
2847 1257 3350 1348 simplicitatem
3378 1257 3627 1326 dicitur
3647 1256 3730 1326 de
3759 1257 3883 1336 eis,

2334 1359 2573 1430 Matth.
2606 1384 2726 1444 vu,
2765 1364 2895 1431 15:
2945 1363 3298 1433 Attendite
3346 1388 3389 1432 a
3445 1364 3656 1455 salsis
3717 1366 3887 1433 Pro·

2327 1470 2573 1561 phetis,
2626 1473 2746 1560 qui
2792 1474 3066 1540 veniunt
3124 1474 3221 1541 ad
3274 1476 3489 1541 cosin
3528 1474 3884 1541 vestimen·

2334 1574 2422 1640 tis
2469 1575 2721 1656 ovium,
2782 1577 3183 1646 intrinsecus
3232 1588 3461 1649 autem
3527 1588 3690 1646 sunt
3737 1578 3887 1671 lupi

2333 1705 2632 1774 rapaces.
2668 1682 2851 1752 Bene
2881 1694 3112 1754 autem
3144 1686 3465 1755 dicuntur
3491 1686 3561 1753 in
3600 1688 3882 1776 eqressi-

2335 1791 2458 1860 bus
2494 1791 2868 1877 abundare,
2929 1817 3069 1863 non
3102 1797 3171 1864 in
3213 1795 3634 1888 ingressibus
3667 1819 3683 1864 ε
3723 1798 3884 1887 quia

2333 1924 2506 1993 quos
2542 1911 2886 1993 generant,
2923 1928 3062 1973 non
3093 1905 3592 1998 ingrediuntur,
3627 1928 3752 1974 nec
3783 1906 3886 1973 in-

2331 2019 2513 2080 trant
2550 2012 2634 2081 ad
2664 2013 2899 2093 vitam,
2953 2015 3071 2083 sed
3115 2017 3336 2106 magis
3385 2015 3512 2106 ipsi
3542 2037 3699 2084 cum
3738 2015 3880 2083 suis

2333 2124 2738 2196 Doctoribus
2767 2127 3237 2198 excluduntur.
3264 2126 3503 2197 Matth.
3530 2151 3725 2208 xxiii,
3760 2129 3836 2196 13
3864 2152 3880 2196 ε

2345 2233 2448 2300 Vae
2486 2233 2697 2320 vobis,
2729 2233 2984 2305 Scribae
3020 2247 3083 2305 et
3110 2237 3456 2306 Plearisaei
3482 2237 3881 2328 hypocrite,

2331 2342 2494 2433 quia
2524 2341 2849 2412 clauditis
2887 2367 3173 2436 reqnum
3212 2346 3538 2414 coelorum
3570 2354 3729 2412 ante
3755 2347 3885 2414 lto-

2332 2450 2546 2518 mines
2577 2473 2599 2518 .·
2630 2474 2744 2521 vos
2773 2453 2952 2520 enim
2994 2475 3130 2522 non
3189 2454 3492 2534 intratis,
3522 2476 3643 2522 nec
3675 2454 3887 2520 intro·

2333 2567 2562 2627 euntes
2614 2560 2842 2627 sinitis
2900 2561 3178 2631 intrare.
3240 2564 3458 2630 Boves
3523 2571 3752 2630 autem
3782 2584 3886 2629 eo·

2335 2689 2517 2750 rum,
2549 2666 2874 2737 Doctores
2918 2669 3173 2740 scilicet
3240 2692 3508 2754 eorum,
3544 2678 3609 2738 et
3639 2668 3883 2760 praedi-

2333 2784 2617 2843 catoreS.
2672 2775 2829 2860 Job,
2881 2800 2927 2854 1,
2992 2778 3072 2845 14
3117 2800 3132 2847 ε
3191 2780 3410 2846 Boves
3459 2775 3780 2856 arabant,
3823 2788 3885 2844 et

2334 2880 2545 2948 asinae
2572 2879 3029 2972 pascebantur
3035 2882 3259 2972 juxta
3303 2904 3415 2950 eos
3445 2904 3467 2950 .·
3498 2904 3764 2962 crassae,
3798 2881 3882 2949 ad

2332 2984 2624 3056 litteram
2657 2989 2796 3058 otio
2844 2989 3281 3083 impinguati,
3342 2988 3451 3059 vel
3483 2989 3701 3082 magis
3739 2991 3886 3082 pin·

2335 3093 2626 3188 guedine
2680 3095 3013 3188 superbiae
3063 3096 3304 3167 inflati.
3351 3094 3510 3179 Job,
3571 3118 3687 3179 xv,
3744 3097 3880 3166 27:

2340 3203 2624 3293 Operuit
2638 3204 2889 3295 faciem
2928 3205 3084 3297 ejus
3141 3206 3544 3276 crassitudo.
3598 3208 3751 3275 Non
3791 3217 3888 3275 est

2337 3312 2542 3379 ruina
2569 3317 2902 3394 macerie,
2936 3313 3004 3383 id
3035 3323 3161 3397 est,
3187 3314 3692 3406 conjunctionis
3710 3316 3887 3405 ipso·

2338 3438 2491 3484 rum
2513 3415 2596 3485 ad
2626 3416 2946 3499 invicem,
2972 3420 3118 3489 sine
3147 3418 3495 3489 charitatis
3524 3430 3880 3491 caemento.

2339 3522 2494 3609 Vel,
2526 3527 2824 3596 scientiae
2846 3550 3083 3597 eorum
3107 3528 3628 3622 philosophicae,
3654 3531 3782 3598 nisi
3813 3539 3882 3599 tu

2339 3631 2569 3701 diruas
2598 3632 2784 3703 illam
2807 3635 2923 3727 qui
2947 3635 3136 3705 solus
3154 3645 3378 3729 potes,
3402 3637 3777 3707 secundum
3800 3637 3885 3706 il-

2339 3739 2452 3808 lud
2473 3737 2603 3810 Isa.
2628 3762 2697 3821 v,
2724 3744 2844 3813 15:
2879 3745 3181 3814 Diruam
3211 3746 3584 3816 maceriam
3615 3745 3797 3838 ejus,
3822 3757 3884 3815 et

2336 3848 2466 3916 erit
2494 3848 2564 3915 in
2591 3850 3171 3922 conculcationem
3198 3875 3480 3923 :murus
3510 3865 3736 3923 tamen
3761 3855 3884 3924 Je-

2336 3956 2634 4026 rusalem
2675 3957 2761 4027 ab
2804 3961 2901 4029 eis
2957 3959 3364 4054 dissipatur.
3408 3959 3698 4032 Nehem.
3760 3983 3881 4031 seu

2337 4064 2398 4134 11
2420 4064 2674 4149 Esdroe,
2698 4090 2770 4148 ιι,
2808 4068 2889 4137 13
2924 4090 2940 4136 :
2977 4070 3313 4161 Eqressus
3328 4093 3569 4141 sum...
3603 4070 3703 4139 ad
3720 4092 3881 4162 por·

2335 4181 2478 4241 tam
2521 4176 2854 4257 stercoris,
2914 4184 2978 4244 et
3032 4176 3550 4247 considerabam
3597 4199 3876 4247 murum

2329 4279 2711 4350 Jerusalem
2755 4282 3192 4375 dissipatum.
3249 4282 3391 4354 Nec
3419 4295 3521 4354 est
3547 4287 3726 4354 inter
3763 4306 3879 4353 eos

2332 4383 2621 4475 clamor,
2687 4388 2773 4457 ad
2837 4387 3339 4460 exhortandum
3411 4391 3498 4460 ad
3569 4413 3874 4484 pugnam

2331 4505 2567 4566 contra
2603 4496 2975 4568 diabolum.
3027 4497 3244 4570 Exod.
3290 4521 3504 4581 xxxn,
3544 4500 3675 4570 ¹8:
3720 4498 3876 4568 Non

2331 4614 2429 4672 est
2481 4605 2744 4674 clamor
2795 4605 3320 4677 adhortantium
3385 4607 3485 4676 ad
3525 4629 3873 4702 puqnam,

2331 4709 2450 4778 sed
2477 4710 2695 4803 magis
2718 4732 2851 4804 pax
2879 4709 3084 4794 mala,
3117 4711 3201 4781 de
3221 4734 3381 4804 qua,
3414 4710 3548 4784 Isa.
3583 4734 3873 4793 xxxviii,

2337 4817 2415 4886 17
2460 4840 2477 4886 ε
2510 4818 2594 4886 In
2608 4841 2779 4911 pace
2795 4817 3190 4890 amaritudo
3221 4842 3373 4889 mea
3401 4822 3867 4891 amarissima.

658 4937 1011 5007 ‘malorum
1058 4934 1321 5005 malum
1376 4933 1694 5017 verbum,
1735 4929 2219 5002 secundumil-
2325 4945 2331 4950 ·

667 5046 784 5117 lud
814 5045 1058 5117 Matth.
1093 5068 1216 5128 ιιι,
1250 5046 1334 5114 34
1372 5067 1389 5115 ε
1441 5048 1557 5114 Ea:
1592 5040 2029 5112 abundantia
2074 5062 2218 5110 cor-

666 5155 773 5223 dis
800 5164 874 5225 os
915 5152 1245 5247 loquitur.
1290 5154 1374 5222 Et
1412 5152 1582 5221 bene
1622 5173 1708 5219 ea:
1733 5151 1861 5218 lioc
1888 5150 1958 5216 in
2001 5145 2211 5230 illud,

648 5262 1119 5357 'supplendum
1194 5262 1376 5330 enim
1443 5268 1544 5329 est
1607 5258 1945 5350 fugientes
1981 5278 1996 5325 :
2058 5249 2214 5323 cum

659 5373 842 5441 enim
881 5378 1265 5441 eructantes
1303 5368 1561 5439 malum
1592 5367 1665 5435 in
1709 5365 1939 5458 aliquo
1982 5363 2212 5435 confu-

656 5478 713 5546 si
743 5476 1014 5559 luerint,
1046 5477 1302 5554 'statim
1349 5477 1633 5569 fugiunt
1665 5472 1751 5543 ad
1789 5471 2214 5564 aliud,{tam·

722 5713 740 5749 ¹
770 5710 855 5769 Ci-
887 5710 1022 5770 Job.
1051 5727 1092 5781 ι,
1129 5710 1194 5766 ¹8
1225 5710 1403 5783 et‘to.

2420 5166 2456 5204 α
2488 5140 2781 5209 Beatum
2820 5138 3169 5210 dia-erunt.
3218 5167 3253 5206 »
3313 5139 3442 5210 llic
3496 5140 3871 5210 secundum

2327 5249 2537 5318 totius
2575 5248 2777 5341 hujus
2805 5250 3042 5342 partis.
3074 5252 3145 5320 in
3191 5275 3328 5344 quo
3368 5251 3705 5343 descripta
3761 5275 3872 5322 eo-

2327 5379 2478 5426 rum
2532 5359 3000 5452 prosperitate,
3071 5360 3369 5430 ostendit
3435 5360 3657 5452 ipsam
3723 5383 3869 5432 esse

2324 5460 2811 5536 beatitudinem
2838 5464 3105 5558 vulgari
3135 5464 3612 5539 aestimatione.
