5008 6329
1902 369 2610 438 COMMENTARIUS
2659 369 2750 435 IN
2797 366 3232 436 PSALMUM
3283 363 3510 433 CXLI.

1134 539 1262 614 sio,
1301 538 1416 617 ibi,
1449 547 1513 615 ἵ.
1552 544 1590 609 ὃ
1628 564 1643 608 2
1685 568 1719 604 α
1759 541 2295 611 Considerabam
2338 541 2433 606 ad
2459 539 2693 604 deste-

1133 669 1308 714 ram.
1357 673 1391 714 ιο

1222 752 1298 821 In
1366 757 1588 845 prima
1667 757 1828 823 duo.
1907 755 2165 834 Primo,
2237 756 2481 829 oratio,
2552 754 2689 820 sive

1130 864 1462 930 orationis
1536 863 1996 938 continuati0‚
2081 862 2241 951 quia
2314 863 2554 937 oravit,
2628 870 2688 927 et

1127 969 1350 1037 adhuc
1391 978 1565 1037 orat.
1608 968 1955 1046 Secund0,
2020 971 2384 1037 necessitas
2424 969 2684 1045 orandi,

1128 1075 1244 1154 ibi,
1291 1078 1363 1143 in
1421 1075 1651 1142 medio
1692 1082 1755 1150 δι’.
1802 1076 1843 1140 4
1892 1099 1905 1142 :
1961 1106 1990 1136 α
2056 1077 2138 1143 In
2199 1079 2307 1144 via
2362 1078 2490 1145 leae
2553 1100 2688 1166 qua

1126 1183 1607 1252 ambulabam.
1660 1209 1690 1248 ιι

1214 1289 1293 1355 In
1339 1291 1564 1381 prima
1615 1291 1782 1358 duo.
1829 1292 2093 1370 Primo,
2142 1292 2323 1382 quod
2366 1293 2683 1372 oraverit,

1124 1406 1189 1465 et
1237 1399 1615 1488 quomodO.
1674 1398 2022 1480 Secunde,
2101 1400 2286 1490 quod
2332 1399 2550 1466 adhuc
2589 1400 2684 1464 in-

1123 1505 1300 1571 sistit
1346 1506 1669 1583 orationi,
1733 1505 1853 1584 ibi,
1896 1512 1959 1580 5.
2009 1506 2047 1572 3
2099 1527 2113 1571 :
2181 1529 2214 1569 α
2263 1504 2571 1593 Effundo
2614 1504 2679 1570 e‘n

1121 1622 1503 1701 conspeetu.
1554 1639 1587 1673 ›>

1211 1715 1288 1782 ln
1318 1718 1542 1807 prima
1575 1718 1735 1785 duo.
1801 1718 2067 1799 Primo,
2122 1719 2303 1809 quod
2353 1718 2688 1787 clamave-

1121 1824 1227 1889 rit.
1264 1822 1613 1902 Secunde,
1659 1847 1798 1914 quo
1857 1824 2159 1893 clamore
2215 1826 2679 1916 distinguitur,

1118 1930 1237 2011 ibi,
1276 1959 1310 1995 α
1358 1933 1522 1999 Voce
1552 1955 1704 1999 mea
1744 1933 1841 1998 ad
1866 1934 2250 2001 Dominum
2291 1932 2684 2023 deprecatus

1118 2061 1298 2105 sum.

1210 2361 1389 2428 Dicit
1415 2384 1580 2452 ergo
1620 2383 1634 2428 :
1673 2388 1708 2423 «
1766 2362 1929 2427 Voce
1967 2383 2147 2439 mea,
2182 2385 2216 2426 x·
2252 2382 2388 2427 non
2430 2359 2674 2427 aliena.

772 2497 926 2542 erim.
975 2509 1092 2553 pm
1117 2468 1318 2538 Joan.
1366 2493 1461 2553 ix,
1500 2470 1578 2535 21
1623 2489 1638 2536 :
1673 2471 1995 2536 AEtatem
2032 2469 2259 2546 habet,
2308 2471 2450 2559 ipse
2495 2467 2577 2533 de
2611 2490 2681 2533 se

840 2552 1031 2597 Putml

1120 2578 1473 2669 loquatur.
1512 2577 1668 2645 Non
1702 2579 1875 2644 sicut
1909 2576 2034 2655 illi,
2079 2579 2193 2667 qui
2234 2600 2354 2668 per
2388 2577 2676 2643 vicarios

1115 2687 1359 2754 volunt
1426 2684 1797 2768 deservire,
1867 2694 2105 2753 contra
2173 2707 2345 2775 quos
2416 2682 2670 2751 dicebat

1115 2793 1337 2859 bonus
1378 2801 1618 2860 cantor
1653 2814 1668 2858 ε
1718 2819 1749 2856 α
1789 2791 1860 2858 Si
1895 2815 2034 2859 non
2068 2793 2171 2859 vis
2211 2790 2459 2859 habere
2487 2790 2675 2857 vica-

1121 2928 1153 2962 «
1186 2902 1362 2966 rium
1395 2900 1461 2965 in
1494 2901 1809 2989 prm-mio,
1843 2921 1985 2967 non
2036 2897 2287 2967 habeas
2343 2898 2670 2965 vicarium

1116 3036 1149 3070 «
1185 3010 1250 3074 in
1295 3009 1568 3076 merito.
1609 3034 1642 3070 n
1688 3036 1721 3069 «
1758 3007 1875 3076 Ad
1907 3010 2290 3076 Dominum
2334 3032 2368 3073 x·
2417 3008 2666 3098 ipsum,

1110 3139 1249 3185 non
1290 3114 1375 3185 ad
1406 3138 1640 3207 regem
1685 3125 2062 3196 terrenum,
2099 3118 2270 3184 sicut
2311 3115 2534 3184 Persoe
2564 3114 2670 3181 di-

1109 3234 1382 3302 xerunt,
1427 3224 1698 3293 Daniel.
1741 3248 1836 3301 vi,
1883 3226 1922 3292 ‘1
1960 3248 1976 3291 :
2018 3225 2258 3294 Omnis
2285 3226 2409 3316 qui
2451 3226 2669 3315 petie-

1110 3334 1201 3399 rit
1231 3332 1550 3423 aliquam
1575 3334 1983 3423 petitionem
2015 3355 2059 3399 a
2090 3354 2517 3423 quocumque
2546 3330 2666 3398 deo

1109 3452 1233 3509 aut
1263 3443 1563 3520 homine,
1611 3465 1827 3532 usque
1856 3442 1955 3509 ad
1981 3442 2274 3531 triqinta
2314 3441 2480 3523 dies,
2537 3442 2671 3508 nisi

1109 3574 1151 3615 a
1192 3558 1277 3627 te,
1321 3573 1359 3616 o
1398 3572 1547 3627 rex,
1583 3551 1912 3617 mittatur
1963 3549 2035 3615 in
2089 3548 2316 3616 lacum
2367 3548 2661 3616 leonum.

1112 3683 1145 3723 α
1192 3658 1538 3737 Clamavi,
1586 3683 1620 3724 x·
1682 3656 1887 3727 corde
1957 3657 2345 3748 instigando
2391 3679 2407 3723 ε
2479 3656 2670 3724 aliter

1107 3789 1250 3834 non
1308 3776 1410 3835 est
1460 3768 1724 3835 clamor
1771 3768 1891 3858 qui
1954 3776 2152 3834 sonet
2194 3767 2265 3833 in
2304 3788 2465 3834 aure
2516 3764 2662 3832 Dei.

1106 3874 1536 3965 Augustinus
1580 3897 1595 3941 ε
1644 3902 1678 3939 α
1724 3872 1906 3954 Quid
1936 3872 2121 3942 valet
2158 3874 2476 3964 strepitus
2514 3895 2669 3940 ver-

1110 4006 1143 4046 «
1176 3982 1452 4065 borum,
1486 3982 1604 4049 ubi
1639 3991 1910 4049 mutum
1960 3990 2063 4050 est
2110 3983 2286 4049 cor?
2319 4008 2352 4044 n
2404 3980 2486 4047 Et
2525 3982 2668 4069 qui-

1106 4088 1265 4155 dam
1297 4088 1469 4155 dixit
1513 4109 1528 4153 ε
1569 4113 1604 4150 α
1648 4086 1806 4154 Non
1847 4109 2013 4164 vox,
2049 4084 2165 4154 sed
2196 4094 2435 4153 votum
2472 4107 2487 4151 ε
2532 4106 2666 4150 ιιοιι

1110 4222 1141 4262 e
1178 4194 1459 4265 cordula
1489 4195 1776 4272 musica,
1823 4193 1942 4262 sed
1973 4216 2140 4263 cor:
2194 4216 2333 4261 non
2382 4191 2662 4268 clamor,

1108 4332 1143 4367 α
1177 4302 1296 4372 sed
1334 4325 1532 4371 amor
1560 4301 1814 4370 clamat
1851 4302 1926 4369 in
1951 4324 2117 4370 aure
2156 4301 2298 4369 Dei.
2345 4327 2379 4363 »ι

1196 4561 1231 4601 e
1281 4536 1443 4602 Voce
1479 4555 1657 4600 mea.
1707 4556 1739 4595 n
1776 4529 1907 4597 llic
1965 4527 2324 4618 distinguit
2354 4548 2490 4618 quo
2523 4524 2666 4593 cla-

1104 4668 1295 4714 more
1324 4640 1750 4721 clamaverit,
1795 4639 1958 4729 quia
2007 4635 2308 4705 clamore
2345 4636 2663 4727 depreca-

1103 4753 1335 4835 tioniS,
1370 4771 1508 4818 non
1540 4746 1943 4825 murmuris,
1998 4753 2062 4812 et
2101 4743 2565 4836 blasphemiae.

1192 4861 1307 4927 Ait
1339 4860 1523 4926 enim
1561 4878 1577 4922 ε
1624 4854 1742 4922 Sic
1780 4852 2075 4922 clamavi
2128 4852 2211 4920 ad
2265 4852 2656 4929 Dominum,

1103 4978 1170 5037 et
1203 4993 1236 5033 α
1278 4988 1435 5034 voce
1480 4985 1632 5030 mea
1700 4960 2106 5052 deprecatus
2150 4982 2305 5028 sum
2349 4985 2373 5028 .·
2403 4989 2434 5022 ι
2481 4958 2660 5028 unde

1100 5075 1363 5144 clamor
1427 5071 1554 5139 fuit
1615 5067 2142 5159 deprecationis.
2200 5067 2359 5152 Job,
2418 5090 2487 5146 v,
2565 5070 2656 5135 8:

1106 5186 1255 5274 qu
1285 5176 1701 5273 deprecabor
1736 5177 2147 5255 Dominum,
2193 5185 2257 5244 et
2293 5174 2390 5243 ad
2438 5177 2657 5244 Deum

1094 5313 1354 5383 ponam
1385 5285 1741 5377 eloquium
1783 5306 2038 5351 meum.
2077 5283 2135 5351 11
2197 5282 2489 5373 Paralip.
2540 5306 2654 5364 xx,

1099 5399 1140 5466 3
1179 5406 1247 5467 et
1274 5419 1449 5488 seq„
1487 5389 1824 5482 Josaphat
1860 5389 2262 5481 deprecatus
2281 5399 2379 5460 est
2419 5391 2655 5459 faciem

1100 5505 1479 5582 Domini,et
1497 5501 1762 5571 audivit
1777 5522 1937 5568 eum
1960 5498 2324 5569 Dominus.
2350 5498 2650 5591 Sapieut.

1096 5637 1291 5694 xviu,
1334 5614 1414 5681 21
1464 5633 1481 5680 ε
1531 5613 1672 5678 Per
1708 5610 2062 5677 incensum
2120 5607 2654 5701 deprecationem

1015 5805 1024 5815 ,
1100 5722 1446 5813 alleqans,
1498 5719 1752 5787 restitit
1794 5717 1939 5802 irae,
1969 5714 2097 5784 Dei
2128 5714 2409 5787 scilicet.

4220 359 4349 426 475

2889 563 2922 602 a
2957 537 3264 626 Effundo
3297 537 3366 601 in
3398 543 3753 626 conspectu
3783 531 3962 622 ejus.
4001 555 4035 596 ιο
4084 529 4215 596 Hic
4245 551 4348 597 se-

2795 646 3117 724 cundum,
3171 646 3241 712 in
3299 669 3433 736 quo
3493 643 3811 719 ostendit,
3851 641 4035 731 quod
4093 640 4346 706 oratio-

2796 776 2948 820 nem
2983 752 3203 821 adhuc
3249 754 3650 821 continuat:
3697 759 3762 816 et
3810 749 4130 815 dicuntur
4177 746 4340 813 duo.

2796 860 3129 943 Primum,
3182 860 3366 952 quod
3413 858 3633 926 adbuc
3681 865 3853 932 orat,
3909 865 3972 920 et
4028 854 4339 943 qualiter.
4406 908 4410 912 .

2797 969 3212 1045 Secundum,
3263 966 3447 1057 quod
3487 966 3705 1032 Deum
3752 986 3891 1030 non
3948 962 4155 1028 lateat
4195 983 4347 1028 ora-

2796 1080 2912 1155 tio,
2961 1077 3080 1143 sed
3127 1077 3456 1143 veraciter
3492 1075 3660 1141 sciat
3698 1071 3881 1161 quod
3924 1071 4019 1137 sic
4061 1077 4187 1146 est,
4225 1067 4341 1144 ibi,

2791 1187 2861 1252 in
2894 1185 3118 1252 medio
3157 1192 3219 1260 ὴ.
3267 1184 3308 1249 4
3353 1207 3367 1250 :
3415 1208 3448 1247 a
3490 1185 3586 1249 Et
3616 1192 3692 1247 tu
3730 1180 4133 1268 cognovisti.
4173 1205 4208 1240 ι)

2882 1291 2956 1358 ln
2987 1292 3205 1381 prima
3244 1291 3372 1356 tria
3410 1287 3783 1356 secundum
3826 1284 4160 1374 triplicem
4195 1305 4349 1350 ora-

2791 1399 2996 1465 tionis
3072 1397 3529 1465 conditionem
3627 1417 3831 1484 quam
3910 1390 4342 1459 determinat.

2793 1505 3050 1581 Primo,
3118 1504 3302 1595 quod
3367 1511 3515 1570 orat
3596 1498 4150 1591 lacrymabiliter.
4227 1494 4346 1564 Se-

2792 1615 3038 1692 cundo,
3076 1613 3260 1703 quod
3290 1635 3544 1690 amare,
3579 1610 3696 1688 ibi,
3735 1638 3767 1671 «
3805 1611 3902 1676 Et
3934 1607 4348 1674 tribulatio-

2790 1745 2963 1789 nem.
3013 1748 3045 1787 n
3078 1722 3328 1799 Tertio,
3365 1720 3548 1810 quod
3579 1718 3956 1797 humiliter,
3991 1716 4111 1795 ibi,
4144 1723 4209 1792 y.
4248 1716 4289 1781 4
4326 1738 4343 1783 ι

2793 1855 2825 1889 «
2868 1827 2949 1893 In
2981 1826 3378 1914 deficiendo.
3421 1855 3450 1887 »

2879 1935 3054 2004 Dicit
3092 1957 3256 2027 ergo
3300 1959 3314 2002 :
3359 1934 3473 2003 Sic
3502 1933 3720 2015 oravi,
3765 1940 3831 2001 et
3861 1934 4069 2000 etiam
4120 1928 4345 1997 adhuc

2791 2070 2822 2108 α
2868 2045 3144 2136 effundo
3176 2046 3553 2112 orationem
3602 2066 3825 2111 meam
3859 2066 3881 2109 .·
3939 2066 3971 2105 n
4035 2040 4342 2129 copiose,

2788 2149 2946 2218 dicit
2994 2151 3260 2229 Glossa,
3312 2159 3389 2217 ut
3435 2170 3681 2240 purum
3732 2147 4017 2215 fontem.
4078 2145 4345 2213 Dicitur

2787 2266 3013 2325 autem
3053 2259 3274 2326 oratio
3308 2257 3597 2346 effundi,
3642 2255 3917 2345 quando
3968 2254 4035 2319 in
4080 2250 4342 2320 orando

2784 2365 3098 2456 lacrymoe
3163 2364 3629 2445 effunduntur,
3700 2386 3852 2454 quae
3930 2369 4088 2429 sunt
4144 2359 4337 2450 quasi

2784 2475 3097 2566 quoedam
3138 2473 3347 2543 verba
3407 2473 3897 2564 deprecatoria,
3960 2493 4046 2537 ex
4121 2466 4338 2536 oculis

2782 2582 3240 2674 procedentia.
3297 2581 3548 2649 'l'hren.
3609 2603 3679 2657 ιι,
3737 2579 3817 2646 18
3865 2602 3880 2645 z
3945 2578 4183 2666 Neque
4221 2586 4335 2642 ta-

2778 2700 2922 2758 ceat
2969 2689 3253 2780 pupilla
3299 2688 3486 2757 oculi
3532 2688 3659 2754 tui.
3703 2685 4102 2753 Notandum
4144 2685 4329 2751 enim

2779 2796 2911 2874 hic,
2947 2796 3130 2887 quod
3163 2795 3321 2863 mali
3361 2794 3720 2864 effundunt
3775 2818 3847 2861 se
3889 2815 4009 2882 per
4064 2789 4323 2882 gulam,

2777 2916 3010 2974 contra
3053 2905 3217 2972 illud
3273 2903 3480 2973 Eccli.
3539 2926 3798 2980 xxxva,
3844 2903 3928 2969 32
3977 2924 3991 2968 :
4053 2901 4208 2968 Non
4268 2909 4333 2966 te

2777 3014 3093 3105 effundas
3125 3035 3331 3104 super
3368 3034 3634 3081 omnem
3673 3031 3919 3080 escam.
3961 3008 4217 3077 Jerem.
4263 3029 4326 3090 ι,

2781 3124 2848 3190 11
2905 3122 3188 3212 :Effusi
3224 3123 3382 3190 estis
3431 3121 3608 3189 sicut
3657 3118 3867 3187 vituli
3909 3139 4118 3209 super
4168 3117 4331 3183 lier-

2776 3231 2956 3298 bam.
3031 3229 3162 3299 Per
3233 3231 3602 3311 luxuriam,
3682 3227 3930 3296 Genea..
3994 3249 4176 3304 κως,
4229 3225 4323 3293 4:

2774 3340 3098 3408 Ruben...
3143 3341 3404 3430 effusus
3434 3362 3501 3407 es
3529 3339 3709 3406 sieut
3736 3359 3948 3428 aqua.
3979 3336 4136 3403 Non
4192 3357 4331 3402 cre-

2770 3470 2974 3515 scas:
3033 3470 3212 3538 aqua
3266 3445 3483 3516 ess'usa
3529 3452 3781 3513 terram
3859 3444 4198 3511 convertit
4259 3442 4327 3507 in

2775 3555 3018 3623 lutum.
3064 3554 3197 3623 Per
3222 3553 3689 3644 cupiditatem,
3729 3548 3983 3619 Thren.
4042 3572 4112 3625 u,
4182 3548 4255 3615 11
4309 3570 4324 3615 :

2774 3667 3098 3756 Effusum
3138 3664 3333 3732 estin
3365 3674 3548 3730 terra
3564 3661 3773 3751 jecur
3819 3681 4071 3728 meum.
4113 3655 4331 3725 Judas

2774 3776 2842 3842 in
2903 3776 3163 3843 Canon.
3213 3781 3279 3850 ὴ.
3344 3775 3416 3840 11
3473 3795 3488 3839 :
3555 3772 3662 3839 Vae
3719 3769 3894 3849 illis,
3958 3770 4082 3859 qui
4114 3767 4330 3835 invia

2777 3883 2946 3951 Cain
2997 3882 3338 3960 abierunt,
3381 3890 3445 3950 et
3500 3903 3723 3948 errore
3776 3878 4083 3947 Balaam
4144 3898 4331 3943 mer-

2774 3990 2927 4057 cede
2953 3990 3156 4079 effusi
3183 3991 3401 4056 sunt!
3455 3986 3587 4054 Per
3630 3985 4049 4075 superbiam,
4111 3992 4179 4050 et
4226 3981 4326 4049 lo-

2774 4098 3208 4188 quacitatem,
3273 4093 3479 4162 Eccli.
3524 4116 3638 4172 xx,
3687 4094 3766 4159 13
3811 4114 3826 4157 ;
3890 4091 4187 4182 Sapiens
4255 4090 4325 4156 in

2775 4205 2992 4274 verbis
3030 4230 3101 4274 se
3136 4203 3510 4273 amabilem
3551 4204 3751 4293 lacit,
3811 4200 4062 4294 qratiae
4092 4210 4328 4267 autem

2771 4317 3134 4406 fatuorum
3202 4311 3680 4405 effunduntur.
3754 4309 3890 4379 Per
3962 4307 4322 4385 invidiam,

2775 4425 2925 4493 Act.
2978 4447 3024 4503 1,
3082 4424 3190 4506 18,
3229 4420 3313 4491 de
3364 4421 3596 4490 invido
3633 4418 3815 4487 Juda
3862 4441 3878 4485 ε
3939 4419 4329 4510 Suspensus

2772 4535 3035 4626 crepuit
3073 4532 3364 4610 medius,
3397 4538 3460 4598 et
3487 4530 3707 4619 effusa
3742 4536 3910 4596 sunt
3937 4528 4172 4596 omnia
4220 4526 4329 4594 vi-

2770 4665 2955 4710 scera
3013 4641 3192 4730 ejus.
3257 4637 3394 4707 Sed
3459 4637 3622 4705 boni
3680 4634 4042 4705 effundunt
4106 4657 4178 4703 se
4254 4634 4325 4700 in

2772 4757 3139 4842 conspectu
3213 4746 3518 4825 Domini,
3605 4768 3727 4835 per
3815 4743 4322 4812 confessionem

2772 4859 3054 4951 peccati.
3121 4854 3372 4923 Thren.
3435 4877 3507 4934 ιι,
3575 4856 3704 4921 ¹9:
3772 4852 4084 4943 Effunde
4139 4853 4322 4920 sieut

2772 4987 3027 5057 aquam
3050 4964 3181 5031 'eor
3233 4972 3432 5030 tuum
3476 4968 3635 5028 ante
3688 4970 4119 5051 conspectum
4186 4962 4328 5027 Do-

2770 5074 2965 5141 mini.
3027 5071 3160 5139 Per
3210 5071 3761 5160 compassionem
3817 5075 3887 5137 et
3969 5068 4321 5158 pietatem,

2771 5179 2900 5248 lsa.
2956 5200 3138 5255 tvm,
3188 5178 3318 5246 10:
3386 5176 3556 5245 Cum
3623 5174 3951 5265 effuderis
3995 5174 4327 5243 esurienti

2769 5290 3075 5356 animam
3131 5297 3350 5354 tuam.
3397 5282 3529 5352 Per
3579 5284 3988 5361 orationem,
4041 5291 4118 5350 ut
4181 5281 4314 5353 hic.

2768 5394 2795 5462 1
2840 5395 3006 5487 neg.
3042 5417 3090 5477 1,
3128 5396 3207 5463 15
3242 5414 3259 5465 ε
3298 5393 3516 5464 Omne
3542 5390 3733 5484 quod
3775 5389 4118 5460 inebriare
4149 5401 4324 5485 pot-

2766 5514 2887 5581 est,
2931 5524 3066 5569 non
3098 5500 3263 5580 bibi,
3302 5499 3427 5568 sed
3465 5497 3686 5591 effudi
3730 5497 4044 5567 animam
4093 5522 4320 5568 meam

2766 5609 2838 5676 in
2867 5618 3221 5698 conspectu
3255 5606 3562 5675 Domini.

2861 5744 2894 5779 «
2926 5717 3024 5783 Et
3051 5713 3596 5782 tribulationem.
3637 5738 3670 5779 ι
3711 5712 3886 5783 Ecce
3915 5713 4318 5783 secundum.

4390 2692 4507 2741 Mati
4544 2692 4660 2739 flent

4381 2755 4432 2793 οι
4461 2748 4571 2793 honi
4599 2759 4656 2792 ιο

4384 2801 4647 2848 etl-indunt.

4358 2856 4449 2902 ted
4483 2855 4685 2900 diverto

4440 2909 4608 2956 modo.
