5008 6329
749 306 878 373 430

746 477 992 546 coelum
1060 497 1261 543 suum
1321 472 1523 539 nobis
1578 493 1720 537 non
1787 477 2016 560 negat.
2086 464 2298 533 Multo

746 587 926 652 enim
975 590 1077 651 est
1113 579 1384 648 charius
1441 578 1572 646 sibi
1614 599 1860 666 corpus
1914 576 2294 664 proprium,

746 713 949 783 quam
984 690 1207 778 ipsum
1239 687 1517 755 coelum.

834 923 868 964 ι
923 898 1362 987 Confitemini
1394 892 1725 963 Domino,
1787 914 1819 955 s
1864 889 1993 958 Hic
2050 912 2297 958 secun-

742 1006 930 1086 dum,
974 1008 1045 1075 in
1074 1029 1212 1097 quo
1240 1000 1589 1072 concludit
1621 1006 1777 1087 post
1810 1006 1908 1065 tot
1935 997 2295 1066 beneficio-

741 1137 892 1181 rum
931 1110 1548 1182 enumerationem,
1582 1104 1948 1183 concludit,
1983 1106 2290 1193 inquam,

738 1223 808 1289 in
865 1219 1389 1309 descriptionem
1430 1213 1893 1283 universalem
1940 1211 2287 1292 laudandi,

736 1352 941 1421 quam
1007 1329 1229 1418 tangit
1284 1349 1442 1395 cum
1512 1323 1699 1404 dicit,
1762 1350 1797 1386 ε(
1853 1321 2293 1409 Confilemini

731 1438 1032 1505 Domino
1066 1458 1081 1502 ε
1121 1462 1154 1500 »
1197 1443 1265 1502 et
1301 1455 1581 1503 causam
1630 1427 1876 1506 laudiS,
1920 1450 2128 1519 quam
2168 1428 2293 1495 ad-

736 1545 858 1625 dit,
917 1567 1073 1612 cum
1138 1541 1371 1611 subdit
1412 1564 1429 1610 t
1469 1567 1502 1601 α
1553 1538 1899 1621 Quoniam
1957 1537 2031 1603 in
2092 1544 2291 1602 «τίεν-

731 1676 923 1724 num.
979 1677 1013 1719 ι
1072 1652 1161 1720 Et
1224 1645 1632 1739 exponenda
1696 1652 1857 1713 sunt
1919 1643 2069 1713 haec
2115 1645 2290 1712 sicut

1762 295 1848 363 D.
1900 296 2101 365 ALB.
2155 294 2370 362 MAG.
2424 293 2631 361 ORD.
2683 292 2974 361 PRAED.

2409 488 2635 555 supra.
2681 464 2828 532 Hoc
2857 472 3083 532 tamen
3123 464 3317 543 adde,
3354 463 3680 554 quoniam
3719 485 3759 529 a
3803 462 3957 529 lau-

2409 571 2490 639 de
2531 572 2803 641 inchoat
2843 571 3158 641 Psalmus
3188 573 3335 651 iste,
3381 579 3445 640 et
3477 573 3545 637 in
3585 569 3787 638 laude
3819 579 3954 637 ter-

2407 683 2729 761 minatur,
2808 681 2889 748 ad
2966 680 3505 757 monstrandum,
3580 677 3768 768 quod
3833 679 3957 744 isle

2405 788 2742 869 laudatur,
2815 790 2927 878 qui
2969 795 3072 855 est
3133 788 3565 877 principium,
3637 793 3704 852 et
3770 785 3950 851 finis.

2402 895 2686 986 Apocal.
2730 919 2777 975 1,
2820 897 2860 963 8
2914 919 2928 962 ε
2979 899 3132 985 qu
3172 917 3326 962 sum
3364 894 3598 984 Alplza
3638 903 3700 959 et
3744 892 3952 962 Ome-

2398 1028 2519 1094 9a,
2553 1005 2975 1094 principium
3003 1012 3067 1069 et
3092 1003 3278 1090 finis,
3326 1001 3430 1068 Ad
3469 1001 3946 1069 demonstran-

2402 1111 2566 1177 dum
2641 1112 2872 1190 etiam,
2932 1109 3114 1200 quod
3179 1118 3247 1176 et
3310 1109 3719 1199 principium
3780 1105 3944 1174 boui

2401 1219 2650 1308 operiS,
2703 1225 2768 1285 et
2804 1217 2958 1284 finis
2996 1216 3307 1284 similiter
3345 1217 3405 1284 ei
3447 1213 3675 1283 offerri
3714 1215 3939 1283 debet.

2399 1322 2613 1391 Exod.
2650 1345 2835 1401 xxtx,
2871 1322 2979 1400 38,
3033 1320 3543 1411 praecipiebatur
3583 1328 3654 1386 ut
3680 1320 3948 1387 sacrifi-

2398 1434 2579 1500 cium
2624 1442 2688 1500 et
2727 1454 2948 1508 mane,
3000 1438 3069 1499 et
3095 1452 3374 1519 vespere
3413 1428 3793 1497 offerretur.
3830 1430 3939 1507 Et,

2398 1541 2611 1608 Levit.
2680 1565 2728 1619 ι,
2770 1541 2810 1607 8
2877 1547 2943 1607 et
2987 1560 3161 1629 seq„
3228 1547 3431 1627 caput
3504 1559 3660 1604 cum
3727 1538 3946 1605 cauda

2396 1645 2623 1713 offerri
2661 1643 3192 1736 praecipiebatur.

1871 2184 2335 2258 PSALMUS
2398 2184 2791 2257 CXXXVI.

1097 2532 1407 2604 Flebilis
1451 2527 1727 2623 captivi
1743 2528 2016 2624 populi
2059 2528 2535 2623 querimonia,
2575 2530 2743 2601 dum
2773 2529 3290 2601 recordaretur
3326 2530 3526 2601 Sion.

892 2894 1228 2965 Psalmus
1254 2893 1516 2978 David,
1549 2892 1907 2963 Jeremiae.

762 3026 820 3070 ι.
874 2999 1112 3093 Super
1157 3000 1466 3072 flumina
1503 2998 1901 3093 Babylonis
1950 2998 2094 3069 illie
2154 3022 2268 3070 se-

967 3107 1214 3179 dimus
1236 3127 1306 3180 et
1330 3107 1698 3194 flevimus,
1731 3127 1899 3177 cum
1932 3106 2266 3178 recorda-

972 3212 1219 3288 remur
1259 3215 1469 3298 Sion,

750 3344 815 3391 2.
870 3324 954 3394 In
980 3324 1324 3396 salicibus
1355 3326 1429 3397 in
1462 3323 1712 3395 medio
1752 3322 1909 3413 ejus
1951 3346 2262 3417 suspen-

970 3430 1216 3502 dimus
1256 3454 1530 3526 organa
1570 3449 1819 3501 nostra
1869 3448 1887 3500 ε

743 3539 810 3609 3.
864 3536 1060 3629 Quia
1085 3538 1234 3610 illic
1265 3540 1895 3630 interrogaverunt
1935 3559 2093 3617 nos,
2129 3540 2252 3631 qui

960 3646 1288 3737 captivos
1347 3646 1716 3717 duxerunt
1783 3666 1943 3725 nos,
2039 3648 2252 3717 verba

957 3755 1383 3827 cantionum
1420 3780 1438 3825 ε

873 3863 966 3933 Et
1034 3864 1158 3956 qui
1219 3864 1686 3935 adduxerunt
1761 3884 1899 3932 nos
1957 3884 1975 3933 ε
2034 3864 2261 3957 Hym-

963 3991 1139 4040 num
1182 3990 1465 4042 cantate
1518 3966 1733 4039 nobis
1799 3969 1890 4039 de
1959 3971 2257 4042 canticis

964 4074 1174 4148 Sion.

735 4203 807 4269 4.
863 4180 1264 4273 Quomodo
1358 4180 1826 4253 cantabimus
1893 4183 2254 4254 canticum

963 4287 1261 4359 Domini
1305 4288 1380 4359 in
1423 4306 1615 4360 terra
1664 4286 1944 4357 aliena?

732 4395 801 4462 5.
857 4389 936 4466 Si
1003 4394 1277 4464 oblitus
1343 4394 1554 4465 fuero
1621 4391 1757 4477 tui,
1818 4393 2247 4480 Jerusalem,

956 4500 1310 4574 oblivioni
1352 4502 1574 4574 detur
1599 4500 1891 4573 dextera
1912 4524 2097 4574 mea.

2420 2895 2486 2963 6.
2534 2893 2918 2965 Adhaereat
3020 2895 3266 2987 lingua
3351 2917 3507 2966 mea
3583 2894 3916 2966 faucibus

2639 3022 2846 3083 mets,
2883 3024 2942 3072 st
2987 3023 3128 3071 non
3155 3024 3555 3073 memtnero
3584 3020 3689 3071 tut
3734 3021 3752 3070 :

2550 3103 2628 3178 Si
2681 3129 2825 3178 non
2882 3129 3327 3201 proposuero
3381 3108 3786 3181 Jerusalem
3848 3108 3923 3180 in

2632 3215 2992 3309 principio
3033 3216 3512 3287 laetitiaemeae.

2413 3344 2478 3412 7.
2532 3323 2814 3393 Memor
2877 3342 3056 3404 esto,
3144 3325 3480 3409 Domine,
3588 3324 3907 3397 filiorum

2633 3432 2893 3510 Edom,
2940 3432 3012 3502 in
3055 3431 3171 3527 die
3202 3432 3628 3517 Jerusalem,

2541 3535 2690 3628 Qui
2757 3537 3006 3610 dicunt
3066 3562 3081 3607 :
3168 3540 3572 3625 Exinanite,
3655 3541 3906 3612 exina-

2631 3643 2779 3715 nite
2810 3667 3038 3738 usque
3092 3646 3179 3716 ad
3227 3646 3785 3718 fundamentum
3832 3648 3905 3718 in

2630 3775 2736 3824 ea.

2409 3861 2478 3931 8.
2538 3860 2712 3932 Filia
2785 3862 3173 3956 Babylonis
3245 3863 3552 3935 misera!
3655 3866 3907 3938 beatus

2630 3967 2754 4061 qui
2842 3969 3186 4042 retribuet
3252 3969 3379 4042 tibi
3487 3973 3901 4045 retributio·

2627 4097 2794 4146 nem
2836 4094 3035 4147 tuam
3076 4099 3294 4169 quam
3328 4076 3725 4151 retribuisti
3768 4101 3906 4150 no-

2630 4179 2765 4253 bis.

2401 4312 2472 4381 9.
2531 4290 2791 4361 Beatus
2832 4289 2955 4382 qui
2998 4290 3293 4370 tenebit,
3336 4310 3405 4364 et
3435 4292 3683 4365 allidet
3741 4317 3903 4388 par·

2623 4398 2831 4468 vulos
2888 4415 3054 4469 tuos
3100 4399 3188 4469 ad
3230 4419 3534 4492 petram.
