5008 6329
867 1465 931 1531 4

781 1564 1004 1611 Secunda

716 1629 843 1676 pars
858 1619 1047 1667 Psstmi.

1896 189 2602 261 COMMENTARIUS
2649 189 2743 256 ΙΝ
2790 187 3224 258 PSALMUM
3276 188 3486 258 CXII.

1082 382 1301 450 (snum
1368 369 1466 428 est
1528 384 1772 429 nomen
1837 386 2068 433 meum
2131 365 2204 430 in
2280 360 2629 432 Gentibus·

1083 469 1213 538 Isa.
1260 494 1451 552 xxiv,
1495 472 1574 539 16
1601 494 1617 538 z
1649 475 1708 541 A
1730 474 1993 562 finibus
2022 484 2214 541 terrae
2246 471 2484 538 laudes
2514 492 2635 535 au·-

1083 577 1408 657 divimus,
1440 578 1747 669 qloriam
1751 581 1963 671 justi.
1995 580 2105 658 Et,
2130 601 2287 655 an,
2322 577 2432 643 10:
2464 575 2636 644 Can-

1084 696 1223 755 tate
1252 689 1555 756 Domino
1596 693 1940 759 canticum
1971 708 2249 765 novum,
2285 686 2440 753 laus
2479 685 2633 774 ejus

1084 793 1170 861 ab
1202 796 1526 863 extremis
1556 805 1775 864 terrae.
1811 795 1921 874 Et,
1964 815 2122 875 va,
2169 793 2207 858 6
2243 813 2257 857 ε
2293 792 2531 860 Sciant
2558 790 2633 858 1ιί

1079 905 1210 994 qui
1248 901 1336 971 ab
1392 914 1550 971 ortu
1602 903 1773 971 solis
1827 912 1893 969 ct
1957 901 2082 992 qui
2126 899 2213 967 ab
2261 899 2624 976 occidente,

1077 1013 1415 1102 quoniam
1490 1012 1749 1103 absque
1801 1033 1911 1078 me
1972 1031 2112 1077 non
2174 1019 2294 1091 est,
2361 1007 2624 1100 supple,

1077 1117 1287 1189 Deus.

1172 1466 1208 1502 α
1240 1434 1580 1504 Excelsus
1624 1457 1831 1527 super
1858 1456 2089 1502 omnes
2121 1442 2371 1524 qentes.
2411 1458 2444 1499 ι
2506 1434 2633 1503 llic-

1079 1544 1381 1614 seeunda
1436 1567 1596 1635 pars
1672 1541 1959 1627 Psalmi,
2016 1541 2273 1610 scilicet
2325 1542 2523 1623 ratio,
2566 1550 2634 1610 et

1081 1676 1289 1723 causa
1320 1675 1531 1745 quare
1570 1650 1991 1719 laudandus:
2028 1651 2191 1742 quia
2244 1673 2399 1719 cum
2458 1659 2634 1719 esset

972 1780 980 1787 ·
1076 1770 1220 1830 tam
1277 1759 1613 1836 excelsus,
1676 1780 1892 1849 usque
1964 1757 2049 1826 ad
2115 1759 2631 1826 conversionem

1078 1871 1405 1939 Gentium
1456 1866 1809 1936 humiliari
1858 1875 1962 1935 est
2028 1866 2386 1957 dignatus:
2447 1867 2628 1937 unde

1074 1977 1397 2046 dicuntur
1463 1976 1625 2043 duo.
1691 1973 1953 2056 Primo,
1998 1974 2211 2065 ipsius
2273 1975 2625 2045 celsitudo.

1079 2084 1433 2163 Secunde,
1512 2081 1940 2152 celsitudinis
2026 2081 2433 2162 humiliatio,
2504 2083 2621 2164 ibi,

1073 2200 1137 2270 ὴ.
1183 2193 1224 2259 G
1261 2214 1276 2259 :
1320 2220 1352 2254 α
1391 2193 1488 2259 Ει
1514 2188 1821 2258 humilia
1860 2191 2156 2281 respicit.
2194 2213 2227 2254 ι

1161 2299 1242 2368 18
1281 2301 1505 2392 prima
1562 2299 1726 2368 duo.
1781 2298 2042 2378 Primo,
2077 2298 2376 2390 tangitur
2415 2297 2627 2390 ipsius

1070 2406 1430 2477 celsitudo.
1495 2405 1839 2490 Secundo,
1890 2404 2307 2474 celsitudinis
2372 2406 2629 2476 incom-

1069 2513 1494 2607 parabilitaS,
1574 2521 1642 2582 et
1725 2510 2160 2605 magnitudo,
2216 2509 2333 2592 ibi,
2400 2518 2465 2588 5.
2537 2514 2620 2581 5:

1074 2651 1108 2686 «
1144 2623 1318 2708 Quis
1342 2622 1545 2690 sicut.
1586 2645 1619 2686 ι

1156 2729 1235 2797 18
1281 2729 1509 2821 prime.
1563 2726 1725 2796 duo.
1760 2725 2023 2809 Primo,
2065 2723 2390 2794 celsitudo
2443 2724 2625 2794 divi-

1066 2860 1155 2906 88
1184 2836 1701 2930 comparatione
1732 2833 1819 2903 ad
1858 2834 2212 2903 inferiores
2249 2843 2616 2904 creaturas.

1069 2944 1417 3025 Secundo,
1467 2943 1985 3035 comparatione
2060 2941 2147 3010 ad
2209 2942 2614 3034 superiores,

1067 3044 1187 3135 ibi,
1235 3083 1270 3119 α
1304 3056 1403 3124 Ει
1427 3076 1639 3146 super
1666 3052 1890 3120 caelos.
1939 3080 1973 3115 ι»

1153 3162 1333 3234 Dicit
1362 3185 1570 3255 ergo:
1609 3159 1726 3230 Sic
1754 3161 1993 3231 monui
2033 3169 2110 3229 ut
2154 3159 2335 3230 Deus
2378 3158 2618 3230 laude-

1063 3283 1225 3343 tur:
1262 3280 1330 3341 et
1373 3270 1509 3341 hoc
1561 3270 1848 3362 dignum
1904 3276 2033 3350 est,
2104 3269 2262 3360 quia
2314 3293 2349 3335 ι
2380 3270 2621 3338 Domi-

1061 3405 1195 3452 nus
1249 3390 1353 3452 est
1408 3379 1719 3450 excelsus
1762 3402 1972 3472 super
2006 3401 2238 3447 omnes
2277 3378 2540 3448 Gentes.
2575 3401 2611 3444 ι

1060 3489 1246 3582 Ergo
1285 3488 1531 3559 fortius
1559 3509 1764 3579 super
1798 3509 2041 3556 omnes
2079 3484 2246 3555 alias
2274 3494 2615 3556 creaturas

1063 3596 1447 3668 inferiores.
1508 3594 1643 3664 lsa.
1691 3617 1814 3681 xn,
1856 3595 1897 3661 4
1933 3617 1950 3664 ε
2001 3596 2406 3663 Mementote
2441 3618 2617 3687 quo-

1060 3707 1255 3775 niam
1300 3705 1648 3775 excelsum
1703 3711 1804 3772 est
1855 3725 2101 3771 nomen
2147 3702 2328 3794 ejus.
2387 3702 2613 3773 Etiam

1061 3836 1272 3907 super
1309 3813 1466 3883 illos
1494 3813 1613 3906 qui
1642 3811 1967 3881 videntur
2021 3810 2173 3880 aliis
2230 3811 2435 3883 fuisse
2489 3836 2614 3885 ex-

1062 3920 1408 3991 celsiores.
1449 3918 1612 4002 Job,
1652 3942 1893 4000 xxxvi,
1927 3920 2056 3989 22:
2090 3921 2277 3989 Deus
2311 3920 2614 3990 excelsus

1064 4031 1135 4098 in
1160 4028 1586 4120 fortitudine
1608 4050 1767 4108 sua,
1800 4036 1866 4096 et
1893 4050 2027 4097 non
2052 4037 2153 4096 est
2177 4026 2430 4097 similis
2456 4030 2522 4097 ei
2539 4030 2610 4098 in

1065 4135 1608 4230 legislatoribus.
1670 4134 1781 4216 Et,
1841 4136 1914 4204 in
1962 4134 2144 4204 Psal.
2188 4158 2437 4217 mxu,
2487 4138 2607 4207 19:

1062 4246 1493 4339 Coqua-scant
1537 4245 1711 4338 quia
1764 4264 2014 4313 nomen
2058 4241 2189 4312 tibi
2223 4245 2610 4315 Dominus:

1058 4365 1135 4424 tu
1160 4355 1357 4425 solus
1382 4352 1775 4423 altissimus
1798 4373 2008 4444 super
2033 4373 2299 4420 omnem
2328 4362 2605 4421 terram.

1149 4489 1184 4525 α
1228 4463 1327 4530 Ει
1352 4482 1565 4552 super
1590 4457 1819 4536 centos,
1857 4484 1893 4521 n
1923 4477 2067 4525 non
2110 4464 2378 4526 tantum
2408 4480 2611 4550 super

1059 4569 1339 4647 Gentes,
1371 4565 1496 4636 sed
1523 4586 1733 4657 super
1761 4562 2094 4655 Angelos,
2119 4564 2232 4655 qui
2270 4573 2429 4633 sunt
2455 4564 2611 4634 coeli

1056 4672 1472 4769 spirituales,
1533 4697 1568 4739 ι
1596 4670 1833 4764 qloria
1888 4668 2070 4761 ejus,
2105 4693 2141 4736 s
2175 4670 2438 4762 supple,
2478 4678 2605 4741 est.

1056 4782 1188 4853 lse.
1283 4803 1446 4860 nvn,
1539 4781 1620 4849 15
1683 4800 1701 4847 ε
1779 4778 1942 4847 Ilaec
2014 4776 2183 4846 dicit
2246 4778 2605 4859 Excelsus,

1052 4901 1118 4961 et
1157 4889 1532 4971 Sublimis,
1568 4886 1898 4956 habitans
1933 4887 2408 4959 aeternitatem.
2445 4885 2605 4969 Job,

1054 5023 1150 5082 χι,
1219 5000 1263 5068 8
1315 5020 1332 5067 2
1402 4993 1770 5065 Excelsior
1830 4995 2001 5065 coelo
2068 5004 2188 5064 est.
2240 4994 2342 5064 De
2414 5002 2611 5065 utro-

1053 5130 1212 5201 que,
1271 5107 1405 5176 lsa.
1469 5127 1648 5185 mcvi,
1700 5106 1780 5172 ¹:
1843 5103 2110 5175 Caelum
2181 5103 2368 5172 sedes
2428 5127 2605 5183 mea,

1054 5228 1237 5288 terra
1275 5225 1511 5285 autem
1546 5213 1932 5284 scabellum
1963 5212 2226 5305 pedum
2274 5236 2606 5285 meorum.

1050 5323 1210 5407 Job,
1241 5344 1505 5402 xxxvn,
1548 5323 1592 5392 3
1628 5345 1645 5391 τ
1674 5321 1930 5392 Subter
1958 5342 2189 5389 omnes
2216 5320 2418 5390 coelos
2465 5322 2609 5414 ipse

1052 5431 1466 5515 considerat,
1500 5438 1565 5498 et
1601 5429 1838 5499 lumen
1886 5429 2086 5498 illius
2130 5451 2337 5523 super
2379 5452 2607 5499 omues

1056 5544 1382 5613 terminos
1411 5550 1632 5609 tet-ree.
1680 5539 1883 5609 ticeli.
1928 5563 2117 5624 xxiv,
2152 5546 2193 5605 15
2226 5561 2243 5607 :
2286 5543 2438 5632 Eyo
2471 5543 2610 5631 leci

4172 141 4299 257 188

2748 358 2816 426 in
2855 356 3040 425 coelis
3071 369 3147 425 ut
3175 360 3473 426 oriretur
3506 358 3738 427 lumen
3777 358 4196 448 indeficiens,
4230 369 4295 425 et

2745 466 2919 533 sicut
2946 465 3200 535 nebula
3231 469 3373 535 texi
3402 490 3672 537 omnem
3713 476 3991 536 terram.

2836 826 2866 860 «
2916 798 3081 882 Quis
3116 798 3293 864 sicut
3355 796 3776 865 Dominus.»
3837 795 4010 865 Ecce
4048 818 4288 864 secun-

2742 906 2929 987 dum,
2973 906 3042 973 in
3073 928 3208 995 quo
3251 913 3673 974 monstratur
3710 903 4129 973 celsitudinis
4189 905 4289 973 in·-

2742 1011 3216 1102 comparabilis
3245 1011 3676 1103 magnitudO.

2830 1117 3038 1197 Quasi
3091 1118 3392 1187 diceret:
3463 1117 3577 1188 Sic
3614 1118 3780 1200 dixi,
3826 1119 4012 1210 quod
4058 1117 4291 1187 excel-

2741 1224 2879 1292 sior
2922 1247 3124 1316 super
3170 1248 3411 1293 omnes
3453 1234 3735 1318 gentes:
3780 1233 3847 1293 et
3911 1247 4071 1293 vere
4118 1224 4289 1304 dixi,

2743 1333 2901 1424 quia
2949 1361 2983 1396 α
3016 1337 3193 1425 quis,
3232 1361 3265 1400 1>
3326 1334 3593 1425 supple,
3654 1342 4292 1425 quantumcumque

2742 1442 3046 1511 excelsus
3077 1450 3203 1524 est,
3256 1468 3289 1509 α
3329 1444 3509 1511 sicut
3543 1447 3733 1513 Deus
3770 1454 4022 1528 noster,
4095 1470 4130 1508 a>
4167 1466 4291 1512 ex-

2740 1552 3017 1621 celsus?
3053 1552 3274 1620 Exod.
3347 1575 3465 1635 xv,
3504 1554 3627 1621 11:
3679 1553 3849 1638 Quis
3893 1550 4152 1620 similis
4183 1553 4292 1619 tui

2741 1661 2809 1727 in
2851 1660 3180 1749 sortibus,
3216 1658 3576 1728 Domine?
3621 1658 3751 1726 lsn.
3814 1682 3909 1739 v1,
3975 1662 4058 1726 1:
4133 1657 4292 1728 Vidi

2735 1769 3113 1837 Dominum
3156 1767 3496 1836 sedentem
3551 1790 3758 1860 super
3835 1768 4096 1836 solium
4163 1791 4290 1836 ex·-

2733 1876 3011 1958 celsum,
3043 1877 3112 1945 in
3152 1898 3247 1955 se,
3282 1888 3348 1945 et
3374 1878 3742 1959 elevatum,
3775 1876 4288 1966 comparatione

2734 1984 2820 2053 ad
2856 2007 3133 2053 omnem
3170 1993 3584 2053 creaturam.
3629 1983 3779 2054 Imo
3809 1985 3867 2052 si
3904 1992 4132 2076 potest
4152 1983 4289 2051 ali-

2737 2117 2870 2185 qua
2907 2102 3217 2163 creatura
3254 2093 3488 2183 aliquo
3518 2092 3728 2163 modo
3758 2117 3796 2162 8
3826 2092 4031 2185 longe
4057 2094 4279 2184 sequi,

2733 2211 2799 2270 et
2834 2223 2973 2270 808
3010 2202 3342 2292 attingere
3371 2199 3873 2280 celsitudinem,
3896 2197 4095 2268 valde
4137 2222 4284 2266 ma·

2730 2331 2944 2400 gnum
2973 2316 3098 2377 est.
3135 2306 3343 2376 Eccli.
3378 2329 3568 2387 xxw,
3611 2307 3696 2376 7:
3746 2309 3902 2396 Eyo
3942 2308 4014 2374 in
4074 2306 4283 2375 altis-

2726 2417 2919 2483 simis
2944 2414 3278 2495 habitavi,
3301 2424 3365 2482 et
3394 2414 3680 2482 thronus
3703 2436 3894 2482 meus
3922 2414 3992 2481 in
4023 2413 4286 2482 colum-

2726 2548 2819 2592 na
2846 2523 3071 2592 nubis.
3113 2522 3298 2592 Psal.
3329 2545 3487 2601 xcu,
3519 2523 3603 2592 4:
3645 2522 4000 2592 Mirabilis
4039 2525 4113 2591 in
4166 2524 4285 2591 al-

2726 2632 2816 2700 tis
2851 2632 3216 2700 Dominus.

2816 2738 2950 2807 Sed
3012 2738 3244 2807 sedem
3319 2737 3571 2817 amisit,
3641 2746 3709 2808 et
3778 2736 4278 2809 habitationem

2724 2870 2942 2929 suam,
3004 2846 3209 2916 Mich.
3277 2869 3401 2927 vn,
3452 2849 3535 2915 2:
3590 2847 3815 2916 Periit
3859 2856 4140 2916 sanctus
4194 2848 4279 2917 de

2722 2965 2930 3039 terra,
2984 2965 3051 3022 et
3119 2962 3340 3022 rectus
3396 2954 3467 3021 in
3529 2953 3927 3022 hominibus
3969 2977 4108 3022 non
4150 2965 4272 3024 est.

2725 3060 2916 3132 Unde
2945 3059 3266 3153 impletur
3292 3059 3465 3129 illud
3495 3059 3657 3131 Luc.
3702 3083 3795 3146 ix,
3837 3060 3926 3130 58
3964 3083 3980 3129 :
4041 3061 4276 3131 Filius

2719 3171 3017 3240 hominis
3043 3192 3180 3239 non
3208 3168 3414 3239 habet
3453 3167 3573 3239 ubi
3599 3178 3810 3263 caput
3841 3168 4149 3239 reclinet.

2808 3515 2843 3557 ι
2875 3488 3293 3559 Ethumilia
3311 3489 3608 3581 respicit.
3637 3512 3673 3555 ι
3697 3488 3827 3559 Hic
3861 3489 4267 3579 secundum,

2719 3598 2790 3666 in
2838 3618 2974 3688 quo
3022 3603 3401 3666 monstratu
3446 3595 3572 3666 Dei
3629 3595 3783 3665 Filii
3839 3597 4265 3679 excellentia,

2719 3713 3138 3774 monstratur
3163 3705 3314 3796 ejus
3350 3703 3838 3774 condescensio
3867 3707 4023 3798 pin:
4059 3713 4131 3776 et
4159 3704 4274 3775 di-

2716 3820 2959 3883 cuntur
2995 3812 3159 3883 duo.
3223 3811 3494 3899 Primo,
3566 3810 3968 3883 hominihus
4022 3813 4274 3885 conde-

2715 3921 3003 4006 scensio,
3043 3929 3112 3990 et
3139 3918 3417 3990 illorum
3448 3928 3793 4013 respectus
3829 3921 4266 4013 generaliter,

2715 4028 2786 4096 in
2815 4048 3250 4120 quocumque
3280 4035 3461 4096 stetu
3509 4026 3672 4095 sint.
3718 4024 4064 4108 Secundo,
4116 4026 4270 4096 l'ru-

2713 4142 2860 4206 ctus
2896 4132 3516 4221 condescensionis,
3558 4132 3680 4214 ibi,
3721 4140 3787 4212 5.
3823 4135 3905 4204 7:
3960 4161 3998 4200 α
4028 4135 4266 4206 Susci-

2714 4249 2868 4309 tans
2903 4264 2948 4308 a
2976 4248 3184 4309 terra.
3221 4263 3257 4306 ι

2799 4346 2979 4418 Dicit
3024 4370 3189 4440 ergo
3215 4368 3233 4418 ε
3263 4347 3524 4417 Tantus
3553 4357 3658 4420 est
3683 4348 3900 4428 Deus,
3941 4377 3976 4413 α
4002 4358 4070 4418 ει
4099 4374 4136 4417 s
4170 4357 4269 4420 te·

2712 4478 2894 4534 men,
2958 4483 2996 4521 α
3033 4455 3340 4525 humilia
3384 4457 3687 4549 respicit,
3732 4483 3770 4522 n
3849 4456 3949 4527 eis
4003 4456 4268 4528 conde-

2710 4563 3126 4647 scendendo,
3157 4584 3302 4632 non
3331 4571 3602 4633 tantum
3641 4565 3712 4633 in
3733 4586 3876 4634 880
3914 4563 4092 4644 1080,
4122 4566 4266 4636 imo

2715 4699 2748 4737 α
2793 4672 2861 4740 in
2890 4670 3056 4740 coelo
3083 4672 3249 4740 etin
3288 4680 3497 4742 terra.
3537 4697 3573 4736 ιο
3624 4672 3752 4743 138.
3789 4693 3979 4759 mvl,
4012 4676 4096 4743 2:
4152 4672 4273 4744 Ad
4357 4754 4366 4762 ,

2713 4803 2910 4873 quem
2954 4781 3342 4873 respiciam,
3383 4779 3525 4849 nisi
3577 4779 3678 4850 ad
3718 4781 4261 4875 pauperculum,

2711 4898 2778 4958 et
2809 4887 3171 4970 humilem,
3221 4897 3286 4956 et
3323 4888 3723 4969 contritum,
3761 4898 3827 4957 et
3863 4898 4264 4960 trementem

2708 5017 3042 5065 sermones
3089 5017 3271 5064 meos
3293 4992 3337 5063 ?
3397 4993 3562 5063 Luc.
3624 5017 3674 5077 1,
3733 4995 3865 5066 48:
3935 4998 4267 5090 Hespe-tit

2707 5102 3174 5172 humilitatem
3205 5101 3485 5171 ancilloe
3510 5125 3679 5174 suae.
3725 5103 3912 5172 Psal.
3952 5126 4259 5185 cxxxvu,

2711 5215 2778 5294 6,
2809 5210 2983 5280 infra
3015 5232 3032 5279 ε
3065 5211 3403 5280 Excelsus
3449 5213 3822 5296 Dominus,
3861 5222 3929 5281 et
3953 5211 4262 5284 humilia

2709 5320 3002 5413 respicit.
3048 5317 3271 5388 Exod.
3326 5343 3518 5405 xxvi,
3549 5321 3637 5390 7:
3697 5322 4052 5415 Respexit,
4091 5345 4265 5416 sup-

2708 5430 2844 5524 ple,
2885 5430 3247 5517 Dominus,
3277 5430 3751 5502 humilitatem
3776 5443 4114 5515 nostram,
4144 5434 4259 5504 la-

2711 5540 2899 5611 bores
2934 5550 2999 5609 ct
3024 5540 3386 5632 anqustias
3415 5563 3440 5608 .·
3471 5540 3724 5633 quippe
3761 5563 4007 5611 omnes
4043 5541 4253 5610 videt.
