5008 6329
698 295 824 359 114

702 462 785 528 20
824 484 838 527 :
882 463 1069 535 Aser,
1090 455 1377 550 pinquis
1402 451 1611 541 panis
1643 445 1821 534 eju-5.
1867 441 1950 507 Et
1984 446 2254 530 propter

709 571 838 640 hoc
869 571 1138 648 dicitur,
1179 567 1434 634 Jerem.
1493 581 1688 639 xxxx,
1757 556 1880 621 14:
1925 553 2254 621 Animam

704 678 1132 747 sacerdotum
1158 667 1508 738 inebriabo
1543 663 1991 757 piniquedine.
2031 657 2254 747 Chry-

703 797 1082 859 sostomus:
1134 809 1163 845 «
1204 780 1495 848 Carnem
1540 784 1964 866 assumptam
1997 791 2254 861 propo-

704 923 737 961 «
772 896 902 962 suit
932 914 1052 981 pro
1084 889 1281 958 nobis
1316 890 1383 955 in
1406 887 1738 964 edulium,
1774 891 1850 950 ut
1880 902 1999 970 per
2027 876 2253 946 cibum

708 1002 1090 1068 «invitaret
1138 1020 1262 1065 nos
1302 996 1386 1064 ad
1439 1001 1720 1087 gustum
1766 984 2167 1056 divinitatis.
2217 1006 2249 1044 »

701 1110 895 1188 Item,
936 1105 1300 1174 virtutibus
1339 1110 1406 1170 et
1446 1102 1644 1169 donis
1676 1096 1916 1171 reiicit,
1950 1101 2018 1160 et
2054 1088 2253 1157 corde

707 1217 960 1285 mundo
992 1223 1057 1283 et
1095 1232 1360 1280 securo.
1404 1205 1582 1274 Psal.
1630 1225 1881 1278 Lxxvtt,
1935 1201 2020 1265 72
2056 1221 2071 1264 :
2119 1199 2256 1263 Pa-

704 1330 801 1395 vil
837 1348 943 1394 eos
973 1326 1045 1390 in
1074 1319 1461 1388 innocentia
1483 1312 1711 1383 cordis
1747 1312 1883 1378 sui.
1920 1305 2247 1375 Proverb.

704 1458 821 1511 κν,
856 1434 935 1499 13
965 1454 979 1497 :
1012 1430 1270 1498 Secura
1301 1447 1514 1503 mens,
1558 1421 1764 1512 quasi
1800 1418 1982 1507 juqe
2026 1413 2256 1482 convi-

705 1541 914 1606 vium.
955 1535 1207 1612 Tertio,
1255 1535 1403 1622 ipso
1459 1525 1824 1619 temporali
1872 1524 2082 1590 hono.
2121 1519 2250 1586 lsa.

709 1672 757 1727 1,
804 1648 883 1713 19
929 1667 943 1710 :
1003 1644 1084 1711 Si
1157 1640 1537 1714 volueritis,
1594 1646 1659 1703 et
1716 1630 2082 1701 audieritis
2120 1649 2246 1701 me,

713 1755 885 1823 bona
925 1764 1117 1819 terrae
1172 1748 1557 1817 comedetis,
1602 1741 1785 1811 Psal.
1849 1761 2066 1814 cxmv,
2117 1736 2193 1801 123
2233 1756 2247 1799 ε

709 1864 806 1929 Tu
845 1860 969 1927 das
1006 1878 1224 1924 escam
1256 1853 1548 1921 illorum
1578 1852 1650 1917 in
1682 1860 1982 1937 tempore
2002 1862 2255 1932 oppor-

705 1977 894 2033 tuno.
941 1963 1076 2030 Sed
1114 1971 1296 2036 nola,
1346 1957 1530 2049 quod
1561 1956 1724 2024 dicit
1753 1954 2055 2020 animam
2096 1949 2253 2014 ina-

703 2096 879 2153 nem,
949 2093 1066 2138 seu
1131 2089 1421 2135 vacuam
1501 2087 1620 2153 per
1684 2058 2142 2130 humilitatem
2202 2056 2245 2119 ¹.

705 2184 1132 2250 Esurientem
1165 2200 1284 2268 per
1323 2174 1755 2242 charitatem.
1785 2169 2001 2235 Tanta
2066 2165 2248 2231 enim

702 2293 807 2359 vis
836 2288 1187 2357 charitatis
1225 2294 1326 2351 est
1366 2292 1433 2350 et
1462 2280 1744 2356 esuries,
1790 2285 1864 2344 ut
1903 2297 2040 2342 non
2071 2271 2253 2339 sulti·

700 2401 836 2469 ciat
894 2400 1036 2487 jam
1113 2393 1306 2462 cibus
1362 2387 1787 2480 temporalis,
1856 2383 1975 2453 sed
2030 2389 2250 2449 totum

704 2507 1034 2576 mundum
1070 2504 1249 2571 Deus
1287 2499 1602 2592 projiciat
1641 2498 1710 2563 in
1741 2517 1820 2563 os
1852 2493 1997 2581 ejus
2040 2514 2056 2558 2
2129 2511 2250 2556 nec

701 2617 925 2707 aliqua
965 2610 1272 2703 specialis
1301 2610 1521 2675 virtus
1561 2612 1679 2673 aut
1708 2602 1992 2678 donum,
2039 2599 2107 2666 in
2147 2599 2250 2688 ip·

704 2748 777 2794 sa
807 2727 988 2792 enim
1021 2729 1116 2788 cst
1170 2720 1390 2810 ignis:
1444 2724 1512 2785 et
1564 2711 1892 2781 l‘roverb.
1937 2731 2099 2785 xxx,
2140 2709 2246 2787 16,

700 2832 985 2900 dicitur:
1019 2827 1209 2917 anis
1247 2843 1629 2913 numquam
1662 2818 1834 2885 de‘cit
1864 2840 1889 2884 .·
1934 2814 2245 2900 Sufficit.

703 2937 836 3006 Sed
870 2939 1087 3027 ipsum
1131 2933 1351 3000 Deum
1384 2929 1713 2996 devorare
1754 2923 2017 3014 quoerit.
2067 2918 2243 2987 l‘sal.

699 3067 929 3123 vam,
977 3046 1093 3111 ¹0:
1127 3039 1338 3110 Zetus
1367 3037 1613 3104 domus
1633 3044 1770 3101 tuae
1798 3030 2088 3099 eomedit
2117 3050 2246 3094 me.

698 3153 854 3230 Job‚
896 3174 1005 3227 xi..
1046 3151 1168 3217 ¹8:
1228 3147 1427 3222 Ecce,
1490 3137 1882 3209 absorbebit
1914 3137 2243 3226 fluvium,

702 3256 1180 3349 temporalium
1246 3251 1582 3317 virtutum
1652 3256 1718 3315 et
1775 3245 2142 3316 donorum,
2188 3248 2253 3305 et

702 3390 837 3436 non
876 3362 1283 3432 mirabitur:
1321 3367 1385 3425 et
1412 3354 1617 3423 babet
1661 3351 1996 3443 fiduciam
2064 3345 2255 3438 quod

705 3474 959 3564 influat
992 3467 1323 3539 ,Iordanis
1352 3468 1424 3533 in
1472 3486 1547 3532 os
1576 3462 1757 3552 ejus.

794 3822 829 3857 ι
866 3791 1184 3863 Sedentes
1244 3788 1314 3853 in
1374 3782 1688 3852 tenebris.
1735 3808 1770 3844 ι
1823 3779 1950 3848 llic
2006 3798 2255 3845 secun-

704 3903 890 3978 dum,
934 3901 1003 3967 in
1068 3917 1205 3990 quo
1245 3896 1474 3985 agitur
1511 3890 1594 3959 de
1653 3886 1954 3958 secundo
1993 3884 2254 3954 benefi-

703 4010 835 4088 cio,
877 4004 1057 4099 quod
1123 4012 1227 4071 est
1291 4001 1391 4067 eis
1448 3995 1831 4065 exhibitum
1900 3989 2251 4059 liberando

704 4140 822 4186 eos
851 4138 891 4183 a
930 4113 1201 4181 miseria
1252 4130 1463 4199 quam
1495 4104 1966 4174 sustinuerunt
2006 4100 2075 4167 in
2108 4099 2254 4189 ipsa

705 4223 1077 4314 Babylone.
1103 4219 1186 4287 Et
1216 4218 1469 4308 primo.
1502 4214 2079 4280 incarceratorum
2110 4216 2254 4274 tan·

703 4333 883 4422 gitur
911 4325 1343 4396 beneticium.
1389 4316 1737 4394 Secundo,
1782 4337 1920 4383 non
1961 4316 2253 4383 incarce-

703 4445 1028 4510 ratorum,
1062 4430 1182 4506 ibi.
1222 4437 1289 4508 5.
1345 4429 1471 4497 18:
1533 4448 1569 4490 ι
1607 4425 1894 4494 Omnem
1926 4443 2169 4490 escam.
2211 4446 2245 4484 ι

789 4544 865 4615 ln
897 4545 1113 4636 prima
1143 4539 1465 4607 dicuntur
1492 4541 1812 4626 quatuor.
1858 4529 2118 4612 Primo,
2154 4532 2252 4621 ip-

701 4674 932 4722 sorum
984 4651 1051 4715 in
1094 4643 1446 4737 Babylone
1492 4637 1963 4716 ineat-ceratio,
2021 4644 2084 4703 et
2151 4634 2247 4702 af·

700 4760 926 4829 llictio.
975 4749 1320 4830 Secundo,
1353 4751 1928 4817 incarceratorum
1957 4752 2024 4812 et
2064 4741 2250 4810 labo-

699 4868 991 4934 rantium
1021 4862 1281 4928 clamor
1317 4854 1402 4925 ad
1433 4854 1682 4929 Deum,
1716 4860 1782 4920 et
1813 4848 2244 4941 supplicatio,

699 4973 818 5044 ibi.
861 4979 924 5047 ἵ.
975 4971 1093 5036 ¹3:
1160 4991 1194 5030 ι
1229 4966 1324 5031 Et
1351 4961 1856 5028 clamaverunt.
1889 4983 1924 5019 n
1987 4954 2242 5032 Tertio,

695 5075 1137 5146 clamantium
1171 5068 1512 5142 liberatio,
1549 5063 1668 5138 ibi,
1714 5089 1749 5123 α
1784 5064 1882 5130 Et
1909 5062 1991 5130 de
2019 5083 2246 5128 neces-

692 5184 1033 5255 sitatibus.
1073 5206 1107 5244 »
1147 5177 1437 5258 Quarto,
1474 5171 1793 5239 invitatio
1849 5168 1934 5236 ad
1988 5171 2246 5259 gratia-

698 5318 848 5363 rum
880 5292 1215 5359 actionem
1293 5307 1418 5374 pro
1477 5280 1882 5351 liberatione
1923 5278 2061 5357 illa,
2121 5277 2239 5353 ibi,

697 5412 759 5480 ὴ.
799 5402 878 5470 ¹5
913 5420 929 5466 ε
977 5422 1010 5463 ι
1057 5394 1533 5483 confiteantur
1561 5389 1890 5458 Domino.
1929 5412 1962 5452 ι

773 5634 791 5671 ¹
822 5629 907 5690 Cf.
941 5626 1012 5688 lv
1042 5626 1289 5701 Regum,
1321 5622 1354 5680 3
1384 5623 1447 5682 et
1469 5635 1622 5695 seq„
1644 5616 1748 5676 ubi
1780 5629 1918 5674 vasa
1943 5630 2126 5675 vacua
2150 5631 2247 5676 re·

1775 278 1855 343 1).
1908 272 2106 341 ALB.
2160 268 2376 336 MAG.
2430 265 2635 332 ORD.
2687 265 2984 336 PRAED.

2455 432 2532 499 In
2561 431 2783 520 prima
2812 429 2946 495 duo
2980 429 3353 497 secundum
3385 429 3723 521 duplicem
3764 426 3914 494 illo-

2365 563 2518 608 rum
2558 539 2927 617 miserIam,
2963 558 3167 626 quam
3217 539 3455 625 tangit.
3501 537 3760 617 Primo,
3797 536 3910 601 in-

2362 649 2918 718 carcerationem.
3003 643 3341 720 SecundO,
3416 645 3483 710 in
3562 643 3908 710 laboribus

2364 758 2802 833 afflictionem,
2838 753 2957 832 ibi,
2991 760 3054 828 5.
3109 752 3186 817 12
3222 773 3237 816 :
3282 778 3311 811 c«
3334 752 3428 817 Et
3454 748 3908 815 humiliatum

2363 873 2541 930 est.»

2450 967 2531 1034 In
2571 963 2996 1055 primaduo.
3048 963 3309 1043 Primo,
3352 963 3653 1054 tangitur
3692 963 3908 1030 incar-

2361 1072 2722 1140 cerationis
2754 1077 2817 1138 et
2845 1068 3279 1137 vinculorum
3305 1092 3530 1160 poena.
3560 1068 3904 1148 Sec-und0,

2360 1201 2581 1270 poenae
2624 1201 2851 1256 causa,
2895 1177 3014 1254 ibi,
3046 1182 3106 1251 ς’.
3156 1178 3220 1242 ll
3257 1196 3273 1243 :
3322 1204 3354 1236 «
3392 1177 3572 1260 Quia
3628 1200 3900 1244 exacer-

2365 1290 2722 1358 baverunt.
2764 1315 2795 1353 n

2450 1394 2529 1461 In
2556 1396 2775 1485 prIma
2804 1392 2964 1460 duo.
3001 1392 3261 1471 Primo,
3307 1399 3720 1459 monstratur
3768 1414 3909 1459 car·

2362 1503 2533 1571 ceris
2554 1500 2930 1568 obscuritas
2961 1499 3356 1578 vehemenS,
3393 1508 3458 1567 et
3490 1498 3907 1566 immodera-

2359 1618 2450 1676 ta.
2480 1606 2821 1686 Secundo,
2854 1605 3242 1682 crudelitas,
3290 1606 3409 1685 ibi,
3446 1618 3480 1669 <k
3530 1608 3817 1674 Vinctos,
3866 1632 3898 1668 n

2453 1716 2530 1782 ln
2561 1716 2826 1805 prima:
2872 1715 3123 1805 primo,
3176 1713 3573 1781 obscuritas,
3641 1713 3906 1783 Secun-

2360 1822 2474 1901 do,
2520 1822 2949 1889 obscuritatis
3022 1820 3472 1904 immensitas,
3534 1821 3650 1902 ibi,
3716 1848 3749 1885 α
3811 1825 3907 1890 Ec

2364 1929 2632 1998 umbra.
2672 1954 2703 1994 ι
2743 1945 2751 1952 ·

2449 2035 2626 2103 Dicit
2656 2035 2838 2102 enim
2882 2057 2897 2101 :
2945 2033 3059 2103 Sic
3100 2036 3375 2102 satiavit
3415 2057 3531 2104 eos
3585 2043 3901 2125 postmo-

2358 2144 2523 2212 dum
2583 2169 2615 2208 α
2655 2142 2955 2210 sedentes
2986 2170 3018 2204 a
3057 2142 3127 2209 in
3160 2142 3558 2234 Babylonia,
3604 2173 3631 2207 ι
3701 2145 3770 2210 in
3800 2154 3903 2211 te-

2358 2250 2609 2329 nebris,
2656 2275 2687 2315 »
2743 2252 2814 2317 in
2877 2272 3139 2319 carcere
3205 2250 3457 2318 scilicet
3510 2251 3897 2330 tenebros0,

2360 2388 2390 2421 α
2429 2367 2494 2427 et
2515 2358 2759 2427 umbra
2777 2360 3086 2439 mortis,»
3121 2360 3213 2426 ita
3234 2359 3487 2428 scilicet
3514 2360 3898 2439 tenebroso,

2357 2476 2432 2535 ut
2470 2469 2664 2559 quasi
2694 2490 2902 2548 morS,
2963 2477 3030 2535 et
3096 2471 3292 2535 morti
3360 2467 3617 2559 aliquid
3681 2469 3899 2537 simile

2356 2576 2723 2645 videretur.
2763 2576 3013 2644 Thren.
3076 2599 3171 2654 ιιι,
3251 2580 3340 2645 6:
3402 2579 3484 2645 In
3540 2578 3903 2646 tenebrosis

2355 2682 2718 2751 collocavit
2755 2704 2885 2762 me,
2934 2683 3140 2773 quasi
3194 2692 3495 2750 mortuos
3540 2685 3901 2773 sempiter-

2357 2812 2508 2858 nos.
3087 2870 3112 2895 ο

2449 2894 2907 2987 Spiritualiter
2934 2899 3003 2966 in
3033 2897 3329 2967 tenebris
3357 2897 3619 2979 sedent,
3671 2902 3788 2990 qui
3830 2901 3900 2967 in

2357 3004 2649 3093 peccatis
2678 3006 3060 3096 quiescunt,
3094 3027 3245 3098 quae
3286 3012 3695 3095 perpetrant.
3738 3005 3906 3075 Pec-

2355 3121 2581 3181 catum
2624 3112 2806 3181 enim
2847 3112 3127 3182 tenebra
3155 3112 3421 3189 dicitur,
3485 3114 3645 3207 quia
3713 3122 3906 3183 tene-

2356 3220 2630 3289 brosam
2663 3221 2819 3290 facit
2844 3222 3174 3290 animam.
3216 3221 3320 3288 Ad
3354 3220 3598 3312 Ephes.
3670 3245 3741 3304 ν,
3803 3225 3843 3288 8
3880 3244 3896 3291 :

2359 3331 2593 3399 Eratis
2622 3330 3003 3421 aliquando
3043 3328 3351 3406 tenebrae,
3385 3339 3511 3398 etc.
3547 3358 3582 3393 ι
3630 3331 3726 3398 Et
3757 3352 3904 3397 nm-

2361 3436 2484 3505 bra
2525 3439 2763 3505 mortis
2813 3465 2845 3499 1·
2879 3446 3174 3518 aeternae,
3209 3438 3367 3529 quia
3416 3437 3500 3506 ad
3540 3439 3764 3529 ipsam
3795 3448 3899 3507 est

2361 3544 2494 3620 via,
2538 3544 2710 3611 sicut
2750 3544 2994 3613 umbra
3021 3542 3207 3613 ducit
3235 3544 3319 3612 ad
3350 3544 3513 3613 illud
3579 3545 3772 3633 cujus
3801 3555 3901 3614 est

2360 3650 2626 3719 umbra.
2672 3651 2847 3720 Hinc
2892 3650 3141 3720 dicitur
3182 3653 3250 3720 in
3309 3650 3490 3721 Psal.
3551 3673 3750 3734 σκιιι,
3801 3654 3841 3721 3
3879 3675 3896 3721 :

2363 3757 2744 3827 Collocavit
2769 3781 2877 3826 me
2904 3760 2975 3826 in
3013 3757 3340 3838 obscuris,
3377 3758 3555 3827 sieut
3598 3768 3902 3827 mortuos

2355 3863 2617 3941 soeculi,
2662 3885 2799 3931 non
2828 3863 3051 3932 adhuc
3077 3866 3252 3933 sicut
3283 3874 3587 3933 mortuos
3626 3864 3896 3934 inferni.

2361 3970 2496 4041 Sed
2532 3971 2863 4040 Dominus
2900 3971 3068 4041 tales
3106 3972 3333 4041 visitat
3394 3971 3789 4064 aliquando,
3832 3981 3898 4042 et

2361 4074 2723 4145 illuminat.
2790 4074 2923 4145 lea.
2986 4099 3081 4155 tx,
3114 4081 3154 4145 2
3200 4099 3217 4146 :
3276 4076 3770 4146 Ilabitantibus
3826 4079 3897 4146 in

2357 4187 2631 4276 reqione
2669 4184 2927 4256 umbra!
2964 4189 3228 4263 mortis,
3264 4186 3392 4254 lux
3436 4197 3590 4255 orta
3653 4198 3751 4255 est
3772 4188 3897 4257 eis.

2358 4293 2521 4363 Luc.
2554 4316 2602 4374 ι,
2643 4295 2729 4363 ‘19
2763 4315 2779 4361 :
2813 4293 3232 4363 illuminare
3292 4294 3400 4362 leis
3453 4294 3578 4387 qui
3607 4295 3679 4362 in
3710 4304 3901 4363 tene-

2358 4402 2499 4471 bris
2555 4412 2621 4471 et
2648 4404 2717 4471 in
2747 4402 2995 4474 umbra
3023 4405 3265 4474 mortis
3299 4403 3555 4474 sedent.

2448 4647 2480 4680 «ι
2532 4620 2859 4687 Vinctos.»
2894 4617 3899 4710 llictangiturcarceriscrude·

2353 4725 2535 4804 litas,
2576 4725 2645 4793 in
2668 4723 2928 4793 defectu
2970 4722 3158 4802 boni,
3224 4726 3409 4817 quod
3482 4734 3761 4795 notatur
3824 4726 3894 4796 in

2353 4837 2834 4906 mendicitate:
2895 4843 2963 4903 et
3028 4837 3381 4926 praesentia
3449 4833 3636 4913 mali,
3708 4831 3893 4925 quod

2354 4953 2631 5014 notatur
2659 4946 2727 5014 in
2757 4945 2971 5014 ferrea
2998 4942 3485 5020 vinculatione,
3521 4940 3641 5022 ibi,
3699 4970 3733 5004 κ
3805 4943 3900 5011 Ee

2348 5059 2563 5146 ferro.
2620 5080 2653 5120 ι

2439 5163 2556 5230 Ait
2612 5162 2844 5230 enim:
2916 5159 3030 5229 Sic
3083 5161 3396 5230 sedentes
3453 5161 3522 5227 in
3600 5159 3896 5230 tenebris

2350 5278 2418 5340 et
2445 5269 2689 5338 umbra
2727 5270 2966 5338 mortis
3010 5268 3335 5348 visitavit,
3401 5265 3511 5336 vel
3579 5266 3890 5356 adjuvit:

2350 5386 2416 5448 et
2453 5378 2661 5447 etiam
2703 5406 2743 5467 «A
2796 5377 3051 5444 vinctos
3104 5377 3292 5465 ferro
3322 5396 3347 5441 .·
3411 5399 3442 5438 ι
3501 5394 3655 5444 ecce
3721 5373 3892 5443 dura

2350 5615 2478 5693 plet
2517 5614 2770 5676 Elissae.
