5008 6329
2099 348 2810 418 COMMENTARIUS
2859 348 2955 415 IN
3003 350 3435 421 PSALMUM
3485 352 3695 421 CXX.

1380 549 1413 589 α
1457 526 1693 614 Neque
1741 526 2087 610 dormitet,
2156 555 2186 587 »
2229 548 2369 592 non
2418 525 2489 592 in
2530 546 2627 600 se,
2660 523 2844 592 Deus

1288 631 1472 697 enim
1504 634 1575 698 in
1605 655 1678 701 se
1710 656 2089 724 numquam
2149 633 2496 715 dormitat,
2529 631 2649 699 sed
2679 631 2749 695 in
2780 637 2843 695 tc

1285 761 1406 828 per
1455 742 1827 831 pigritiam,
1866 768 1899 807 α
1951 744 2076 833 qui
2112 741 2409 808 custodit
2457 748 2544 816 te,
2589 767 2619 797 υ

4370 349 4492 416 347

3044 549 3076 586 «
3111 525 3449 591 Dominus
3502 525 3798 592 custodit
3845 535 3928 590 tc.
3968 551 4001 586 »
4046 523 4172 589 llic
4219 526 4491 589 tertium

2955 631 3021 695 in
3055 653 3190 720 quo
3224 640 3444 700 certus
3486 632 3726 700 asserit
3761 653 3830 698 se
3855 633 3998 720 jam
4032 630 4278 698 habere
4312 628 4494 719 quod

2673 737 2844 803 sicut
2951 737 3243 826 petebat,
3325 739 3679 830 alloquens
3751 740 4051 806 animam
4119 762 4336 806 suam.
4411 737 4494 803 Et

1285 854 1351 913 et
1381 848 1694 915 omnium
1736 859 1962 916 custos
1994 857 2117 916 est.
2152 846 2306 922 Job,
2343 867 2463 923 vu,
2490 845 2574 910 20
2611 865 2626 910 :
2662 843 2848 927 Quid
2950 843 3196 932 primo,
3252 845 3545 914 ostendit
3607 846 3791 936 quod
3847 844 4139 912 custodit
4194 844 4493 910 animam

1282 956 1551 1044 faciam
1592 956 1744 1033 tibi,
1781 979 1819 1022 o
1842 965 2070 1022 custos
2114 954 2475 1019 hominum
2503 948 2544 1017 P
2575 950 2681 1032 Et,
2710 950 2838 1017 Isa.

1284 1085 1424 1141 xx1,
1475 1063 1580 1140 12,
1615 1062 1785 1129 dixit
1815 1069 2042 1129 custos
2096 1082 2111 1126 ε
2164 1060 2247 1128 Si
2282 1059 2616 1150 quaeritis,
2660 1080 2841 1148 quae-

1282 1172 1456 1237 rite:
1486 1169 1990 1250 convertimini,
2050 1168 2289 1236 venite.
2343 1167 2496 1257 Ipse
2551 1173 2652 1235 est
2710 1164 2840 1232 Sa·-

1282 1278 1688 1355 maritanuS,
1745 1274 1861 1363 qui
1911 1275 2397 1366 interpretatur
2432 1284 2680 1353 custos,
2724 1274 2840 1364 qui

1280 1382 1722 1452 vulneratum
1753 1382 2037 1471 suscipit
2077 1384 2121 1448 ¹.
2157 1381 2244 1449 Et
2282 1389 2617 1471 quantum
2658 1381 2728 1448 in
2769 1402 2839 1447 se

1279 1498 1385 1558 est
1421 1511 1691 1579 semper
1737 1488 1979 1579 vigilat
2006 1497 2235 1557 custos
2293 1490 2442 1555 iste.
2483 1487 2737 1556 Jerem.
2789 1488 2836 1567 i,

1282 1600 1357 1665 11
1446 1620 1463 1665 ε
1568 1599 1844 1687 Virqanz
1913 1598 2316 1688 viqilantem
2400 1618 2522 1686 eqo
2616 1595 2831 1663 video.

1278 1707 1575 1798 Quippe,
1641 1705 1947 1799 Sapient.
2010 1730 2109 1787 vi,
2152 1709 2192 1774 8
2263 1728 2278 1773 ε
2346 1707 2534 1774 Cura
2572 1715 2667 1772 est
2724 1704 2839 1772 illi

1277 1815 1362 1883 de
1390 1814 1737 1884 omnibus.
1780 1814 2173 1907 Aliquando
2224 1823 2455 1882 tamen
2484 1812 2737 1881 dormit
2767 1813 2836 1879 in

1276 1924 1597 1994 cordibus
1662 1925 2163 2016 pigritantium,
2235 1923 2421 2014 quod
2486 1923 2837 2014 signitica-

1275 2040 1427 2101 tum
1482 2033 1635 2112 fuit,
1696 2031 1941 2100 Matth.
2003 2056 2149 2110 vm,
2213 2032 2323 2110 24,
2387 2030 2504 2098 ubi
2561 2030 2830 2121 legitur,

1276 2139 1463 2232 quod
1495 2141 1565 2207 in
1595 2141 1757 2208 navi
1798 2139 2182 2208 dormiebat
2211 2139 2257 2207 ⁸.

1377 2491 1408 2528 α
1451 2466 1621 2532 Ecce
1665 2484 1804 2529 non
1851 2460 2279 2528 dormitabit.
2329 2485 2364 2524 ι
2416 2457 2547 2527 Hic
2594 2480 2831 2526 secun·

1271 2571 1435 2640 dum
1470 2571 1676 2662 hujus
1716 2570 1949 2660 partiS,
1994 2571 2064 2637 in
2106 2591 2242 2661 quo
2288 2567 2609 2645 ostendit,
2651 2567 2830 2658 quod

1269 2680 1354 2747 ad
1397 2678 1698 2748 dandum
1753 2681 2043 2768 petitum
2091 2685 2449 2768 promptus
2497 2676 2607 2758 sit,
2650 2674 2825 2744 etad

1273 2800 1640 2881 utrumque
1671 2789 2040 2880 petitorum
2078 2811 2093 2857 ε
2139 2787 2316 2856 unde
2348 2786 2616 2855 duobus
2654 2809 2830 2878 prae-

1273 2902 1527 2985 missiS,
1588 2902 1846 2970 scilicet
1875 2925 2012 2969 non
2033 2899 2171 2985 det,
2229 2922 2445 2990 neque
2480 2898 2824 2977 dormitet,

1269 3008 1636 3101 respondet
1665 3009 1801 3077 duo
1850 3031 2001 3100 quae
2039 3008 2201 3078 dicit
2244 3031 2259 3076 ε
2298 3034 2331 3071 α
2374 3009 2531 3076 Non
2577 3007 2830 3076 dormi·

1268 3115 1449 3184 tabit
1477 3139 1693 3208 neque
1721 3117 2037 3185 dormiet.
2075 3139 2108 3181 ι

1359 3227 1476 3294 Ait
1523 3226 1707 3293 enim
1757 3248 1772 3294 :
1829 3225 1943 3293 Sic
1991 3232 2178 3316 peto,
2230 3246 2272 3292 ο
2313 3224 2569 3303 anima,
2617 3231 2684 3292 et
2719 3232 2829 3292 ta-

1263 3356 1425 3402 men
1482 3335 1653 3417 scie,
1713 3334 1899 3425 quod
1956 3332 2069 3401 ille
2122 3362 2156 3397 «
2206 3333 2331 3424 qui
2382 3331 2680 3401 custodit
2723 3332 2827 3401 Is·

1262 3441 1438 3521 rael,
1488 3470 1522 3503 »
1556 3440 1738 3509 unde
1788 3448 1855 3508 et
1902 3449 1968 3508 te
2021 3438 2381 3522 custodiet,
2423 3441 2480 3508 si
2527 3439 2827 3509 volueris

1263 3572 1411 3618 esse
1460 3547 1696 3629 lsrael,
1748 3547 1989 3616 videns
2027 3548 2284 3616 scilicet
2332 3546 2556 3616 Deum
2599 3569 2616 3616 z
2702 3571 2827 3618 cu-

1262 3658 1499 3738 stodit,
1535 3661 1847 3751 inquam,
1880 3682 2005 3749 per
2039 3660 2360 3750 gratiam.
2390 3657 2553 3739 Joh,
2587 3681 2659 3740 x,
2690 3660 2768 3726 12
2802 3681 2819 3729 z

1276 3768 1591 3835 Visitatio
1621 3777 1745 3835 tua
1793 3767 2162 3836 custodivit
2198 3767 2528 3858 spiritum
2567 3789 2819 3837 meum.

1263 3871 1348 3941 Et
1405 3896 1530 3964 per
1568 3872 2018 3942 l'raelatorum
2066 3881 2135 3941 et
2196 3871 2624 3963 Angelorum
2677 3872 2826 3941 dili·

1263 3982 1595 4070 gentiam.
1629 3980 1763 4049 Isa.
1800 4003 1958 4062 Lxu,
1992 3982 2033 4048 6
2071 4004 2086 4048 z
2116 3982 2346 4072 Super
2381 4003 2617 4049 muros
2641 3990 2820 4065 tuos,

1257 4088 1673 4168 Jerusalem,
1752 4090 2079 4157 constitui
2149 4089 2483 4157 custodes.
2564 4118 2598 4153 α
2667 4091 2823 4159 Non

1258 4197 1691 4281 dormitabit,
1728 4227 1761 4260 υ
1794 4199 1969 4267 sicut
1998 4200 2285 4290 petitum
2317 4207 2422 4267 est
2455 4224 2471 4268 ε
2516 4200 2671 4269 Non
2709 4199 2823 4269 det

1258 4306 1330 4373 in
1365 4306 1912 4388 commotionem,
1945 4329 2186 4398 neque,
2219 4315 2351 4375 etc.
2385 4304 2520 4375 Isa.
2553 4330 2624 4392 v,
2675 4308 2759 4375 27
2797 4330 2816 4380 ε

1254 4415 1432 4482 Ecce
1512 4436 1648 4481 non
1705 4413 2140 4495 dormitabit,
2222 4437 2441 4506 neque
2492 4415 2815 4501 dormiet,

1253 4544 1472 4614 neque
1522 4520 1827 4589 solvetur
1892 4520 2255 4612 cinqulum
2312 4545 2556 4592 renum
2631 4523 2815 4613 ejus,

1253 4652 1375 4698 nec
1410 4640 1777 4721 rumpetur
1812 4630 2115 4720 corriqia
2152 4629 2602 4698 calceamenti
2629 4630 2810 4720 ejus.

1250 4736 1509 4807 Jerem.
1554 4758 1745 4816 κιαι,
1780 4737 1866 4806 28
1902 4758 1920 4804 :
1987 4736 2301 4828 Viqilabo
2347 4759 2559 4831 super
2592 4759 2703 4807 eos
2737 4749 2818 4809 ut

1250 4847 1585 4937 edificem
1622 4857 1688 4915 et
1712 4845 2060 4939 plantem,
2110 4868 2228 4916 eos
2274 4845 2554 4927 scilicet,
2587 4856 2654 4916 et
2691 4868 2818 4915 cu-

2950 959 3285 1041 potenter.
3335 953 3676 1031 Secundo,
3722 953 3907 1042 quod
3955 952 4336 1041 diligenter,
4373 950 4490 1028 ibi,

2947 1065 3012 1135 ς’.
3047 1061 3085 1124 6
3123 1083 3138 1125 :
3188 1085 3218 1124 α
3261 1064 3396 1127 Per
3425 1060 3605 1127 diem
3640 1060 3772 1127 sol.
3808 1086 3844 1122 n
3875 1059 4122 1135 Tertio,
4160 1057 4343 1147 quod
4371 1080 4496 1148 ge-

2949 1166 3288 1248 neraliter,
3323 1168 3443 1247 ibi,
3476 1176 3540 1245 ᾗ.
3586 1169 3624 1235 7
3664 1191 3679 1234 :
3729 1197 3761 1232 «
3809 1169 4151 1237 Dominus
4198 1166 4492 1234 custodit

2948 1283 3011 1341 te
3039 1275 3124 1342 ab
3155 1277 3344 1342 omni
3372 1275 3585 1342 mal0.
3636 1303 3669 1339 >i

3035 1380 3212 1449 Dicit
3251 1405 3412 1473 ergo
3466 1405 3481 1448 :
3530 1381 3643 1450 Sic
3690 1383 3851 1472 petii
3900 1389 3975 1449 ut
4015 1391 4077 1450 te
4129 1381 4488 1462 custodiat,

2945 1498 3339 1580 promptum
3399 1513 3543 1559 esse
3601 1491 3823 1580 ipsum
3882 1490 4146 1558 ostendi
4206 1512 4221 1556 :
4268 1496 4333 1557 et
4395 1489 4492 1557 sic

2935 1597 3079 1685 jam
3113 1608 3349 1688 reputo
3385 1601 3847 1691 impetratum,
3883 1601 4042 1690 quia
4085 1626 4116 1664 α
4149 1600 4490 1666 Dominus

2955 1734 2985 1767 α
3032 1706 3325 1774 custodit
3382 1717 3466 1785 te,
3516 1737 3548 1769 υ
3609 1711 3678 1775 in
3737 1709 3918 1774 bono
3978 1707 4154 1797 quod
4212 1706 4420 1774 habes
4466 1729 4482 1772 :

2948 1841 2981 1876 α
3031 1815 3370 1881 Dominus
3400 1816 3731 1906 protectio
3782 1824 3928 1892 tua,
3985 1838 4017 1878 ιι
4072 1837 4109 1881 a
4150 1813 4355 1890 malo,
4404 1836 4486 1880 ne

2946 1921 3016 1988 in
3048 1921 3212 1989 illud
3254 1922 3605 1992 recidiveS.
3642 1922 3972 1991 Proverb.
4017 1946 4086 2001 ιι,
4123 1923 4159 1988 Ἰ
4189 1945 4203 1988 :
4241 1923 4488 1991 Custo-

2941 2029 3083 2096 diet
3136 2014 3471 2098 rectorum
3505 2030 3829 2110 salutem,
3864 2039 3929 2097 ct
3957 2039 4271 2122 proteqet
4312 2052 4487 2118 qra-

2942 2136 3195 2204 dientes
3228 2139 3657 2230 simpliciter.
3692 2137 3897 2206 Eccli.
3943 2161 4030 2217 m,
4065 2140 4103 2204 2
4137 2135 4488 2225 :Adjutor

2940 2257 3003 2313 et
3022 2256 3362 2337 protector
3382 2249 3616 2337 factus
3651 2271 3718 2315 es
3748 2249 3944 2315 milei.

3026 2352 3113 2422 Et
3171 2353 3328 2434 hoc,
3404 2381 3440 2421 α
3511 2377 3719 2448 super
3771 2378 4056 2424 manum
4133 2353 4481 2422 dexteram

2937 2481 3156 2551 tuam,
3237 2499 3269 2533 »
3330 2471 3397 2539 id
3456 2480 3580 2548 est,
3640 2472 3906 2552 fortius,
3977 2479 4043 2538 et
4109 2471 4477 2560 potentiuS,

2937 2601 3139 2670 quam
3205 2588 3436 2670 posset
3487 2587 3553 2647 te
3611 2579 3952 2647 custodire
4009 2586 4075 2646 et
4127 2585 4480 2667 protegere

2935 2685 3210 2754 dextera
3250 2694 3383 2754 tua.
3420 2685 3552 2756 lsa.
3587 2709 3767 2765 xux,
3813 2690 3852 2754 2
3887 2709 3902 2755 :
3941 2687 4018 2753 In
4052 2684 4297 2752 umbra
4328 2709 4484 2751 ma-

2932 2815 3064 2860 nus
3107 2816 3251 2861 suae
3288 2796 3594 2884 protexit
3642 2817 3770 2871 me,
3826 2793 4066 2860 melius
4106 2815 4312 2883 quam
4354 2814 4479 2881 ego

2931 2918 3202 2985 possem
3271 2920 3379 2966 me
3446 2907 3824 2988 protegere.
3899 2897 4100 2965 liceli.
4161 2919 4258 2975 vi,
4320 2897 4395 2961 14
4460 2917 4475 2961 :

2931 3008 3214 3075 Amicus
3247 3007 3481 3097 fidelis
3515 3011 3852 3101 protectio
3905 3010 4137 3098 sortis.
4193 3007 4473 3087 lterum,

2930 3135 3176 3183 manus
3227 3115 3500 3183 sinistra
3537 3123 3640 3184 est
3695 3115 3762 3183 in
3822 3112 4020 3182 nobis
4083 3119 4383 3205 potestas
4440 3133 4479 3178 a

2930 3222 3077 3293 Deo
3109 3224 3306 3294 nobis
3344 3224 3500 3293 data
3548 3225 3634 3293 nd
3674 3224 4046 3314 regendum
4098 3233 4162 3291 et
4200 3244 4481 3292 conser-

2930 3332 3232 3401 vandum
3272 3332 3698 3425 temporalia.
3745 3333 3875 3402 l'er
3919 3334 4264 3401 sinistram
4297 3332 4479 3399 enim

2929 3441 3333 3532 temporalia
3362 3441 3857 3533 intelliguntur,
3891 3441 4267 3510 secundum
4315 3437 4481 3507 illud

2931 3550 3187 3620 Cantic.
3232 3576 3304 3632 ιι,
3338 3555 3378 3621 6
3413 3575 3428 3620 :
3467 3555 3670 3621 Laeua
3707 3552 3863 3641 ejus
3888 3552 4017 3620 sub
4044 3554 4269 3644 capite
4306 3573 4475 3625 meo,

2929 3658 2997 3727 id
3045 3669 3171 3742 est,
3212 3659 3617 3752 temporalia
3662 3684 3702 3729 a
3755 3659 3899 3728 Deo
3944 3660 4111 3728 milii
4151 3660 4305 3729 data
4353 3656 4480 3727 sul»

2928 3776 3155 3837 mente
3193 3777 3353 3837 sunt
3414 3792 3430 3838 ε
3474 3780 3539 3837 et
3591 3768 3898 3845 dextera,
3959 3778 4214 3836 aeterna
4271 3767 4476 3845 bona,

2928 3876 3303 3945 secundum
3352 3876 3518 3945 illud
3568 3876 3776 3956 idem,
3845 3885 3908 3944 et
3959 3877 4240 3945 dea-tera
4280 3875 4482 3943 illius

2927 3981 3445 4074 amplexabitur
3509 4007 3638 4053 me.
3712 3983 3842 4051 l‘er
3898 4006 4178 4052 manum
4247 3992 4475 4052 autem

2927 4099 3224 4180 potestas
3263 4090 3690 4181 intelligitur,
3758 4089 3960 4158 ticeli.
4033 4114 4227 4172 xviii,
4295 4094 4371 4158 21
4457 4113 4472 4158 :

2923 4200 3114 4267 Mors
3149 4210 3213 4266 et
3242 4200 3385 4268 vita
3416 4199 3488 4267 in
3517 4221 3730 4267 manu
3765 4199 4045 4289 linquas.
4085 4200 4345 4267 Sensus
4376 4207 4479 4267 est

2924 4328 3087 4396 ergo
3132 4329 3149 4374 :
3209 4306 3548 4375 Dominus
3585 4305 3880 4374 custodit
3934 4315 4025 4390 te,
4075 4315 4142 4374 et
4180 4308 4476 4398 protegit

2922 4415 3218 4482 existens
3273 4437 3479 4507 super
3536 4422 3943 4506 potestatem
4001 4411 4085 4481 ab
4145 4415 4292 4506 ipso
4353 4412 4472 4481 tibi

2920 4519 3177 4601 datam,
3219 4521 3306 4591 ad
3333 4520 3515 4590 bona
3551 4531 3805 4591 aeterna
3850 4520 4285 4614 acquirenda.
4334 4520 4475 4589 De-

2923 4629 3025 4701 dit
3079 4630 3357 4724 quidem
3422 4631 3545 4701 tibi
3603 4639 4008 4724 potestatem
4064 4630 4149 4700 ad
4216 4640 4471 4701 {eterna

2920 4735 3127 4808 bona.
3155 4737 3360 4807 Joan.
3411 4762 3458 4819 ι,
3509 4738 3588 4806 12
3633 4760 3649 4805 :
3686 4738 3894 4808 Dedit
3931 4739 4026 4805 eis
4062 4748 4467 4830 potestatem

2913 4845 3104 4935 filios
3140 4848 3274 4915 Dei
3321 4846 3502 4936 sieri.
3540 4844 3676 4915 Sed
3724 4868 3847 4914 nec
3896 4869 4016 4938 per
4053 4845 4238 4914 illam
4282 4854 4469 4938 pote·

1252 4954 1548 5023 stodiam
1597 4953 1967 5022 aediticatos
2014 4962 2083 5023 et
2121 4953 2466 5044 plantatos
2508 4954 2684 5024 sicut
2708 4955 2817 5023 vi-
2916 4960 3159 5023 statem
3216 4955 3512 5046 attinges
3554 4953 3637 5021 ad
3698 4952 3839 5032 illa,
3884 4956 4010 5022 nisi
4070 4978 4194 5046 per
4239 4956 4464 5046 ipsum

1252 5084 1482 5140 neam,
1530 5059 1662 5128 lsa.
1706 5082 1922 5143 xxvii,
1965 5062 2005 5130 3
2058 5081 2074 5129 ε
2117 5061 2328 5129 Nocte
2356 5070 2421 5129 et
2457 5060 2569 5129 die
2621 5083 2810 5130 servo

1251 5193 1429 5237 eam.
1458 5168 1897 5260 Significatus
1929 5189 2049 5258 per
2063 5167 2306 5247 Jacob,
2340 5171 2457 5261 qui
2488 5168 2754 5239 dicebat
2788 5192 2805 5238 :

2918 5060 3414 5130 custodientem
3445 5069 3512 5129 et
3539 5069 4009 5153 protegentem
4043 5061 4183 5147 illa,
4215 5070 4280 5129 et
4302 5085 4469 5154 qua-

2916 5169 2971 5237 si
3020 5171 3225 5239 etiam
3283 5191 3491 5238 manu
3534 5178 3907 5246 tenentem,
3967 5178 4035 5238 et
4087 5178 4460 5260 regentem,

1249 5280 1386 5347 Die
1420 5284 1761 5367 noctuque
1786 5285 1958 5343 aestu
1989 5275 2261 5357 urebar,
2296 5288 2361 5345 et
2395 5276 2587 5368 qelu,
2622 5284 2805 5350 etc.³.
2914 5275 3290 5345 secundum
3330 5275 3498 5344 illud
3529 5275 3660 5346 lsn.
3696 5299 3831 5355 xu,
3882 5278 3959 5344 13
3994 5297 4010 5344 t
4043 5279 4198 5367 qu
4229 5279 4465 5347 Domi-

1322 5541 1340 5579 ¹
1370 5537 1459 5598 Cf.
1493 5537 1634 5596 Luc.
1670 5554 1726 5609 x,
1757 5537 1825 5593 ³³
1857 5540 1917 5594 et
1944 5550 2071 5609 seq.

1320 5630 1344 5666 ¹
1376 5628 1579 5686 Matth.
1614 5643 1734 5699 νιιι,
1766 5627 1876 5683 24:
1907 5627 1976 5683 Bt
2002 5641 2122 5682 ecce
2150 5632 2327 5685 motus
2357 5645 2594 5702 maanus
2621 5634 2806 5704 factus

1247 5727 1329 5780 est
1360 5722 1420 5777 in
1450 5719 1617 5788 mart,
1649 5718 1729 5774 ita
1757 5723 1819 5773 ut
1846 5715 2115 5775 navicula
2156 5719 2470 5789 operiretur
2492 5723 2749 5793 fluctibus
2780 5741 2797 5782 ε

2909 5551 3025 5623 ipse
3051 5566 3180 5608 vero
3192 5550 3528 5609 dormiebat.

2977 5640 3002 5678 ⁸
3037 5641 3251 5700 Genea.
3284 5658 3442 5710 xxxi,
3472 5643 3564 5698 ⁴0.
