5008 6329
651 330 781 398 216

650 501 817 572 517
855 524 869 568 :
908 527 941 567 α
979 504 1125 571 Tibz
1180 501 1649 589 sacrificabo.»
1680 501 1930 585 Tertio,
1976 511 2209 570 osten-

654 606 751 674 dit
791 610 1073 678 modum
1135 632 1270 700 quo
1324 609 1556 677 reddet
1609 609 1886 700 gratias,
1954 611 2071 689 ibi,
2138 611 2208 678 in

656 718 883 785 medio
951 726 1014 794 ἵ.
1075 719 1155 784 18
1232 740 1248 783 :
1315 745 1348 782 «
1413 720 1495 785 In
1569 729 1921 812 conspectu
1987 722 2206 788 omnis

660 823 937 911 populi.
1386 813 1396 823 ⁴

748 927 825 992 ln
851 928 1073 1015 prima
1115 927 1278 996 duo.
1331 931 1592 1012 Primo,
1636 933 1932 1001 ostendit
1969 931 2207 999 condi-

658 1035 916 1101 tionem
976 1043 1043 1103 et
1107 1045 1363 1106 statum
1416 1062 1431 1105 :
1476 1039 1801 1122 secund0,
1847 1059 2206 1126 compara-

659 1142 845 1208 tione
907 1142 994 1210 ad
1036 1154 1509 1231 recreatorem,
1566 1146 1683 1226 ibi,
1760 1171 1793 1210 e
1861 1147 2013 1233 qu
2065 1165 2203 1209 ser-

658 1273 803 1319 vus.
864 1278 898 1319 ι)

747 1359 865 1428 Ait
895 1363 1078 1430 enim
1139 1386 1154 1430 ι
1218 1362 1336 1430 Sic
1387 1364 1682 1431 sustinui
1749 1386 1870 1453 pro
1928 1362 2084 1440 side,
2140 1372 2207 1428 et

659 1476 937 1556 paratus
994 1492 1147 1536 sum
1215 1470 1477 1558 majora
1560 1472 1891 1539 sustinere
1946 1492 1960 1536 :
2011 1492 2200 1559 ergo,

660 1601 693 1634 «c
754 1575 813 1642 0
865 1577 1185 1652 Domine,
1227 1578 1396 1668 quia
1461 1600 1581 1668 eqo
1635 1601 1866 1645 servus
1923 1588 2105 1655 tuus,
2163 1603 2197 1639 »ι

650 1681 804 1769 jure
868 1682 1257 1752 creationis.
1302 1683 1434 1752 Isa.
1502 1707 1682 1767 xcix,
1752 1686 1791 1752 3
1870 1706 1886 1751 t
1956 1685 2206 1753 Servus

658 1810 848 1855 meus
887 1801 1083 1870 estu,
1128 1793 1364 1861 Israel.
1420 1819 1452 1859 α
1497 1796 1648 1882 qu
1676 1815 1906 1860 servus
1945 1802 2129 1874 tuus,
2166 1817 2200 1858 ι)

653 1895 809 1984 jure
850 1900 1312 1968 recreationis,
1381 1899 1489 1967 Ad
1545 1899 1836 1968 Roman.
1908 1922 1998 1980 vr,
2061 1900 2199 1966 22:

658 2005 860 2072 Nunc
894 2004 1172 2074 liberati
1198 2031 1242 2074 a
1253 2018 1556 2097 peccato,
1576 2010 1755 2076 servi
1774 2018 2002 2075 autem
2030 2008 2205 2095 sacti

660 2113 829 2190 Deo,
881 2112 1147 2181 habetis
1188 2116 1497 2205 fructum
1547 2125 1841 2183 vestrum
1899 2117 1969 2182 in
2039 2137 2207 2181 san-

659 2219 1168 2307 ctificationem.
1206 2221 1397 2290 Tunc
1435 2222 1617 2289 enim
1646 2223 1859 2312 pretio
1892 2243 2002 2290 me
2032 2222 2206 2289 erui·

662 2324 835 2392 sti.1
895 2326 982 2394 ad
1018 2326 1328 2396 Corinth.
1371 2352 1464 2413 vt,
1514 2331 1599 2396 20
1650 2350 1666 2397 ε
1729 2330 1972 2419 Empti
2024 2328 2204 2396 enim

657 2433 815 2499 estis
833 2435 1060 2525 pretio
1088 2457 1366 2525 maqno,
1399 2443 1525 2505 etc.

750 2541 916 2608 «Et
968 2540 1169 2631 filius
1214 2541 1492 2611 ancilla.-
1549 2553 1708 2621 tuae,
1764 2570 1797 2605 »ι
1858 2541 2201 2622 Ecclesiae,

662 2669 812 2736 quoe
852 2656 955 2715 est
1005 2647 1310 2716 fidelium
1358 2651 1821 2740 congregatim
1889 2648 2195 2739 Sapient.

663 2776 754 2835 nx,
797 2755 838 2820 4
870 2762 936 2822 et
974 2757 1015 2823 5
1050 2777 1068 2825 ι
1109 2754 1280 2823 Noli
1314 2777 1424 2823 me
1467 2754 1829 2846 reprobare
1883 2779 1926 2823 a
1968 2756 2205 2846 pueris

659 2862 820 2939 tuis,
871 2864 1202 2954 quoniam
1257 2885 1491 2931 servus
1537 2872 1700 2930 tuus
1753 2884 1908 2929 sum
1946 2884 2094 2952 eqo,
2140 2873 2204 2930 et

652 2968 851 3059 filius
914 2970 1190 3039 ancillae
1247 2981 1404 3040 tute.
1469 2970 1835 3039 Humilitas
1873 2993 2123 3062 magna
2178 2991 2202 3038 .·

656 3101 797 3147 non
842 3079 1047 3149 audet
1091 3102 1164 3149 se
1212 3102 1459 3149 vocare
1518 3080 1736 3148 filium
1796 3102 2023 3159 suum,
2085 3077 2204 3147 sed

655 3186 917 3257 ancillae
967 3186 1186 3257 {ilium
1214 3211 1289 3258 se
1315 3190 1648 3257 nominat.
1700 3188 1863 3258 Luc.
1899 3212 2015 3271 xv,
2064 3190 2142 3256 19
2180 3208 2197 3257 :

654 3296 817 3364 lam
898 3318 1034 3363 non
1108 3318 1265 3364 sum
1357 3296 1612 3388 diqnus
1696 3298 1927 3365 vocari
2004 3295 2203 3387 filius

658 3409 844 3481 tuus,
896 3402 1016 3491 fac
1053 3424 1161 3469 me
1192 3402 1374 3470 sieut
1405 3425 1619 3471 unum
1650 3401 1736 3470 de
1773 3404 2205 3470 mercenariis

659 3508 822 3575 tuis.

310 3752 626 3810 emm„
748 3748 782 3785 ι
815 3721 1169 3814 Dirupisti
1205 3721 1510 3790 vincula.
1568 3750 1603 3784 ι»
1651 3721 1781 3791 llic
1838 3722 2037 3791 tertio
2084 3721 2203 3791 de·

304 3816 524 3853 ΕΙΙΟΝΙἏ
544 3817 628 3851 Vb

332 3863 423 3908 rii·
449 3860 603 3907 anodi-

334 3915 602 3962 solvunt-t.

656 3828 890 3899 scribit
943 3836 1224 3909 statum,
1292 3837 1624 3921 quantum
1662 3828 1746 3898 ad
1811 3829 2110 3922 seipsum
2182 3852 2200 3898 ι

658 3940 820 4030 quia
848 3936 1117 4006 solutus
1162 3958 1288 4029 per
1337 3937 1626 4029 gratiam
1672 3936 1798 4006 Dei
1846 3960 1886 4006 a
1913 3937 2204 4006 vinculis

657 4051 1117 4138 peccatorum.

744 4154 863 4224 Ait
907 4153 1092 4224 enim
1162 4172 1182 4224 ε
1246 4152 1365 4223 Sic
1432 4161 1597 4222 vota
1671 4151 1977 4229 reddam,
2045 4152 2206 4243 quia

656 4284 922 4340 servus,
983 4269 1051 4330 et
1124 4259 1287 4353 quia
1333 4258 1513 4329 tilius
1555 4258 1840 4341 ancillae,
1873 4267 1940 4329 et
1967 4259 2202 4343 etiarn,

657 4372 820 4463 quia
859 4395 894 4437 ι
968 4398 1002 4434 κ
1070 4369 1430 4463 dirupisti,
1490 4394 1526 4436 ι
1591 4367 1925 4438 beneficio
1973 4369 2206 4461 gratim

658 4492 818 4566 tuae,
882 4509 913 4545 ι
950 4479 1228 4551 vincula
1286 4503 1464 4562 mea,
1518 4508 1548 4545 ιι
1605 4489 1907 4573 peccata,
1959 4480 2208 4574 quibus

663 4590 855 4683 quasi
929 4587 1339 4683 quibusdam
1405 4588 1696 4657 vinculis
1759 4589 2204 4681 astringebar.

666 4697 994 4769 proverb.
1053 4721 1125 4777 v,
1176 4699 1264 4766 22
1316 4718 1334 4767 t
1407 4697 1716 4768 Funibus
1771 4706 2208 4789 peccatorum

661 4829 942 4875 suorum
1008 4806 1296 4898 quisque
1324 4806 1840 4896 constrinqitur.
1900 4806 2206 4896 Sapient.

664 4937 734 4993 x,
799 4914 879 4981 11
950 4935 966 4982 :
1042 4913 1133 4980 Et
1172 4912 1241 4978 in
1301 4909 1594 4980 vinculis
1655 4934 1791 4980 non
1847 4911 2214 5003 dereliquit

667 5022 901 5090 illum.
945 5020 1024 5089 In
1054 5018 1240 5088 Psal.
1282 5042 1414 5100 cvi,
1473 5019 1577 5107 14,
1644 5022 2012 5112 supratEt
2060 5020 2215 5088 vin-

666 5129 829 5200 cula
890 5151 1126 5199 eorum
1179 5127 1504 5221 disrupit.
1553 5126 1809 5198 Jerem.
1855 5150 2022 5207 xxx,
2073 5128 2114 5193 8
2191 5146 2208 5197 τ

672 5240 1032 5309 Conteram
1078 5235 1345 5330 juqum
1393 5235 1574 5328 ejus,
1637 5235 1889 5304 diaboli
1932 5234 2211 5313 scilicet,

668 5346 753 5415 de
793 5343 972 5413 collo
1040 5353 1185 5427 tuo,
1245 5353 1310 5412 et
1358 5344 1638 5413 vincula
1690 5343 1847 5435 ejus
1913 5341 2219 5410 disrum-

664 5474 859 5546 pam.
903 5448 1070 5519 llaeo
1105 5456 1335 5518 autem
1383 5449 1659 5520 vincula
1699 5449 2219 5541 disrumpuntur

672 5585 795 5657 per
848 5558 1375 5644 confessionem,
1417 5567 2047 5653 quantumcumque
2089 5556 2223 5625 du-

675 5694 774 5757 ra,
851 5676 919 5740 et
984 5666 1208 5739 fortia.
1263 5666 1397 5737 Isa.
1465 5691 1646 5749 cvm,
1698 5669 1739 5739 6
1797 5693 1815 5739 ε
1878 5665 2215 5748 Dissolve,

1646 332 1731 399 D.
1783 331 1980 398 ALB.
2034 331 2250 398 MAG.
2304 332 2509 400 om).
2563 334 2857 402 PRAED.

2311 506 2691 574 confitendo
2760 515 3058 596 peccata,
3159 502 3642 593 colliqationes
3715 504 3857 567 im-

2301 616 2606 705 pietatis.
2642 616 2836 699 Item,
2873 637 2991 705 per
3051 612 3460 702 injuriarum
3510 610 3861 677 dimissio-

2308 743 2466 788 nem
2509 744 2523 789 :
2564 724 2677 813 qui
2718 724 2900 790 enim
2931 721 3141 789 alium
3175 718 3475 787 absolvit
3495 715 3581 782 ab
3611 713 3860 800 injuria

2312 827 2519 909 illata,
2589 831 2731 918 ipse
2797 853 2867 898 se
2934 829 3161 907 solvit,
3223 825 3469 895 Matth.
3530 846 3630 907 vi,
3695 822 3776 886 12
3837 839 3853 885 ε

2312 936 2602 1002 Dimitte
2672 936 2866 1002 nobis
2932 937 3163 1003 debita
3218 945 3482 1002 nostra.
3562 931 3670 1010 Et,
3724 927 3855 995 Isa.

2311 1062 2422 1120 m,
2457 1042 2496 1105 2
2541 1063 2556 1106 ε
2603 1041 2808 1109 Solve
2844 1041 3121 1107 vincula
3178 1040 3350 1107 colli
3399 1040 3531 1116 tui,
3585 1036 3860 1126 captiva

2308 1147 2466 1235 filia
2549 1149 2739 1217 Sion.
2823 1149 2953 1217 Per
3035 1148 3333 1217 clavium
3416 1150 3857 1237 potestatem,

2311 1255 2550 1324 Matth.
2596 1280 2738 1339 xxi,
2773 1260 2811 1324 2
2872 1279 2888 1326 :
2954 1258 3318 1325 Invenietis
3364 1256 3641 1322 asinam
3688 1251 3865 1319 alli-

2309 1369 2574 1457 qulam,
2608 1372 2671 1429 et
2723 1363 3013 1453 pullum
3049 1384 3207 1429 cum
3245 1383 3327 1428 ea
3386 1382 3409 1426 .·
3466 1357 3735 1438 solvite,
3796 1362 3860 1420 et

2311 1467 2631 1535 adducite
2692 1469 2885 1535 milti.
2949 1467 3189 1536 Matth.
3251 1489 3394 1549 xw,
3443 1467 3523 1533 19
3570 1460 3862 1546 :Quod-

2311 1597 2598 1665 cumque
2622 1576 2904 1643 solveris
2937 1598 3143 1666 super
3172 1584 3457 1652 terram,
3495 1573 3626 1639 erit
3664 1569 3862 1637 solu-

2312 1692 2459 1748 tum
2512 1691 2576 1748 et
2650 1683 2721 1748 in
2779 1682 2984 1750 coelis.
3058 1681 3190 1749 Per
3254 1681 3552 1749 aliorum
3601 1677 3862 1746 oratio-

2309 1812 2490 1857 nem.
2553 1790 2698 1859 Hoc
2745 1791 3200 1881 significatum
3254 1790 3405 1873 fuit,
3452 1788 3603 1856 Act.
3655 1808 3775 1864 χιι,
3819 1785 3857 1850 7

2309 1908 2374 1968 et
2411 1921 2585 1990 seq„
2628 1921 2746 1991 per
2782 1899 3189 1969 solutionem
3238 1897 3678 1967 vinculorum
3725 1896 3863 1964 Pe-

2309 2009 2396 2075 tri
2442 2030 2596 2075 cum
2649 2009 2842 2096 fieret
2891 2009 3114 2075 oratio
3162 2008 3310 2076 sine
3357 2004 3861 2073 intermissione

2311 2114 2396 2182 ab
2445 2116 2755 2183 Ecclesia
2824 2117 2921 2183 ad
2978 2118 3200 2184 Deum
3247 2136 3380 2206 pro
3436 2136 3539 2181 eo.
3592 2111 3678 2179 Et
3730 2133 3859 2202 po-

2310 2223 2594 2301 tissime,
2665 2230 2730 2290 et
2774 2222 2970 2291 valde
3013 2221 3364 2306 velociter,
3405 2242 3528 2311 per
3593 2225 3857 2308 septem

2312 2329 2647 2399 donorum
2707 2329 2999 2420 Spiritus
3063 2330 3598 2420 possessionem.
3628 2323 3854 2403 Judic,

2311 2462 2450 2518 xv1,
2501 2440 2543 2506 6
2574 2449 2844 2530 etseq..
2903 2437 3196 2506 Samson
3247 2434 3579 2527 quamdiu
3617 2431 3861 2500 habuit

2310 2557 2568 2639 septem
2644 2549 2886 2627 crineS,
2947 2545 3207 2615 tamdiu
3274 2545 3515 2612 omnia
3581 2538 3860 2609 vincula

2311 2655 2620 2747 disrupit,
2671 2664 3022 2747 tamquam
3051 2661 3281 2724 essent
3314 2652 3400 2720 de
3448 2659 3720 2741 stuppa.

2399 3000 2433 3034 «
2472 2972 2622 3041 Tibi
2671 2972 3097 3063 sacrificabo.
3161 2998 3198 3036 ιι
3249 2970 3382 3039 Hic
3444 2966 3856 3044 secundum,

2310 3080 2378 3148 in
2440 3103 2578 3172 quo
2616 3087 2977 3172 postquam
3025 3080 3251 3171 tetigit
3309 3082 3565 3145 statum
3625 3097 3858 3159 suum,

2307 3197 2657 3282 tamquam
2709 3190 3046 3258 rationem
3085 3210 3296 3281 quare
3352 3187 3616 3279 gratias
3653 3210 3858 3280 agere

2306 3294 2495 3374 velit,
2542 3295 2891 3387 subjungit
2927 3294 3454 3386 promissionem
3492 3292 3579 3361 de
3601 3295 3866 3385 gratia-

2311 3426 2460 3471 rum
2518 3404 2806 3472 actione.
2867 3402 3128 3481 Primo,
3186 3400 3434 3469 laudis.
3510 3398 3859 3478 Secundo,

2321 3512 2699 3603 operis,ibi,
2731 3519 2794 3588 5.
2844 3513 2925 3578 18
2960 3532 2977 3577 :
3036 3512 3199 3578 Vota
3237 3532 3415 3578 mea.
3445 3534 3481 3576 n

2405 3619 2477 3688 in
2514 3622 2736 3710 prima
2781 3619 2940 3688 duo.
2987 3619 3247 3697 Primo,
3289 3616 3480 3709 quod
3530 3615 3860 3685 laudabit.

2311 3726 2653 3807 Secundo,
2687 3726 2871 3818 quod
2899 3725 3033 3794 hoc
3059 3727 3284 3816 ipsum
3309 3748 3350 3794 a
3373 3724 3521 3793 Deo
3554 3722 3861 3803 habebit,
3895 3776 3906 3785 .

2309 3834 2426 3914 ibi,
2462 3864 2495 3897 «
2531 3837 2628 3904 Et
2675 3859 2917 3904 nomen
2964 3834 3277 3904 Domini.
3326 3862 3361 3897 n

2399 3942 2576 4012 Dicit
2615 3967 2777 4035 ergo
2812 3966 2827 4012 ι
2873 3942 2988 4011 Sic
3016 3965 3254 4012 servus
3280 3964 3465 4027 sum,
3499 3950 3567 4011 et
3587 3940 3860 4011 ancillae

2308 4052 2516 4132 mins,
2558 4059 2693 4120 eta
2744 4058 3178 4143 peccatorum
3212 4048 3511 4119 vinculis
3558 4048 3854 4129 solutus,

2310 4168 2378 4230 et
2431 4167 2709 4252 propter
2757 4157 2888 4228 hoc
2949 4188 2984 4223 α
3073 4157 3204 4227 tibi
3272 4158 3681 4250 sacrificabo
3747 4158 3868 4226 lto·

2308 4268 2517 4336 stiam
2549 4266 2805 4347 laudis,
2830 4292 2867 4330 n
2907 4265 2977 4335 id
3006 4273 3131 4344 est,
3185 4264 3463 4335 laudem
3493 4266 3659 4344 oris,
3691 4273 3871 4334 tam·

2311 4398 2521 4468 quam
2550 4372 2870 4443 hostiam.
2902 4372 2982 4441 In
3021 4371 3205 4455 Psal,
3246 4394 3431 4450 ιω,
3465 4372 3580 4457 23,
3613 4394 3860 4466 supra:

2311 4482 2747 4573 Sacrificium
2827 4480 3058 4550 laudis
3145 4478 3639 4570 honorificabit
3728 4504 3861 4551 me.

2319 4588 2418 4657 Ad
2471 4588 2679 4657 Hebr.
2746 4611 2893 4671 xm,
2949 4589 3029 4656 15
3064 4609 3081 4655 :
3117 4587 3512 4679 Offeramus
3556 4587 3857 4658 hostiam

2316 4696 2550 4766 laudis
2625 4718 2889 4788 semper
2947 4696 3116 4764 Deo.
3193 4693 3345 4763 Hoc
3424 4705 3528 4766 est
3609 4696 3857 4767 oss'erre

2312 4803 2603 4874 vitulum
2632 4803 2995 4873 labiorum.
3022 4801 3220 4882 Osee,
3243 4825 3388 4883 xrv,
3424 4804 3466 4873 3
3511 4827 3528 4873 ε
3567 4804 3858 4875 Omnem

2317 4913 2523 5005 auser
2585 4913 3047 5005 iniquitatem,
3139 4911 3370 5003 accipe
3434 4910 3691 4981 bonum
3731 4935 3756 4980 .·
3813 4921 3878 4981 et

2318 5020 2679 5089 reddemus
2739 5020 2996 5089 vitulos
3052 5015 3399 5087 labiorum
3442 5028 3861 5088 nostrorum.

2411 5151 2446 5193 ι
2486 5129 2585 5196 Et
2627 5148 2869 5195 nomen
2934 5124 3236 5193 Domini.
3286 5151 3323 5189 n
3384 5124 3559 5194 Ecce
3616 5147 3872 5196 secun-

2322 5233 2512 5302 dum.
2573 5233 2780 5314 Quasi
2847 5231 3101 5302 diceret
3156 5253 3174 5301 ε
3265 5232 3380 5301 Sic
3437 5231 3865 5315 sacrificabo,

2324 5366 2359 5408 ι
2393 5352 2481 5420 et,
2511 5367 2544 5408 »
2568 5341 2728 5434 quia
2752 5360 2875 5431 per
2900 5362 3014 5409 me
3041 5338 3210 5407 nihil
3229 5362 3537 5430 possem,
3573 5365 3608 5407 ι
3631 5363 3879 5410 nomen

2323 5449 2609 5520 Domini
2683 5447 3029 5518 invocabo.
3094 5474 3131 5512 n
3206 5445 3397 5516 Idem
3463 5471 3674 5542 supra
3752 5472 3879 5543 pa·

2323 5579 2502 5627 rum.
2564 5554 2734 5625 Tob.
2782 5577 2931 5635 xm,
2987 5555 3068 5623 15
3119 5576 3137 5622 z
3187 5554 3455 5623 Nomen
3509 5577 3875 5649 maynum,

2326 5666 2574 5735 dicitur
2596 5663 2937 5744 Ecclesiae,
2970 5659 3385 5731 invocabunt
3424 5664 3498 5732 in
3555 5674 3645 5735 te.
3687 5664 3881 5734 Deu-

4007 3002 4116 3068 n
