5008 6329
755 305 885 374 540

846 502 879 542 α
921 478 1017 545 Et
1042 478 1214 566 filice
1251 481 1448 566 Sion,
1480 508 1509 545 n
1583 483 1832 549 animae
1881 478 2104 545 Deum
2156 495 2305 563 spe-

751 582 1082 664 culanteS,
1118 586 1227 657 hio
1267 612 1386 679 per
1414 590 1644 665 fidem,
1691 586 1780 652 ibi
1815 607 1933 675 per
1971 583 2296 675 speciem,

755 715 788 755 α
821 694 1184 774 exsultent,
1221 724 1255 760 ιο
1317 707 1505 765 extra
1569 694 1843 776 saltent,
1914 723 1946 754 «
1999 694 2070 758 in
2146 713 2302 780 reqe

747 820 896 877 suo,
943 826 978 866 n
1013 800 1308 880 Christo,
1351 802 1659 868 videntes
1715 800 1862 888 ejus
1911 798 2300 868 humanita-

748 915 885 976 tem
924 910 1322 1000 gloriosam.
1370 910 1499 977 Isa.
1568 932 1811 989 xxxm,
1851 912 1929 978 17
1968 932 1983 977 ε
2043 910 2296 997 Reqem

749 1016 818 1081 in
850 1015 1084 1083 decore
1117 1037 1241 1083 suo
1265 1014 1588 1084 videbunt
1609 1017 1798 1084 oculi
1826 1015 2009 1105 ejus,
2044 1023 2110 1081 et
2134 1022 2299 1080 tuno

745 1144 882 1188 non
929 1144 1001 1188 se
1053 1123 1496 1191 continebunt
1560 1124 1646 1192 ab
1684 1125 1998 1192 exteriori
2044 1124 2296 1211 jucun-

746 1227 979 1308 ditate,
1035 1228 1331 1299 dicentes
1396 1231 1561 1300 illud
1629 1230 1913 1321 Apocel.
1997 1251 2142 1307 xtx,
2198 1228 2290 1294 7:

748 1335 1220 1414 Gaudeamus,
1283 1347 1345 1405 et
1408 1338 1854 1414 exsultemus,
1925 1348 1989 1404 et
2055 1335 2296 1403 demus

737 1441 1050 1531 qloriam
1089 1446 1172 1511 ei.
1206 1444 1299 1512 De
1330 1453 1622 1534 utroque
1661 1443 1928 1522 dicitur,
1975 1443 2107 1510 Iso.
2153 1464 2289 1522 mu,

745 1549 870 1618 10:
909 1550 1233 1619 Gaudens
1257 1550 1572 1641 qaudebo
1606 1553 1678 1617 in
1708 1553 2033 1627 Domino,
2079 1558 2144 1616 et
2182 1571 2296 1614 ezc-

739 1656 1033 1724 sultabit
1084 1660 1320 1725 anima
1369 1648 1519 1725 mea
1594 1659 1666 1725 iu
1721 1660 1857 1725 Deo
1919 1679 2091 1725 meo.
2160 1654 2297 1722 lla-

741 1763 891 1832 bno.
927 1787 1024 1843 ιιι,
1070 1766 1192 1833 18:
1234 1769 1386 1856 qu
1418 1777 1648 1835 autem
1688 1768 1761 1833 in
1791 1768 2085 1833 Domino
2111 1786 2293 1856 qau-

743 1868 953 1938 debo:
984 1881 1049 1938 ει
1095 1871 1454 1940 exsultabo
1495 1875 1567 1939 in
1614 1874 1759 1942 Deo
1800 1874 1965 1940 Jesu
2003 1893 2179 1949 meo,
2227 1876 2294 1937 et

742 2000 900 2069 rege
935 2001 1115 2055 meo,
1159 1980 1331 2048 sicut
1368 1979 1627 2048 dictum
1657 1988 1781 2055 est,
1828 1989 1891 2048 et
1937 1978 2291 2047 sacerdote

743 2106 923 2152 meo.
958 2084 1064 2152 Ad
1095 2084 1301 2156 Hebr.
1328 2109 1448 2164 vu,
1496 2089 1523 2153 1
1556 2108 1574 2153 ε
1608 2085 2134 2164 Melchisedech,
2169 2107 2292 2153 rex

741 2191 1005 2273 Salm,
1036 2197 1353 2263 sacerdos
1379 2198 1513 2264 Dei
1536 2197 1815 2263 summi.

830 2541 864 2583 ι
901 2517 1216 2585 Laudent
1262 2540 1504 2585 nomen
1576 2517 1758 2607 ejus.
1795 2546 1827 2580 ι»
1882 2516 2011 2586 Ηίο
2057 2517 2288 2586 deter-

741 2627 955 2692 minat
1013 2626 1296 2693 modum
1343 2622 1584 2692 laudis.
1640 2623 1899 2701 Primo.
1962 2633 2038 2693 ut
2067 2624 2156 2692 sit
2214 2626 2282 2691 in

738 2731 947 2802 choro
1003 2730 1373 2810 charitati&
1442 2740 1508 2799 et
1580 2732 1963 2799 concordioe
2053 2729 2281 2823 quoad

735 2844 1150 2933 proximum.
1199 2841 1538 2919 Secundo.
1566 2843 1634 2909 in
1678 2850 2004 2934 tympano
2037 2842 2283 2911 morti-

733 2946 1066 3017 ficationis
1097 2948 1317 3016 cernis
1337 2956 1669 3038 quantum
1691 2946 1775 3015 ad
1804 2948 2134 3037 seipsum,
2157 2945 2275 3026 ibi,

736 3079 769 3119 α
817 3055 899 3122 ln
958 3063 1308 3145 tympano.
1357 3079 1390 3120 ι
1451 3055 1528 3123 ln
1586 3053 1975 3123 obedientia
2040 3053 2277 3122 decem

730 3173 1224 3253 praeceptorum
1280 3171 1611 3254 quantum
1671 3160 1757 3229 nd
1813 3160 2276 3230 obedientiam

727 3268 811 3337 nd
857 3269 1100 3347 Deum,
1144 3270 1260 3351 ibi,
1298 3294 1332 3336 ι
1372 3272 1465 3337 Ει
1494 3252 1857 3360 psalterio.
1896 3293 1930 3334 ι

816 3374 993 3444 Dicit
1057 3397 1260 3467 ergo:
1316 3374 1429 3444 Sic
1495 3398 1745 3444 moneo
1794 3375 1879 3443 ad
1931 3374 2276 3444 canticum

728 3506 983 3552 novum
1043 3486 1481 3564 cantandum,
1539 3496 1610 3555 et
1663 3485 2116 3554 determinavi
2177 3482 2278 3552 lo·

723 3613 906 3670 cum,
965 3600 1030 3660 et
1083 3594 1288 3661 etiam
1338 3614 1627 3661 moneo:
1686 3622 1717 3651 e«
1760 3592 2077 3661 Laudent
2145 3614 2276 3659 no-

723 3724 876 3769 men
904 3701 1060 3791 ejus
1105 3703 1175 3770 in
1203 3703 1429 3771 choro.
1465 3728 1499 3769 ι
1551 3701 1795 3771 mussa
1816 3726 1839 3770 .·
1918 3731 1948 3767 α
1975 3701 2053 3770 In
2102 3722 2276 3771 eon-

728 3832 762 3874 «
794 3809 1024 3878 cordia
1054 3832 1351 3893 morum,
1390 3819 1457 3878 et
1510 3811 1771 3879 unitate
1820 3808 2197 3880 eharitatis.
2236 3833 2271 3875 ι

722 3912 986 3985 Chorus
1042 3924 1144 3985 est
1186 3939 1487 3986 consona
1524 3915 1987 3986 humanarum
2017 3937 2273 3986 vocum

722 4019 987 4098 relatio.
1047 4030 1113 4089 et
1169 4025 1394 4114 signat
1464 4022 1902 4090 concordiam
1960 4043 2262 4101 morum,

720 4149 929 4218 quam
970 4125 1260 4195 multum
1294 4125 1538 4217 diligit.
1563 4126 1772 4195 Eccli.
1803 4151 1968 4207 xxv,
2008 4130 2036 4196 1
2074 4137 2141 4196 et
2181 4128 2265 4195 2:

723 4236 806 4304 In
835 4233 1056 4301 tribus
1078 4233 1417 4325 placitum
1447 4243 1545 4301 est
1579 4236 1867 4325 spiritui
1902 4259 2076 4317 meo,
2117 4257 2271 4326 quae

717 4352 878 4411 suut
909 4341 1205 4434 probata
1252 4365 1481 4411 eoram
1511 4346 1658 4411 Deo
1714 4351 1778 4410 et
1841 4344 2264 4412 hominibus.

725 4447 1102 4519 Concordia
1147 4449 1479 4537 fratrum,
1540 4457 1606 4516 et
1671 4471 1870 4517 amor
1915 4451 2273 4541 proximo-

723 4579 902 4635 rum,
944 4565 1072 4625 etc.
1102 4553 1187 4622 Et
1222 4552 1397 4622 hanc
1428 4537 1494 4623 in
1525 4555 1669 4623 suis
1698 4555 1875 4624 lacit.
1907 4555 2068 4635 Job,
2102 4579 2267 4635 xxv,

725 4664 809 4728 2:
854 4661 991 4746 Qui
1016 4661 1190 4750 lacit
1241 4662 1672 4729 concordiam
1724 4661 1796 4729 in
1848 4661 2271 4731 sublimibus

721 4767 891 4843 suis,
953 4788 1158 4856 quam
1215 4764 1525 4834 diabolus
1585 4764 1905 4837 abhorret
1959 4777 2026 4838 et
2066 4768 2264 4860 sugit.

725 4872 982 4941 Cautio.
1024 4893 1146 4949 vn.
1195 4873 1219 4937 1
1258 4893 1273 4938 ε
1315 4871 1504 4956 Quid
1527 4871 1789 4941 videbis
1827 4876 1898 4942 in
1946 4875 2271 4944 Sulami-

724 4991 811 5057 te.
888 4978 1025 5045 nisi
1086 4977 1321 5046 choros
1402 4990 1780 5048 castrorum
1842 4978 1885 5049 P
1964 4991 2270 5050 armatos

722 5084 1047 5154 charitate
1078 5094 1142 5153 et
1182 5085 1542 5154 concordie
1591 5095 1827 5154 contra
1884 5087 2263 5157 diabolum.

815 5218 849 5254 α
883 5195 960 5260 In
991 5203 1340 5283 tympano,
1388 5216 1419 5255 n
1474 5194 1697 5260 carnis
1724 5192 1978 5262 scilicet
2033 5195 2271 5262 morti-

725 5298 1062 5374 ficatione,
1104 5299 1275 5366 sicut
1307 5298 1415 5365 ille
1463 5321 1620 5367 cum
1660 5310 1990 5391 tympano
2033 5300 2268 5368 laudn-

725 5404 865 5480 bnt,
900 5404 1015 5493 qui
1065 5402 1353 5484 dicebat,
1397 5403 1419 5470 Ι
1489 5404 1575 5472 nd
1654 5404 1965 5485 Corinth,
2009 5406 2261 5487 1x‚27:

728 5511 1006 5600 Castiyo
1066 5532 1309 5601 corpus
1354 5534 1605 5598 meum,
1655 5522 1720 5581 et
1758 5514 1828 5581 in
1870 5516 2266 5582 servitutem

724 5620 988 5710 rediqo‚
1039 5618 1149 5699 Et,
1198 5618 1283 5687 nd
1329 5618 1548 5690 Galat.
1601 5644 1698 5705 vt,
1744 5623 1868 5692 17:
1908 5625 2264 5714 Stiqmata

1753 308 1831 377 D.
1885 309 2083 376 ΑΕΒ.
2139 304 2356 371 MAG.
2411 303 2614 371 om).
2669 305 2962 373 PRAED.

2416 476 2699 543 Domini
2744 479 2907 545 Jesu
2946 479 3017 544 in
3054 500 3333 568 corpore.
3359 500 3508 546 meo
3551 489 3778 569 porto.
3824 478 3972 546 Hoc

2414 589 2517 650 est
2544 583 2624 651 de
2657 605 2817 672 quo,
2861 583 3065 650 Exod.
3112 606 3228 662 xv,
3265 585 3350 651 20
3385 606 3400 653 :
3442 586 3760 675 Sum-psit
3809 587 3969 652 Ma-

2414 690 2520 756 ria
2552 688 3004 780 prophetissa,
3039 711 3234 755 soror
3258 694 3524 768 Aaron,
3555 703 3964 782 tympanum

2414 794 2484 859 in
2503 816 2717 861 manu
2742 817 2871 861 sua
2895 818 2917 861 .·
2950 817 3365 886 eqressaeque
3388 806 3555 863 sunt
3577 819 3968 864 omnesmu-

2415 900 2610 967 lieres
2634 912 2790 991 post
2818 924 2967 969 eam
2995 924 3151 969 cum
3192 905 3548 994 tympanis
3584 914 3649 970 et
3679 905 3924 973 choris.

2499 1034 2533 1069 α
2566 1010 2661 1075 Et
2690 1008 3053 1098 psalterio,
3091 1036 3123 1070 ι»
3187 1009 3424 1078 decem
3480 1011 3963 1078 mandatorum

2408 1113 2914 1203 adimpletione,
2972 1140 3005 1179 ι
3037 1115 3360 1207 psallant
3398 1118 3484 1184 ei.
3525 1146 3557 1177 »ι
3598 1118 3850 1208 Supra,
3894 1118 3962 1184 in

2406 1218 2587 1285 Psal.
2630 1241 2841 1298 xxxn,
2884 1221 2967 1288 2:
3015 1221 3095 1286 In
3123 1222 3464 1311 psalterio
3506 1221 3733 1289 decem
3761 1223 3966 1289 chor-

2406 1326 2656 1394 darum
2688 1326 2978 1418 psallite
3008 1328 3145 1395 illi.
3184 1328 3268 1398 Et
3293 1331 3360 1396 in
3393 1328 3529 1396 alio
3554 1328 3739 1397 Psal.
3768 1351 3958 1408 xxxx,

2405 1436 2485 1502 5:
2524 1435 2818 1503 Psallite
2863 1436 3187 1513 Domino,
3236 1438 3464 1504 sancti
3502 1437 3684 1525 ejus,
3717 1448 3782 1504 et
3811 1460 3964 1504 con-

2400 1541 2719 1629 fitemini,
2761 1550 2887 1610 etc.
2923 1540 3007 1608 Et
3048 1564 3346 1619 rursum,
3392 1541 3575 1609 Psal.
3621 1564 3827 1618 Lxxx,
3871 1544 3953 1610 3:

2401 1650 2669 1718 Sumite
2723 1649 3103 1739 psalmum,
3158 1659 3221 1716 et
3276 1648 3438 1717 date
3497 1658 3956 1740 tympanum:

2395 1757 2810 1848 psalterium
2826 1757 3228 1847 jucundum
3259 1779 3418 1825 cum
3456 1758 3756 1825 cithara.

2488 2112 2522 2152 α
2562 2086 2740 2170 Quia
2772 2084 3271 2177 beneplacitum
3299 2095 3425 2153 est.
3459 2111 3490 2147 ο
3533 2084 3665 2153 Hic
3699 2093 3800 2153 est
3838 2107 3950 2154 se-

2384 2301 2647 2394 justitia
2675 2299 2929 2368 scilicet
2949 2298 3180 2368 divina
3209 2299 3280 2367 in
3311 2301 3676 2392 punitione
3710 2322 3950 2391 repro-

2393 2411 2663 2489 borum,
2726 2431 2875 2500 quae
2914 2409 3029 2477 fiet
3088 2431 3212 2499 per
3266 2418 3546 2478 sanctos
3585 2420 3947 2500 tamquam

2391 2541 2513 2610 per
2559 2517 2945 2585 ministros:
3000 2514 3183 2583 unde
3239 2514 3350 2584 hic
3421 2515 3950 2584 introducuntur

2390 2627 2604 2694 sancti
2636 2624 2901 2715 judices
2929 2631 2997 2692 et
3044 2622 3363 2690 ministri.
3412 2622 3568 2690 Duo
3600 2646 3767 2714 ergo
3834 2622 3946 2689 di-

2388 2742 2655 2801 cuntur.
2718 2731 2975 2813 Primo,
3044 2739 3438 2798 sanctorum
3528 2728 3752 2820 gloria
3819 2753 3940 2822 pro

2387 2840 2751 2909 collatione
2798 2838 3154 2929 potestatis
3209 2838 3310 2906 eis
3368 2859 3408 2905 n
3453 2836 3607 2906 Deo
3657 2837 3830 2906 detae
3861 2837 3943 2905 de

2380 2946 2766 3037 judicandis
2798 2946 3050 3036 impiis.
3094 2943 3444 3024 Secunde.
3476 2969 3604 3037 pro
3655 2969 3945 3015 exsecu-

2389 3058 2599 3135 tione,
2660 3054 2778 3138 ibi,
2821 3060 2885 3131 5.
2937 3054 3028 3123 7:
3104 3082 3137 3117 e<
3169 3053 3287 3124 Ad
3324 3053 3732 3143 faciendam
3803 3055 3945 3123 vin·

2384 3164 2664 3234 dictam.
2710 3187 2744 3227 ι

2473 3270 2548 3339 In
2591 3271 2806 3363 prima
2847 3271 2999 3338 trin.
3044 3269 3308 3348 Primo,
3367 3293 3580 3363 ennea
3639 3273 3946 3343 collatio·

2381 3379 2488 3446 nis
2545 3388 2748 3447 tantae
2835 3378 3216 3468 potestati&
3285 3377 3603 3447 divinum
3691 3381 3947 3449 scilicet

2382 3482 2909 3577 beneplacitum.
2975 3483 3323 3563 Secundo.
3409 3485 3692 3556 collatio
3771 3489 3941 3579 ipsa,

2383 3594 2501 3673 ibi,
2564 3596 2727 3663 «Ee
2750 3591 3113 3663 exaltabit.
3152 3618 3185 3659 ι
3242 3593 3501 3672 Tertio,
3565 3595 3806 3666 lmtitin
3881 3605 3951 3665 et

2382 3701 2742 3775 exsultatio
2808 3721 2932 3791 pro
2988 3699 3358 3769 collatione
3395 3701 3542 3779 ille,
3595 3702 3718 3783 ibi,
3751 3712 3815 3780 5.
3857 3706 3942 3784 ὃς

2382 3835 2417 3872 e
2450 3807 2926 3877 Exsultabunt
2960 3808 3206 3876 sancti.
3245 3834 3280 3876 ι

2469 3915 2646 3983 Dicit
2675 3937 2838 4006 ergo
2868 3936 2886 3983 t
2940 3911 3054 3983 Sic
3087 3913 3407 3983 laudetur
3445 3915 3661 3999 Deus,
3708 3943 3744 3985 ε
3776 3922 3945 4010 quia

2381 4021 2876 4114 beneplacitum
2892 4030 2989 4089 est
3012 4022 3317 4091 Domino
3348 4023 3421 4090 in
3442 4026 3718 4115 populo
3740 4049 3938 4096 suo.»

2381 4131 2628 4223 Supra,
2657 4131 2725 4199 in
2757 4128 2937 4198 Psnl.
2978 4152 3199 4208 exuti,
3241 4132 3315 4199 Η
3356 4152 3374 4202 z
3408 4133 3938 4224 Beueplaeitum

2376 4249 2473 4308 est
2523 4241 2818 4310 Domino
2853 4260 3061 4329 super
3118 4239 3433 4308 timentes
3495 4264 3681 4319 eum,
3736 4255 3803 4312 et
3866 4246 3937 4312 in

2375 4347 2494 4426 eis,
2552 4353 2678 4415 ete.
2760 4342 3065 4436 Sapient.
3116 4368 3215 4429 tv,
3279 4346 3406 4416 10:
3450 4347 3754 4418 Placeus
3788 4351 3935 4420 Deo

2371 4456 2603 4543 faetus
2637 4461 2733 4522 est
2759 4452 3074 4532 dilectus,
3096 4461 3162 4521 et
3209 4453 3442 4522 vivens
3480 4455 3663 4523 inter
3688 4479 3938 4548 pecea-

2373 4569 2550 4627 tores
2585 4559 2966 4627 translatus
3016 4567 3136 4627 est.
3174 4558 3274 4627 Ex
3313 4558 3449 4629 hoc
3506 4562 3696 4631 enim
3748 4565 3933 4657 quod

2372 4665 2607 4759 placeo
2648 4666 2816 4749 Dee,
2856 4666 3119 4735 confert
3142 4664 3351 4744 bona,
3384 4690 3529 4737 non
3571 4692 3730 4740 meo
3779 4695 3931 4740 me·

2374 4774 2527 4842 rito.
2580 4772 2740 4842 Luc.
2794 4794 2914 4853 xn,
2956 4772 3041 4840 32
3098 4794 3115 4840 ε
3166 4774 3406 4843 Nolite
3461 4777 3729 4855 timere.
3802 4801 3933 4872 pu-

2369 4879 2577 4946 sillus
2626 4900 2825 4968 qreoe,
2874 4879 3042 4968 quia
3088 4879 3519 4971 complacuit
3565 4884 3777 4951 Patri
3830 4907 3936 4952 ve·

2368 4994 2510 5052 stro
2540 4984 2705 5053 dare
2741 4983 2928 5053 vobis
2969 5007 3286 5075 myrtum,
3336 4988 3405 5056 id
3463 4998 3594 5070 est,
3637 4999 3933 5080 potesta·

2369 5099 2507 5159 tem
2585 5099 2653 5158 et
2726 5090 3062 5180 judicium
3129 5115 3338 5183 super
3423 5096 3699 5187 impios.
3796 5095 3931 5165 Sa·

2371 5199 2578 5288 pient.
2639 5198 2856 5275 m,8:
2905 5196 3362 5278 Iudicabunt,
3429 5200 3669 5272 Sancti
3736 5204 3930 5273 scili-

2369 5312 2498 5386 eet,
2556 5304 2885 5383 nationes,
2943 5312 3008 5370 et
3082 5302 3642 5375 dominabuntur
3704 5333 3931 5404 popu·

2372 5405 2482 5474 lis.

2463 5644 2496 5679 «
2535 5615 2632 5683 Ει
2674 5611 3012 5683 exaltabit
3066 5629 3488 5692 mansuetos.
3535 5651 3572 5689 ι
3632 5625 3765 5703 Hic
3807 5655 3923 5701 ιο.

4111 2104 4175 2171 4

2395 2194 2717 2274 cundum,
2797 2191 3051 2261 scilicet
3099 2195 3271 2260 ratio
3320 2200 3388 2260 et
3444 2214 3653 2261 causa
3700 2192 3944 2272 laudis,
3977 2201 4303 2315 „staff-⁰:¹¹2&
