5008 6329
677 301 807 370 354

671 472 1100 563 perfectiores
1158 472 1227 537 in
1314 468 1639 537 charitate
1720 470 2055 538 dilatatos.
2127 470 2216 536 Hi

673 582 878 648 etiam
908 586 1065 646 suut
1093 585 1335 644 turres.
1365 574 1618 644 Cantic.
1655 601 1774 657 vn,
1809 579 1848 643 4
1882 601 1897 644 ε
1938 577 2213 646 Collum

672 698 872 755 tuum
919 687 1095 751 sicut
1152 686 1360 751 turris
1424 685 1737 753 eburnea.
1802 685 1928 751 lsa.
1982 707 2052 761 ν,
2116 685 2205 750 2:

670 795 1035 863 plantavit
1059 795 1351 878 vineam,
1383 805 1446 861 el
1464 795 1833 882 aedificavit
1871 795 2117 860 turrim
2140 794 2210 859 in

671 901 894 969 medio
924 901 1101 992 ejus.
1137 901 1219 969 Et
1240 889 1414 969 hanc
1445 901 1928 968 abundantiam
1954 902 2022 967 in
2040 900 2209 967 alios

667 1010 993 1077 merendo
1040 1008 1543 1090 transfundunt,
1612 1030 1651 1076 a
1718 1008 1963 1099 quibus
2028 1009 2209 1076 bona

667 1116 1069 1207 temporalia
1123 1123 1543 1205 receperunt,
1605 1115 1777 1183 sicut
1824 1114 1984 1183 dicit
2022 1115 2214 1184 Glos-

671 1245 770 1290 sa.

770 1570 803 1612 (
845 1548 1139 1637 Propter
1161 1549 1415 1636 fratres
1443 1568 1645 1613 meos.
1680 1573 1709 1608 ιι
1752 1546 1813 1612 11
1823 1548 1882 1613 ic
1908 1548 2206 1628 tertium,

675 1652 931 1721 scilicet
959 1653 1127 1720 ratio
1150 1654 1245 1719 sic
1273 1652 1535 1735 orandi,
1567 1652 1675 1719 vel
1702 1653 1794 1718 ita
1832 1651 2213 1741 praedican-

672 1761 737 1828 di
777 1759 958 1827 bona
997 1759 1177 1828 illius
1215 1782 1522 1849 supernae
1558 1760 1977 1828 Jerusalem:
2013 1769 2080 1828 et
2108 1761 2210 1828 di-

668 1875 914 1936 cuntur
951 1866 1107 1935 duo.
1143 1867 1401 1946 Primo,
1436 1877 1711 1958 propter
1742 1868 1926 1959 quid,
1962 1877 2028 1939 et
2057 1892 2208 1961 quae

665 1976 867 2043 fuerit
888 1976 1057 2044 ratio
1078 1976 1373 2065 petendi,
1410 1976 1516 2044 vel
1542 1977 1946 2067 praedicandi
1972 2001 2207 2070 pacem

668 2085 839 2171 ejus».
894 2082 1235 2169 Secunde,
1304 2085 1603 2174 petendi,
1647 2084 1756 2152 vel
1803 2086 2211 2175 praedicandi

667 2189 1181 2269 abundantiam,
1236 2188 1354 2273 ibi,
1412 2197 1475 2268 y.
1530 2194 1623 2260 9:
1690 2192 2215 2283 «Propter'do-

663 2316 854 2361 mum
893 2296 1203 2364 Domini.
1240 2320 1274 2359 ιι

753 2400 931 2469 Dicit
960 2423 1123 2493 ergo
1170 2424 1185 2469 τ
1230 2401 1343 2469 Sic
1399 2404 1662 2494 rogavi,
1695 2403 1815 2471 sed
1852 2406 2214 2495 praedicavi

656 2530 896 2599 pacem
930 2531 1238 2600 supernae
1268 2508 1673 2594 Jerusalem,
1715 2519 1806 2594 et,
1850 2534 1891 2579 o
1920 2521 1991 2580 tu
2017 2513 2219 2582 Jeru-

659 2614 899 2694 salem,
944 2642 979 2679 α
1009 2615 1361 2706 loquebar,
1391 2641 1423 2680 ιι
1476 2616 1582 2685 vel
1614 2618 1897 2696 orando,
1933 2619 2044 2688 vel
2064 2618 2218 2694 aliis

664 2722 1123 2814 praedicando,
1198 2747 1497 2814 «pacem
1553 2749 1586 2789 ιι
1634 2726 1993 2815 praedicavi
2053 2751 2087 2791 α
2127 2727 2210 2793 de

655 2837 725 2895 te
754 2851 777 2894 .·
822 2853 857 2890 ιο
892 2837 956 2896 et
993 2826 1151 2907 hoc,
1219 2856 1251 2891 σι
1284 2838 1566 2920 propter
1611 2834 1867 2919 fratres
1919 2854 2122 2910 meos,
2169 2856 2203 2895 ιι

658 2934 828 3002 ιιιίΙιί
861 2936 1192 3027 sanguine
1232 2945 1297 3004 et
1334 2937 1740 3026 cognatione
1779 2940 2201 3028 conjunctoS,

661 3065 695 3105 e
720 3051 787 3107 et
807 3043 1189 3134 proximos,
1215 3068 1249 3107 ιι
1273 3042 1508 3110 aflines
1532 3043 1779 3111 scilicet
1807 3045 1872 3111 in
1901 3045 2199 3121 civitate,

653 3147 808 3229 Vel,
849 3151 1103 3240 fratres
1131 3149 1292 3218 dicit
1336 3150 1734 3239 conjunctos
1777 3151 1933 3234 lide,
1954 3153 2201 3244 prox-i-

654 3278 826 3335 mos,
898 3257 1297 3345 conjunctos
1361 3256 1711 3339 charitate,
1765 3268 1840 3328 ut
1885 3260 1972 3328 ad
2018 3259 2200 3328 illam

654 3386 895 3454 pacem
928 3364 1081 3432 illos
1131 3366 1435 3433 oratione
1485 3365 1920 3447 attraherem,
1963 3368 2205 3459 praedi-

653 3472 919 3540 catione
971 3469 1334 3548 afficerem,
1396 3472 1577 3562 quod
1636 3473 1929 3541 multum
1982 3473 2201 3565 placet

652 3577 822 3647 Deo.
856 3577 987 3646 lsa.
1024 3601 1134 3657 ut,
1178 3581 1217 3647 7
1253 3602 1270 3647 z
1310 3581 1535 3666 Quam
1583 3580 1864 3675 pulchri
1906 3593 2069 3651 sunt
2087 3605 2202 3651 su-

645 3711 774 3782 per
808 3698 1067 3756 montes
1086 3688 1293 3780 pedes
1319 3693 1802 3760 annuntiantis
1848 3704 1913 3761 et
1939 3692 2198 3786 praedi·

650 3797 871 3864 cantis
917 3819 1156 3888 pacem
1185 3801 1217 3864 Ι
1268 3796 1398 3865 hoc
1445 3799 1627 3866 enim
1676 3801 1961 3891 ipsemet
2014 3798 2191 3868 fecit.

651 3903 758 3971 Ad
782 3901 1033 3995 Ephes.
1064 3926 1136 3985 u,
1174 3906 1251 3972 17
1299 3926 1319 3971 t
1373 3906 1647 3975 Veniens
1702 3909 2197 4000 evanqelizavit

1666 298 1744 364 ι).
1799 298 1995 367 ALB.
2052 299 2265 400 MAG.
2320 299 2526 366 om).
2580 299 2874 366 PRAED.

2320 491 2559 559 pacem
2587 468 2798 553 vobis,
2832 469 2955 558 qui
3002 468 3228 558 lovzqe,
3263 476 3387 536 etc.
3443 469 3532 536 Et
3580 471 3875 538 maxime

2322 578 2594 667 quando
2626 578 2699 646 fit
2729 587 3002 669 propter
3031 576 3270 645 fratres
3313 598 3328 645 ε
3366 585 3529 645 tunc
3560 580 3742 645 enim
3787 601 3870 645 ex

2318 684 2644 754 charitate
2704 687 2800 766 fit,
2862 708 3015 776 quae
3083 708 3222 753 non
3272 686 3515 776 quaerit
3561 708 3712 776 quae
3752 709 3873 753 sua

2318 799 2498 871 sunt,
2542 791 2658 857 sed
2689 814 2837 881 quae
2865 792 3183 871 aliorum,
3210 789 3343 859 lad
3376 790 3688 858 Corinth.
3724 814 3868 874 xm,

2319 900 2359 965 5
2389 920 2403 964 ε
2440 898 2838 966 Charitas...
2880 922 3016 965 non
3054 900 3298 989 quaerit
3326 920 3479 989 quae
3504 921 3636 965 sua
3664 908 3871 966 sunt:

2321 1027 2526 1095 quam
2565 1004 2714 1072 vult
2770 1027 2893 1072 nos
2941 1004 3193 1073 habere
3231 1027 3374 1096 prae
3423 1005 3769 1084 omnibuS,
3806 1014 3873 1073 et

2318 1136 2523 1205 super
2555 1116 2808 1182 omnia.
2852 1113 2959 1181 Ad
3002 1113 3265 1181 Colos8.
3339 1136 3436 1193 ιιι,
3475 1114 3558 1180 14
3594 1137 3610 1181 ε
3649 1114 3874 1204 Super

2320 1224 2551 1288 omnia
2580 1222 2980 1288 charitatem
3008 1220 3274 1304 habete,
3305 1244 3459 1311 quaa·
3497 1231 3598 1288 est
3633 1224 3875 1288 vincu-

2324 1328 2469 1394 lum
2493 1330 2954 1418 perfectionis.

2412 1674 2446 1714 ι
2478 1652 2771 1740 Propter
2798 1650 3079 1718 domum
3134 1652 3439 1719 Domini.
3502 1679 3536 1713 n
3594 1652 3722 1720 llic
3768 1677 3869 1721 se-

2321 1757 2643 1825 cundum.
2678 1756 2886 1836 Quasi
2915 1759 3168 1827 diceret
3199 1780 3217 1824 ε
3258 1757 3372 1827 Sic
3400 1768 3681 1850 propter
3699 1760 3868 1829 alios

2322 1867 2599 1957 quaesivi
2620 1889 2879 1957 pacem,
2922 1876 2990 1935 et
3020 1868 3251 1947 etiam,
3285 1890 3327 1937 o
3359 1877 3433 1936 tu
3457 1867 3865 1949 Jerusalem,

2326 1996 2360 2036 α
2419 1973 2700 2062 quaesivi
2755 1998 2792 2035 ιι
2861 1972 3149 2054 orando,
3218 1974 3676 2064 proedicando,
3730 1997 3871 2043 non

2327 2089 2599 2169 propter
2629 2103 2761 2159 me,
2795 2080 2916 2148 sed
2948 2105 2982 2147 α
3008 2090 3293 2172 propter
3311 2082 3596 2151 domum
3627 2084 3874 2151 Domi-

2322 2186 2399 2252 ni
2452 2188 2584 2254 Dei
2631 2191 2870 2272 nostri,
2918 2214 2952 2254 ι
3011 2187 3415 2257 charitativa
3483 2190 3868 2280 inquisitio,

2330 2319 2364 2359 α
2401 2294 2575 2363 bona
2639 2297 2790 2380 tibi,
2835 2322 2869 2364 ι
2939 2298 3007 2364 id
3064 2306 3190 2377 est,
3253 2298 3436 2367 bona
3485 2321 3640 2390 quae
3695 2301 3870 2366 inte

2327 2414 2486 2471 sunt
2520 2426 2535 2469 ε
2580 2403 2988 2473 illuminatio
3020 2404 3402 2474 intellectus
3432 2415 3499 2474 et
3526 2404 3869 2497 splendor,

2330 2511 2624 2592 Baruch,
2664 2537 2734 2596 v,
2769 2515 2808 2582 3
2841 2536 2858 2583 :
2896 2516 3080 2583 Deus
3110 2514 3412 2583 ostendet
3437 2514 3869 2605 splendorem

2324 2642 2529 2686 snum
2559 2621 2628 2687 in
2660 2631 2744 2687 tc.
2772 2621 3159 2689 Consolatio
3189 2620 3495 2702 affectuS,
3522 2621 3653 2689 lsa.
3690 2646 3871 2706 axvn,

2335 2727 2413 2793 13
2453 2735 2518 2793 et
2553 2728 2631 2793 14
2675 2750 2690 2793 :
2730 2729 2810 2795 ln
2862 2727 3249 2796 Jerusalem
3290 2728 3820 2798 consolabimini
3850 2754 3873 2798 .·

2317 2835 2654 2914 videbitis,
2687 2846 2752 2905 et
2784 2836 3118 2927 qaudebit
3147 2860 3265 2906 cor
3300 2848 3625 2907 vestrum.
3661 2839 3875 2907 Bene·

2318 2943 2524 3011 dictio
2570 2947 2945 3037 utriusque,
3006 2944 3391 3014 intellectus
3443 2954 3512 3014 et.
3565 2945 3870 3030 affectus,

2317 3051 2487 3119 Tob.
2523 3075 2668 3133 xm,
2716 3056 2796 3122 16
2836 3063 2903 3122 et
2944 3057 3023 3123 17
3059 3077 3076 3121 t
3113 3054 3466 3124 Benedicti
3502 3064 3705 3123 erant
3747 3056 3874 3146 qui

2310 3161 2801 3251 «aedificaverint
2837 3175 2924 3232 te.
2969 3166 3064 3233 Tu
3122 3174 3356 3233 autem
3415 3163 3757 3233 laetaberis
3795 3167 3867 3232 in

2309 3268 2485 3358 filiis
2516 3271 2678 3351 tuis,
2710 3273 3040 3361 quoniam
3077 3294 3310 3340 omnes
3358 3270 3859 3351 benedicentur,

2311 3386 2377 3444 et
2403 3377 3001 3469 conqreqabuntur
3054 3379 3153 3446 ad
3195 3380 3601 3464 Dominum,
3636 3380 3858 3470 ipsum

2310 3480 2634 3551 bonitatis
2663 3484 2947 3568 fontem,
2996 3484 3220 3553 Deum
3279 3484 3560 3555 scilicet.
3617 3486 3856 3565 Amos,

2309 3613 2377 3666 v,
2418 3591 2496 3656 14
2528 3613 2546 3659 ε
2584 3593 2881 3678 Quaerite
2899 3591 3179 3674 bonam,
3202 3600 3268 3660 et
3292 3616 3430 3661 non
3454 3595 3749 3673 malum,
3783 3604 3862 3662 ut

2305 3699 2576 3767 vivatis.
2620 3699 2702 3767 Et
2741 3702 3019 3791 quaerite
3071 3723 3206 3783 me,
3250 3709 3318 3769 et.
3351 3702 3737 3779 invenietis,
3773 3702 3858 3771 ad

2306 3827 2512 3897 quem
2549 3830 2677 3877 nos
2707 3807 3052 3899 perducat,
3096 3816 3224 3877 etc.

1841 4462 2303 4539 PSALMUS
2352 4463 2658 4538 CXXII.

1328 4818 1552 4888 Actus
1591 4818 1880 4911 fiduciae
1909 4818 1983 4889 in
2012 4820 2233 4890 Deum
2273 4830 2587 4914 tempore
2623 4821 3156 4896 tribulationis.

822 5181 1208 5255 Canticum
1237 5181 1620 5274 graduum.

698 5314 755 5362 1.
807 5290 922 5359 Ad
979 5306 1046 5360 te
1122 5286 1345 5359 levavi
1416 5288 1666 5359 oculos
1736 5311 1963 5377 meos,
2040 5291 2165 5385 qui

913 5395 1192 5467 habitas
1224 5395 1295 5465 in
1326 5394 1553 5466 coelis.

693 5526 758 5574 2.
799 5502 981 5572 Ecce
1034 5501 1217 5571 sicut
1246 5500 1435 5572 oculi
1488 5523 1862 5574 servorum
1914 5504 1983 5575 in
2026 5528 2189 5577 ma-

915 5608 1128 5679 nibus
1168 5608 1632 5679 dominorum
1674 5632 1971 5682 suorum
2012 5640 2027 5682 ε

2483 5186 2687 5260 Sicut
2751 5188 2939 5260 oculi
3024 5192 3304 5265 aneillae
3369 5197 3443 5269 in
3510 5200 3850 5272 manibus

2572 5295 2888 5367 dominae
2943 5321 3094 5369 suae
3162 5325 3181 5373 ε
3246 5303 3344 5374 ita
3388 5307 3577 5377 oculi
3624 5310 3849 5382 nostri

2572 5401 2663 5470 ad
2726 5401 3119 5476 Dominum
3177 5406 3413 5482 Deum
3487 5410 3846 5501 nostrum,

2573 5509 2801 5581 donec
2831 5509 3258 5586 misereatur
3285 5520 3541 5592 nostri.

2347 5617 2412 5686 3.
2461 5616 2807 5689 Miserere
2837 5618 3093 5708 nostri,
3131 5621 3467 5711 Domine,
3503 5627 3849 5704 miserere
