5008 6329
1029 636 1212 683 'udaia

1006 692 1181 736 vinicus

973 745 1168 792 collata.

2090 376 2796 445 COMMENTARIUS
2847 375 2938 442 ΙΝ
2988 372 3422 441 PSALMUM
3475 371 3647 438 clv.
4392 368 4469 435 61

911 585 1011 687 33
1053 550 1229 629 ma.
1258 555 1383 630 est,
1420 546 1787 636 specificat.
1832 547 1919 616 Et
1963 550 2338 618 secundum
2378 573 2493 618 sex
2552 547 2811 616 benefi-

956 693 987 738 a

1258 657 1362 721 cia
1423 654 1517 722 illi
1561 656 1749 745 genti
1809 656 2114 726 exhibita
2151 660 2236 726 ad
2277 658 2599 733 litteram,
2653 662 2810 721 sunt

1256 785 1374 827 sex
1409 773 1656 851 partes.
1696 763 2006 832 Primum
2039 775 2139 833 est
2165 775 2358 834 terrae
2400 747 2807 829 Chananaeo·

1256 892 1404 935 rum
1437 871 1831 959 promissio,
1872 871 2261 941 Secundum
2296 880 2396 938 est
2426 878 2658 936 contra
2687 869 2812 935 ini·

1250 978 1468 1045 micos
1497 978 1725 1048 fratris
1754 983 2117 1071 protectio,
2152 978 2273 1055 ibi,
2297 986 2359 1053 ὴ.
2401 979 2524 1045 12;
2563 1006 2595 1040 «
2634 979 2809 1045 Cum

1248 1095 1465 1152 essent
1515 1110 1829 1156 numero.
1871 1116 1904 1151 »v
1971 1087 2304 1164 Tertium,
2364 1086 2667 1175 ipsorum
2741 1087 2809 1152 in

1250 1200 1428 1259 terra
1477 1193 1767 1287 AEgypti
1818 1192 2328 1284 multiplicatiO,
2377 1192 2496 1270 ibi,
2549 1199 2611 1269 ᾗ.
2674 1193 2802 1260 24:

1254 1300 1417 1366 «Et
1473 1303 1681 1369 auxit
1720 1299 2094 1391 populum.
2137 1322 2169 1362 s
2226 1296 2562 1378 Quartum
2614 1306 2717 1365 est
2770 1320 2809 1364 a

1251 1409 1583 1477 servitute
1619 1407 2034 1498 AEgyptiaca
2057 1406 2395 1486 liberati0,
2430 1407 2549 1487 ibi,
2581 1413 2643 1482 ᾗ.
2681 1408 2805 1472 26:

1253 1544 1288 1578 α
1356 1517 1555 1582 Misit
1621 1517 1933 1605 Moysen.
1978 1538 2010 1578 s
2094 1513 2452 1595 Quintum,
2508 1515 2807 1603 ipsorum

1250 1621 1660 1690 sustentatio
1693 1621 1763 1687 in
1805 1620 2108 1705 deserte,
2144 1620 2264 1700 ibi,
2296 1628 2358 1698 y.
2394 1622 2479 1687 39
2517 1644 2531 1687 :
2577 1648 2607 1679 u
2656 1622 2807 1686 Ea·-

1246 1729 1504 1819 pandit
1549 1727 1829 1796 nubem.
1899 1754 1932 1793 s
1998 1727 2312 1808 Sextum,
2373 1729 2677 1817 ipsorum
2738 1727 2805 1793 in

1251 1843 1503 1903 terrum
1532 1837 1950 1926 promissam
1982 1835 2420 1912 introductio,
2443 1833 2560 1914 ibi,
2584 1842 2649 1909 ᾗ.
2672 1835 2755 1900 42
2786 1856 2802 1900 :

1255 1972 1288 2006 α
1327 1944 1677 2028 Quoniam
1706 1965 1992 2011 memor.
2032 1971 2066 2005 ι»

1341 2050 1420 2118 ln
1459 2051 1682 2141 prima
1714 2059 2040 2142 quatuor.
2085 2050 2343 2133 Primo,
2377 2048 2623 2119 dicitur
2657 2050 2809 2141 quis

1246 2158 1589 2249 promisit.
1632 2156 1999 2237 Secundo,
2036 2157 2312 2248 quando
2353 2166 2418 2226 et
2458 2157 2804 2248 quomodo

1250 2266 1592 2355 promisit,
1628 2264 1752 2350 ibi,
1794 2272 1860 2342 ἀ.
1887 2265 1970 2333 8:
2018 2290 2053 2329 α
2085 2267 2351 2333 Memor
2382 2266 2553 2356 luit.
2589 2290 2621 2330 ιι
2655 2266 2807 2333 Ter·

1250 2374 1374 2457 tio,
1436 2371 1689 2464 quibus
1747 2371 2089 2463 promisit,
2152 2373 2272 2458 ibi,
2304 2380 2367 2449 ἵ.
2411 2374 2499 2442 9ε
2537 2397 2572 2439 ι
2609 2374 2811 2459 Quod

1248 2480 1619 2573 disposuit.
1659 2505 1694 2546 a
1756 2478 2048 2562 Quarto,
2116 2481 2306 2573 quid,
2366 2480 2487 2565 ibi,
2558 2489 2619 2557 5.
2673 2483 2744 2549 ¹1
2788 2504 2804 2550 :

1249 2617 1286 2653 α
1336 2590 1589 2657 Dicens
1618 2612 1642 2656 .-
1673 2588 1825 2657 Tibi
1852 2588 2056 2658 dabo.
2097 2618 2131 2652 κ

1342 2696 1418 2765 ln
1458 2698 1684 2787 prima
1730 2697 1895 2767 due.
1958 2696 2379 2766 Describitur
2420 2699 2604 2766 enim
2648 2721 2812 2789 pro-

1250 2804 1532 2872 mittens
1599 2825 1640 2871 a
1703 2804 2016 2872 dominio
2084 2802 2364 2895 duplici.
2416 2802 2492 2872 ln
2547 2804 2808 2871 Judaeis

1256 2910 1482 3000 primo
1512 2932 1529 2977 :
1574 2918 1642 2977 et
1673 2910 1744 2978 in
1775 2909 2115 2979 Gentibus
2142 2910 2468 2979 secundo.

1340 3019 1458 3086 Ait
1489 3038 1694 3109 ergo:
1732 3015 1849 3087 Sic
1888 3017 2185 3101 laudate,
2210 3028 2279 3086 et
2309 3017 2633 3087 beneficia
2664 3019 2808 3105 ejus

1251 3124 1558 3211 recolite,
1602 3125 1763 3217 quia
1802 3127 1947 3217 ipse
2024 3152 2058 3191 σι
2092 3126 2436 3194 Dominus
2462 3128 2649 3195 Deus
2684 3148 2813 3194 no·

1250 3243 1416 3313 ster,
1449 3258 1481 3298 ιι
1518 3254 1661 3301 non
1690 3239 1960 3301 tantum
1989 3232 2174 3325 apud
2211 3217 2337 3302 nos
2364 3241 2608 3323 potest,
2644 3234 2807 3314 imo,

1254 3368 1293 3406 α
1333 3342 1409 3409 in
1467 3341 1795 3409 universa
1831 3348 2019 3409 terra
2045 3338 2330 3429 judicia
2365 3337 2522 3429 ejus
2553 3365 2588 3402 υ
2656 3362 2815 3406 cur-

1254 3456 1439 3516 runt.
1485 3445 1618 3516 lsa.
1653 3470 1787 3523 nv,
1821 3448 1864 3515 5
1897 3465 1916 3516 :
1961 3448 2149 3516 Deus
2182 3448 2405 3514 omnis
2446 3457 2640 3515 terrae
2695 3469 2811 3514 vo·

1252 3557 1551 3627 cabitur.
1590 3556 1733 3626 Sed
1770 3566 2038 3642 contra,
2079 3557 2151 3625 in
2182 3556 2362 3628 Psal.
2396 3579 2639 3634 cxcvii,
2674 3560 2760 3624 20
2789 3580 2807 3625 :

1253 3666 1412 3735 Non
1436 3665 1606 3755 lecit
1635 3662 1880 3733 taliter
1921 3664 2117 3732 omni
2150 3664 2448 3744 nationi,
2479 3674 2545 3733 et
2594 3665 2811 3755 judi-

1251 3771 1361 3838 cia
1398 3792 1530 3838 sua
1557 3793 1698 3838 non
1728 3770 2205 3860 manifestavit
2228 3771 2346 3836 eis.
2377 3769 2800 3861 Respondeo.

1256 3877 1518 3947 Verum
1577 3886 1682 3947 est
1745 3878 1971 3969 primo
2017 3887 2084 3945 et
2149 3876 2634 3969 principaliter,
2694 3878 2813 3946 sed

1255 3984 1583 4053 omnibus
1629 3983 2096 4053 manifestavit
2122 3983 2548 4062 secundarie,
2581 3993 2658 4052 ut
2702 3986 2818 4052 tie-

1255 4101 1359 4162 ret
1392 4115 1477 4162 ex
1517 4090 1856 4161 Gentibus
1889 4099 1959 4162 et
1982 4089 2237 4160 Judaeis
2268 4112 2481 4160 unum
2512 4091 2718 4171 ovile,
2749 4100 2817 4162 et

1255 4223 1438 4271 unus
1476 4209 1715 4292 pastor
1741 4202 1814 4270 in
1843 4198 2145 4271 Christo.

1349 4558 1384 4600 ι
1417 4533 1689 4601 Memor
1709 4531 1882 4622 luit.
1929 4555 1966 4598 ι
1999 4529 2127 4600 Hic
2163 4527 2564 4610 secundum,
2602 4550 2817 4621 quan-

1255 4640 1345 4710 do
1375 4648 1444 4710 et
1482 4638 1840 4733 quomodo
1868 4639 1992 4733 qui
2030 4647 2264 4710 tantus
2300 4647 2430 4721 est,
2473 4639 2816 4731 promise-

1254 4749 1395 4817 rit:
1440 4748 1512 4815 in
1560 4768 1702 4839 quo
1732 4746 2056 4817 dicuntur
2083 4747 2245 4816 duo.
2292 4745 2550 4824 Primo.
2595 4745 2815 4814 innuit

1249 4878 1413 4926 eum
1470 4853 1560 4921 ab
1608 4855 1900 4945 antiquo
1953 4852 2377 4947 promisisse.
2463 4852 2808 4935 Secundo,

1247 4960 1782 5053 promissionem
1848 4959 2265 5053 divulgasse,
2315 4958 2434 5040 ibi,
2514 4984 2550 5026 ι
2623 4958 2814 5027 Verbi

1251 5068 1447 5161 quod
1472 5066 1867 5136 mandavit.
1904 5093 1941 5131 n

1340 5175 1524 5244 Dicit
1547 5194 1754 5267 ergo:
1790 5172 1944 5265 lpse
1972 5171 2158 5241 Deus
2187 5182 2441 5253 noster,
2482 5179 2554 5240 et
2582 5171 2815 5241 Domi·

1254 5305 1414 5368 nus,
1467 5283 1540 5350 in
1603 5282 1930 5350 universa
2011 5287 2194 5349 terra
2262 5305 2298 5347 ι
2337 5301 2601 5349 memor
2666 5280 2813 5370 luit

1248 5387 1651 5458 testamenti
1690 5388 1833 5468 sui,
1880 5414 1917 5450 υ
1957 5385 2438 5479 promissionis
2465 5407 2634 5461 suae.
2678 5411 2714 5448 α
2741 5385 2812 5452 in

1249 5494 1613 5574 seculum,
1663 5521 1697 5559 ι
1764 5494 1835 5564 id
1900 5501 2032 5581 est,
2070 5515 2114 5562 a
2166 5492 2445 5572 saeculo,
2506 5513 2547 5560 a
2601 5490 2810 5584 longo

1330 5735 1346 5770 ¹
1380 5730 1465 5789 Cl'.
1501 5731 1723 5801 Genes,
1752 5746 1855 5799 ιιι,
1886 5746 1977 5799 xv,
2006 5745 2125 5788 xm
2152 5734 2214 5788 et
2239 5746 2378 5788 uu.

2920 555 3225 635 tempore
3254 547 3473 614 factae.
3511 544 3672 611 Luc.
3709 565 3756 619 1,
3792 543 3876 607 72
3909 549 3976 608 et
4005 540 4091 606 73
4123 562 4137 606 :
4185 541 4282 606 Et
4327 559 4475 603 me-

2919 657 3183 722 morari
3221 654 3604 722 testamenti
3631 652 3744 719 sui
3776 650 4046 717 sancti:
4075 647 4473 736 jusjuran-

2919 763 3087 829 dum
3119 763 3600 854 quodjuraeit
3648 761 3744 830 ad
3795 759 4147 828 Abraham
4194 766 4469 846 patrem

2918 883 3252 940 nostrum.
3289 870 3506 937 Exod.
3542 893 3753 946 xxxu,
3805 871 3909 946 13,
3955 866 4221 934 dicebat
4270 864 4470 953 Moy-

2917 1003 3058 1047 ses:
3113 979 3489 1046 Recordare
3525 977 3906 1059 Abralaeam,
3966 975 4187 1053 Isaac,
4247 982 4310 1040 et
4363 972 4473 1039 Is-

2917 1085 3088 1162 rael,
3121 1107 3468 1151 servorum
3515 1092 3819 1161 tuorum,
3853 1079 4154 1149 fidelium
4188 1077 4467 1160 scilicet,

2915 1189 3166 1280 quibus
3183 1188 3455 1277 jurasti
3470 1212 3594 1280 per
3633 1188 4088 1278 temetipsum,
4131 1191 4258 1252 etc.

3008 1326 3040 1360 α
3102 1296 3293 1364 Verbi
3349 1297 3540 1388 quod
3588 1296 4011 1364 mandavit»
4070 1291 4368 1360 nuntiari
4400 1297 4467 1356 et

2915 1405 3270 1496 publicari,
3332 1417 3398 1474 et
3440 1430 3473 1471 α
3507 1407 3578 1472 in
3637 1403 3835 1470 mille
3887 1402 4381 1492 yenerationeS,
4425 1421 4460 1461 s

2913 1514 2983 1581 id
3015 1523 3140 1591 est,
3196 1515 3264 1581 in
3313 1535 3577 1581 omneS.
3641 1511 3940 1578 Finitum
3983 1509 4278 1577 sumitur
4339 1528 4463 1597 pro

2914 1621 3209 1700 infinite,
3237 1621 3412 1689 sicut
3440 1618 3585 1687 vult
3634 1617 3898 1687 Glossa.
3965 1616 4150 1684 Psal.
4226 1638 4335 1692 cx,
4372 1616 4459 1682 9:

2911 1727 3279 1795 Mandavit
3371 1728 3441 1793 in
3526 1735 3856 1794 «eternum
3985 1728 4466 1789 testamentum

2909 1860 3143 1905 suum.
3187 1837 3359 1905 Etsi
3413 1835 3835 1929 intelligatur
3891 1833 3972 1902 de
4011 1833 4466 1923 promissione

2910 1942 3208 2023 litterali,
3247 1951 3411 2010 tuuc
3438 1939 3879 2032 intelligenda
3900 1947 4000 2007 est
4047 1937 4379 2016 conditio,
4411 1934 4470 2002 si

2917 2049 3254 2119 mandatis
3293 2051 3464 2119 meis
3511 2047 3916 2118 obedierint.
3964 2046 4038 2114 Si
4079 2054 4309 2114 autem
4358 2045 4471 2111 in-

2914 2157 3262 2250 telligatur
3334 2156 3798 2249 spiritualiter,
3871 2155 3952 2223 de
4027 2154 4467 2222 Testamento

2915 2264 3112 2334 Novo
3144 2275 3211 2334 et
3240 2265 3808 2357 promissionibus
3837 2262 4031 2331 factis
4061 2263 4128 2329 in
4162 2259 4307 2338 illo,
4341 2261 4468 2327 sic·

2912 2380 2986 2439 ut
3024 2371 3174 2440 vult
3204 2372 3469 2451 Glossa,
3501 2379 3664 2439 tunc
3700 2368 3981 2461 planum
4012 2374 4138 2438 est.
4172 2366 4250 2433 ln
4281 2364 4464 2432 Psal.

2913 2501 3165 2556 cxxxn,
3202 2480 3291 2545 3:
3362 2477 3545 2558 Illic,
3608 2477 3677 2543 in
3721 2475 4156 2542 'l'estamento
4209 2468 4470 2538 scilicet

2915 2588 3142 2672 Novo,
3209 2587 3567 2656 mandavit
3641 2584 3985 2655 Dominus
4049 2579 4466 2651 benedictio-

2914 2720 3092 2772 nem,
3135 2702 3201 2762 et
3227 2696 3438 2761 eitam
3481 2715 3693 2784 usque
3723 2694 3792 2759 in
3819 2689 4179 2757 saeculum.

3008 3046 3042 3079 «ι
3080 3016 3284 3103 Quod
3308 3016 3670 3107 disposuit.
3714 3042 3751 3078 ιο
3796 3014 3920 3083 llic
3959 3014 4263 3093 tertium,
4305 3011 4460 3103 qui·

2917 3127 3044 3196 bus
3074 3126 3428 3218 promisit:
3499 3135 3567 3194 et
3621 3124 3995 3194 secundum
4046 3132 4185 3194 tres
4211 3121 4464 3215 quibus

2917 3232 3090 3300 facta
3153 3240 3255 3300 est
3305 3232 3415 3299 illu
3485 3232 3876 3323 promissi0,
3956 3229 4066 3298 hie
4150 3229 4471 3297 dicuntur

2917 3344 3067 3411 tria.
3160 3341 3493 3422 Primum,
3569 3340 3953 3410 Abraham.
4044 3338 4467 3416 Secundum,

2919 3451 3133 3532 isaac,
3176 3452 3295 3535 ibi,
3358 3482 3390 3514 οι
3427 3455 3522 3521 ΕΙ
3554 3452 3975 3543 jurmuenti.
4026 3476 4058 3516 s
4135 3450 4469 3526 Tertium,

2913 3559 3156 3643 Jacob,
3200 3559 3316 3638 ibi,
3359 3567 3424 3636 5.
3473 3562 3596 3627 10:
3645 3587 3675 3623 α
3712 3562 3809 3628 Et
3832 3561 4088 3627 statuit
4114 3555 4330 3625 illud.
4377 3578 4412 3619 a

3009 3668 3185 3738 Dicit
3212 3690 3419 3759 ergo:
3459 3669 3574 3738 Sic
3604 3669 3729 3737 tuit
3758 3691 4026 3737 memor
4050 3663 4470 3742 testamenti,

2917 3777 3391 3868 promissionis
3429 3778 3709 3855 scilicet,
3746 3804 3783 3840 α
3806 3776 4049 3868 quod·
4094 3784 4478 3845 testamen-

2919 3894 3064 3952 tum
3114 3914 3146 3946 ιι
3173 3883 3515 3975 disposuit
3544 3884 3642 3951 ad
3676 3883 4030 3953 Abraham
4062 3907 4108 3951 ¹.
4140 3911 4175 3951 a

3010 4023 3042 4057 ιι
3112 3994 3207 4062 ΕΙ
3257 3992 3654 4085 juramenti
3721 3997 3856 4071 sui,
3919 4020 3954 4060 a
4017 4004 4271 4087 repete,
4349 3998 4480 4069 tuit

2918 4122 3211 4179 memor,
3238 4125 3272 4166 s
3307 4100 3498 4192 quod
3522 4101 3864 4192 disposuit
3890 4101 3991 4170 ad
4017 4103 4240 4172 Isaac.
4276 4130 4309 4167 s
4335 4105 4477 4175 Ge-

2919 4231 3064 4277 nes.
3109 4230 3298 4286 xxvi,
3362 4209 3445 4277 3:
3513 4207 3662 4278 Tibi
3718 4219 3782 4277 et
3826 4211 4078 4278 semini
4131 4221 4253 4280 tuo
4293 4211 4476 4283 dabo

2918 4315 3271 4382 universas
3297 4319 3607 4406 reqiones
3659 4314 3815 4398 lias,
3856 4315 4208 4408 complens
4248 4318 4478 4408 jura-

2920 4436 3249 4493 meutum.
3296 4425 3410 4495 Sic
3448 4426 3536 4494 ad
3564 4425 3861 4495 litterani
3894 4426 3979 4494 de
4017 4430 4477 4517 promissione

2916 4533 3218 4612 litterali,
3281 4534 3400 4602 sed
3464 4534 3549 4602 de
3594 4534 3930 4627 spirituali
3962 4535 4189 4605 adbuc
4242 4540 4476 4608 verius

2916 4639 3071 4726 tuit,
3103 4663 3255 4733 quoe
3284 4641 3409 4710 tuit
3438 4664 3595 4711 cum
3630 4643 3968 4733 promissa
4004 4651 4106 4711 est
4128 4642 4264 4711 illis
4294 4653 4477 4714 terra

2915 4751 3319 4820 viventium.
3357 4782 3392 4816 ιι
3422 4751 3657 4821 Tantae
3688 4751 3871 4820 enim
3903 4750 4320 4824 excellentie
4349 4753 4479 4824 l'uit

2930 4886 2962 4925 ιι
2998 4857 3132 4929 boc
3187 4858 3614 4938 beneficium,
3674 4868 3749 4928 ut
3792 4859 3957 4929 dicit
4012 4861 4472 4954 Augustinus,

2921 4994 2955 5035 s
2986 4969 3171 5061 quod
3227 4969 3541 5036 admirati
3590 4975 3751 5038 sunt
3797 4991 4005 5060 super
4031 4968 4165 5040 hoc
4191 4971 4473 5062 Angeli,

2917 5075 3463 5144 «desiderabant
3525 5077 3819 5168 antiqui,
3879 5075 4479 5147 confundebantur

2924 5213 2957 5246 ι
2989 5184 3363 5265 daemones,
3404 5193 3469 5253 et
3500 5185 3877 5254 adorabant
3926 5183 4272 5255 homines.
4310 5214 4347 5252 n
4392 5187 4478 5258 Et

2914 5293 3318 5359 confirmata
3388 5289 3516 5360 tuit
3592 5291 3961 5383 promissio
4041 5292 4472 5383 juramento,

2914 5391 3269 5459 communi
3299 5387 3789 5483 chirographo,
3821 5400 3889 5461 et
3916 5393 4205 5484 pignore
4251 5401 4468 5463 certo.

2913 5497 3016 5568 De
3071 5499 3468 5589 juramento
3547 5497 3831 5591 planum
3920 5508 4048 5582 est,
4117 5501 4240 5570 sed
4324 5503 4471 5593 ipse
