5008 6329
644 347 768 414 188

642 513 822 582 Psal.
929 542 1107 600 cx1v‚
1183 522 1211 585 1
1287 542 1302 585 :
1381 546 1412 580 «
1493 519 1763 599 Dilexi,
1862 526 2187 612 quoniam

642 625 965 693 exaudiet
1054 627 1398 692 Dominus
1520 649 1746 694 vocem
1855 632 2185 697 orationis

643 752 828 799 meae.
880 761 912 794 »

731 840 809 907 ln
846 840 1067 930 prima
1089 840 1247 907 duo,
1277 840 1509 911 Primo
1542 848 1725 912 enim
1757 847 1896 935 agit
1924 844 2004 910 de
2046 844 2187 910 lau-

642 947 725 1014 de
753 945 878 1012 Dei
907 969 1030 1037 pro
1062 951 1512 1020 conversione
1571 951 1893 1020 Gentium
1943 951 2013 1016 in
2051 948 2182 1016 hoc

640 1052 915 1121 Psalmo
973 1055 1129 1122 cxii.
1168 1054 1513 1142 Secundo,
1556 1057 1640 1124 de
1669 1057 1869 1124 laude
1911 1056 2031 1123 Dei
2059 1078 2181 1145 pro

637 1163 1082 1232 conversione
1108 1164 1150 1231 J
1154 1164 1507 1234 udaeorum
1538 1167 1607 1231 in
1638 1165 1970 1255 sequenti,
1997 1163 2182 1232 scili-

637 1276 743 1335 cet
790 1292 971 1338 cxm.

723 1377 985 1447 Titulus
1005 1387 1233 1448 autem
1266 1378 1520 1447 Psalmi
1561 1387 1660 1448 est
1686 1405 1719 1446 α
1751 1380 2065 1449 Alleluia
2087 1406 2108 1448 .·
2143 1409 2175 1444 »

636 1488 799 1577 quia
834 1488 977 1579 agit
1021 1488 1103 1556 de
1142 1487 1342 1556 laude
1383 1489 1617 1557 divina
1682 1513 1806 1579 pro
1861 1488 2178 1558 Gentium

634 1596 1106 1665 conversione.

721 1808 1065 1879 Dividitur
1102 1818 1331 1880 autem
1375 1811 1690 1880 l‘salmus
1720 1813 1791 1879 in
1821 1811 1988 1879 duas
2028 1834 2180 1902 par-

633 1930 757 1990 tes.
794 1921 1054 2002 Prim0,
1098 1924 1324 2014 agitur
1380 1924 1464 1991 de
1512 1922 1746 1990 divina
1781 1922 2002 1991 laude.
2049 1921 2180 1991 Se-

633 2030 856 2100 cundo
886 2054 1071 2113 vem,
1115 2031 1197 2100 de
1250 2032 1471 2100 laudis
1506 2054 1738 2113 causa,
1780 2039 1847 2100 et
1892 2033 2175 2111 ratione,

633 2135 754 2221 ibi,
791 2143 857 2213 ᾗ.
894 2137 978 2205 4:
1013 2165 1051 2203 α
1080 2137 1420 2206 Excelsus
1444 2159 1653 2229 super
1690 2160 1918 2205 omnes
1951 2146 2178 2228 qentes

630 2245 997 2312 Dominus,
1033 2270 1068 2309 a

723 2350 801 2421 In
829 2354 1053 2444 prima
1081 2352 1401 2423 dicuntur
1453 2354 1607 2423 tria.
1640 2352 1902 2434 Primo,
1937 2353 2177 2420 invitat

631 2460 718 2529 ad
744 2460 871 2530 Dei
900 2458 1200 2529 laudem.
1248 2458 1593 2541 Secundo,
1626 2459 1713 2529 ad
1768 2458 1984 2529 laudis
2020 2483 2180 2551 per-

627 2569 1054 2659 petuitatem,
1118 2569 1236 2648 ibi,
1318 2576 1384 2646 ᾗ.
1429 2570 1523 2638 23
1596 2593 1631 2635 ι
1664 2569 1776 2639 Sit
1819 2591 2084 2636 nomen.
2136 2594 2172 2633 a

626 2677 879 2758 Tertio,
966 2677 1052 2747 ad
1152 2675 1375 2746 laudis
1449 2675 1989 2768 generalitatem,
2052 2675 2171 2756 ibi,

623 2790 689 2860 ᾗ.
735 2785 810 2853 33
848 2809 883 2851 ι
923 2786 983 2853 Α
1021 2782 1189 2851 solis
1218 2791 1401 2851 ortu.
1442 2808 1475 2848 a

723 2893 801 2960 ln
830 2893 1053 2984 prima
1089 2892 1331 2959 invitat
1360 2890 1444 2959 ad
1477 2888 1747 2958 laudem
1783 2890 1929 2978 ejus
1968 2890 2035 2957 in
2072 2911 2164 2957 se.

627 3000 970 3081 Secundo,
1013 3001 1083 3068 in
1122 3022 1247 3068 suo
1279 3001 1589 3080 nomine,
1625 2999 1745 3084 ibi,
1790 3024 1824 3063 ι
1861 2997 2174 3067 Laudate

621 3131 868 3181 nomen
906 3109 1217 3181 Domini.
1253 3134 1289 3174 n

715 3425 896 3496 Dicit
924 3448 1131 3518 ergo:
1170 3426 1287 3496 Sic
1333 3428 1573 3496 monui
1613 3424 1699 3494 ad
1737 3425 2006 3495 laudem
2043 3425 2165 3494 Dei

278 3559 441 3609 erim.
482 3576 599 3623 μη
625 3556 750 3626 pro
778 3534 1127 3604 beneficiis
1157 3535 1225 3602 in
1255 3534 1475 3625 capite
1504 3533 1774 3603 Christo
1804 3532 2163 3603 exhibitis:

345 3617 542 3667 holm!-

620 3654 688 3715 et
716 3668 828 3716 me
865 3646 1072 3715 etiam
1103 3644 1391 3737 promisi
1430 3642 1890 3725 laudaturum,
1921 3653 1988 3713 et
2013 3665 2162 3723 vos,

615 3776 658 3825 o
691 3779 726 3821 ι
760 3754 990 3847 pueri,
1034 3776 1070 3819 ι
1109 3774 1251 3822 non
1283 3759 1509 3831 aetate,
1542 3750 1664 3820 sed
1708 3749 2162 3842 simplicitate,

609 3869 679 3932 et
715 3860 939 3932 cordis
957 3862 1277 3953 puritate,
1311 3884 1346 3926 ι
1383 3858 1670 3928 laudate
1697 3859 2095 3928 Dominum.
2127 3884 2160 3925 ι

607 3967 877 4039 Talium
932 3968 1122 4038 enim
1175 3966 1328 4036 laus
1370 3965 1682 4059 speciosa
1735 3974 1861 4048 est,
1905 3989 2040 4035 non
2094 3969 2162 4036 in

607 4078 924 4150 sordibus
1045 4085 1485 4171 peccatorum
1580 4075 2157 4169 voluptuantium.

608 4189 818 4261 Eccli.
863 4212 985 4274 xv,
1034 4190 1113 4259 9:
1172 4191 1330 4261 Non
1389 4197 1490 4258 est
1549 4189 1853 4282 speciosa
1894 4189 2049 4256 laus
2090 4189 2160 4256 in

605 4320 723 4367 ονε
749 4298 1155 4390 peccatoris,
1187 4295 1308 4366 sed
1353 4297 1574 4389 pueri.
1644 4294 1829 4364 Psal.
1880 4317 2028 4381 vm,
2061 4296 2103 4363 3
2136 4316 2153 4362 :

604 4403 725 4470 Ex
759 4424 876 4470 ore
900 4402 1284 4491 infantium
1314 4407 1382 4468 et
1409 4399 1840 4483 lactentium,
1880 4400 1994 4490 qui
2041 4421 2161 4468 ca-

608 4515 759 4578 rent
831 4505 1116 4588 malitia,
1194 4527 1323 4575 nec
1388 4504 1619 4574 fantur
1685 4503 2152 4583 detractionis,

605 4613 1042 4696 adulationis,
1084 4623 1152 4685 et
1179 4610 1630 4707 blasphemiae
1667 4610 1906 4696 verba,
1938 4619 2003 4680 et
2032 4634 2156 4680 su-

602 4732 778 4818 gunt
802 4722 911 4792 lac
945 4721 1298 4802 doctrinm,
1349 4720 1706 4814 perfecisti
1742 4719 2045 4799 laudem,
2077 4728 2152 4789 ut

603 4833 741 4902 sint
776 4830 1134 4900 laudantes
1166 4829 1390 4922 pueri,
1431 4829 1732 4921 puritate
1762 4830 1925 4908 oris,
1956 4829 2150 4920 puri·

599 4948 741 5012 tate
794 4939 1044 5022 cordis,
1102 4945 1171 5009 et
1220 4938 1518 5032 puritate
1566 4939 1819 5031 operis.
1877 4936 2144 5009 Daniel.

599 5073 701 5137 m,
732 5051 810 5118 51
850 5069 869 5119 3
908 5049 1091 5117 Tunc
1114 5045 1194 5116 lii
1220 5056 1380 5129 tres,
1411 5045 1670 5115 scilicet
1697 5046 1918 5138 pueri,
1950 5046 2152 5139 quasi

604 5183 692 5229 ea·
764 5179 901 5226 uno
955 5178 1072 5224 ονε
1150 5152 1566 5235 laudabant,
1635 5163 1701 5223 et
1786 5153 2148 5246 glorifica-

601 5265 794 5351 bant,
822 5272 888 5333 et
939 5258 1419 5332 benedicebant
1464 5262 1690 5330 Deum
1721 5261 1794 5330 in
1837 5263 2140 5351 fornace,

595 5371 916 5455 dicantes,
972 5379 1101 5441 etc.
1160 5370 1641 5463 Augustinus:
1723 5395 1761 5434 α
1795 5366 1901 5437 Sit
1954 5390 2145 5438 sene·

601 5502 639 5547 a
670 5486 819 5550 ctus
845 5483 1074 5548 vestra
1107 5476 1416 5570 puerilis,
1447 5484 1516 5546 et
1532 5474 1824 5568 pueritia
1882 5473 2140 5554 senilis,

593 5615 634 5681 pt
675 5586 746 5659 id
784 5594 910 5670 est,
941 5592 1019 5655 ut
1056 5606 1183 5658 nec
1209 5584 1546 5677 sapientia
1581 5593 1811 5655 vestra
1837 5606 1993 5654 cum
2023 5605 2148 5651 su-

601 5727 637 5765 «
674 5694 937 5791 perbis,
987 5713 1116 5765 nec
1156 5689 1512 5762 humilitas
1568 5695 1718 5764 sine
1784 5691 2140 5783 sapientia,

1639 352 1725 418 D.
1777 353 1973 420 ALB.
2025 353 2241 421 MAG.
2294 354 2497 422 ORD.
2551 352 2849 420 PRAED.

2296 548 2328 583 α
2364 528 2438 586 ut
2493 518 2783 587 laudetis
2830 520 3205 586 Dominum
3246 523 3314 587 in
3349 521 3676 589 saeculum
3721 545 3843 590 ste-

2295 652 2327 692 «
2364 627 2523 693 culi.
2562 651 2595 692 n

2380 864 2414 904 «
2453 839 2767 907 Laudate
2809 863 3053 908 nomen
3082 843 3390 908 Domini.
3432 869 3464 904 »
3527 842 3701 910 Ecce
3742 865 3843 910 sc-

2287 944 2607 1013 cundum.
2653 945 2858 1025 Quasi
2890 948 3183 1015 diceret:
3224 946 3337 1015 Sic
3367 947 3638 1016 laudate
3693 950 3844 1017 Do-

2285 1056 2574 1134 minum,
2648 1079 2772 1124 nec
2827 1055 3052 1124 solum
3136 1058 3361 1148 ipsum
3437 1059 3508 1125 in
3562 1080 3659 1139 se,
3722 1058 3843 1126 sed

2288 1189 2322 1224 «
2361 1161 2642 1229 laudate
2682 1185 2927 1230 nomen
2955 1165 3266 1244 Domini,
3305 1193 3339 1229 υ
3400 1166 3471 1233 id
3516 1174 3642 1244 est,
3698 1164 3837 1233 Do·

2285 1270 2549 1336 minum
2589 1272 2658 1337 in
2697 1293 2822 1340 suo
2866 1272 3171 1351 nomine,
3208 1272 3393 1362 quod
3430 1280 3534 1341 est
3578 1295 3835 1341 nomen

2284 1399 2557 1466 purum,
2583 1386 2649 1445 et
2674 1378 2922 1468 pietate
2952 1378 3364 1447 redundans.
3384 1379 3646 1449 Cantic.
3673 1403 3717 1459 1,
3753 1382 3831 1447 2:

2289 1482 2533 1551 Oleum
2572 1485 2861 1574 effusum
2894 1508 3139 1554 nomen
3167 1496 3391 1556 tuum.
3428 1487 3700 1555 Nomen
3733 1510 3838 1554 sa—

2280 1591 2498 1673 lubre,
2529 1592 2681 1661 Act.
2727 1615 2818 1672 iv,
2858 1596 2939 1660 12
2974 1616 2990 1660 3
3033 1596 3171 1663 Nec
3198 1594 3407 1662 aliud
3457 1619 3705 1664 nomen
3736 1605 3835 1664 est

2279 1701 2404 1769 sub
2423 1701 2589 1770 coelo
2629 1702 2871 1770 datum
2898 1703 3318 1787 hominibus,
3365 1706 3600 1796 inquo
3637 1728 3837 1796 opor-

2282 1818 2420 1878 teat
2454 1833 2576 1877 nos
2628 1811 2856 1878 salvos
2897 1811 3077 1900 fieri.
3135 1812 3406 1881 Nomen
3454 1814 3827 1894 excelsum,

2280 1918 2386 1985 Ad
2432 1917 2680 2009 Philip.
2733 1940 2808 1998 ιι,
2858 1920 2942 1988 93
3009 1922 3315 1988 Donavit
3380 1921 3498 1989 illi
3554 1944 3829 2008 nomen,

2279 2027 2469 2118 quod
2499 2038 2598 2096 est
2621 2050 2827 2119 super
2843 2050 3040 2097 omne
3075 2052 3344 2098 nomen.
3379 2030 3672 2122 Propter
3700 2029 3833 2100 hoc

2282 2135 2548 2217 dicitur,
2598 2135 2803 2205 Eccli.
2850 2158 2939 2216 ιι,
2992 2139 3124 2206 153
3185 2139 3524 2207 Laudabo
3581 2162 3829 2207 nomen

2280 2253 2476 2311 tuum
2520 2243 2814 2312 assidue.
2864 2243 3044 2327 Joel,
3097 2270 3171 2326 ιι,
3225 2247 3356 2315 263
3407 2247 3827 2315 Laudabitis

2275 2372 2521 2418 nomen
2572 2352 2862 2419 Domini
2895 2352 3029 2420 Dei
3065 2354 3294 2434 vestri,
3331 2357 3462 2445 qui
3495 2357 3665 2445 lecit
3692 2357 3832 2423 mi-

2278 2453 2536 2524 rabilia
2565 2455 2932 2525 vobiscum.

2367 2810 2401 2849 «
2433 2785 2545 2854 Sit
2571 2808 2810 2853 nomen
2850 2784 3157 2853 Domini.
3197 2808 3230 2849 ι
3275 2784 3403 2852 llic
3442 2785 3687 2852 invitat
3738 2785 3823 2853 ad

2276 2891 2493 2960 laudis
2551 2893 3094 2983 perpetuitatem.
3128 2890 3344 2972 Quasi
3375 2892 3669 2961 diceret:
3708 2891 3823 2961 Sic

2274 2997 2542 3068 laudate
2583 3021 2876 3068 nomen:
2934 3006 3002 3067 et
3052 3023 3087 3065 ι
3117 3021 3364 3068 nomen
3401 3001 3693 3067 Domini
3731 3001 3824 3066 sit

2274 3105 2719 3194 benedictum,
2753 3131 2789 3171 n
2858 3128 2898 3175 a
2934 3103 3134 3175 nobis
3205 3127 3343 3176 non
3375 3106 3461 3176 ad
3501 3115 3817 3199 tempus:

2270 3214 2412 3295 sed,
2440 3242 2474 3281 α
2494 3239 2579 3284 ea·
2604 3215 2731 3284 Ιιοε
2755 3238 2940 3284 nunc
2979 3225 3044 3284 et
3074 3238 3288 3308 usque
3317 3217 3389 3284 in
3408 3215 3815 3285 seculum.»

2267 3325 2364 3390 Et
2404 3324 2759 3415 superfluit
2816 3346 3007 3392 more
3072 3323 3438 3404 Hebraico,
3503 3323 3638 3393 hoc
3688 3333 3814 3403 est,

2269 3455 2484 3524 usque
2526 3434 2593 3500 in
2623 3441 2979 3513 aeternum,
3011 3432 3122 3503 vel
3153 3434 3460 3525 usquein
3489 3432 3818 3502 saeculum

2270 3540 2603 3610 futurum.
2662 3538 2872 3620 Quasi
2938 3540 3216 3620 diceret,
3277 3541 3462 3633 quod
3527 3564 3668 3610 non
3717 3550 3820 3610 est

2268 3649 2670 3718 cessandum
2690 3649 2777 3717 ab
2806 3650 2951 3741 ejus
2969 3647 3196 3718 laude.
3214 3649 3315 3719 De
3337 3651 3493 3732 isto,
3517 3650 3688 3719 Tob.
3716 3674 3815 3734 m,

2270 3759 2354 3825 23
2384 3758 2535 3827 :Sit
2579 3780 2822 3825 nomen
2851 3766 3077 3839 tuum,
3106 3760 3299 3827 Deus
3332 3757 3578 3838 Israel,
3615 3758 3819 3826 bene-

2268 3865 2526 3933 dictum
2558 3865 2627 3932 in
2652 3865 2930 3934 saecula.
2973 3864 3292 3949 Eccli.1.1,
3334 3869 3419 3933 8:
3462 3865 3818 3934 Laudabit

2270 3995 2481 4065 usque
2508 3972 2606 4039 ad
2632 3983 2918 4042 mortem
2948 3974 3186 4041 anima
3216 3997 3370 4041 mea
3395 3975 3807 4043 Dominum.

2268 4080 2350 4150 Et
2378 4089 2558 4151 certe
2585 4081 2642 4151 si
2681 4082 2779 4151 sic
2815 4089 2940 4169 est,
2970 4089 3126 4173 post
3156 4090 3453 4152 mortem
3490 4105 3633 4151 non
3662 4106 3817 4153 ces-

2265 4189 2467 4272 sabit,
2518 4190 2645 4259 etsi
2673 4212 2812 4260 non
2851 4189 3190 4260 audiatur.
3223 4189 3406 4259 Psal.
3441 4214 3684 4273 xxxin,
3726 4194 3807 4261 2:

2264 4296 2672 4365 Benedicam
2718 4297 3096 4366 Dominum
3135 4297 3208 4366 in
3245 4298 3437 4366 omni
3480 4308 3808 4391 tempore,

2262 4404 2402 4473 imo
2425 4403 2604 4473 ultra
2623 4403 2856 4473 omnia
2880 4410 3217 4496 tempora.
3242 4401 3512 4474 Daniel.
3552 4427 3650 4484 m,
3674 4407 3762 4475 52
3788 4428 3806 4475 3

2261 4511 2702 4581 Benedictum
2730 4534 2974 4583 nomen
3007 4511 3255 4603 qloriae
3292 4523 3429 4581 tua·
3457 4524 3806 4595 sanctum,

2257 4629 2323 4687 et
2368 4618 2754 4702 laudabile,
2794 4630 2859 4689 et
2891 4620 3492 4713 supereraltatum
3535 4622 3609 4691 in
3648 4644 3809 4690 om-

2254 4725 2458 4797 nibus
2481 4728 2775 4800 secutis.

2341 5068 2375 5107 α
2418 5045 2474 5112 Α
2522 5042 2694 5112 solis
2745 5053 2928 5112 ortu.
2965 5070 2999 5106 n
3043 5043 3173 5113 llic
3227 5046 3528 5114 tertium.
3583 5045 3796 5126 Quasi

2249 5147 2537 5217 diceret:
2573 5146 2690 5218 Sic
2727 5148 2965 5217 monui
2996 5156 3074 5217 ut
3128 5148 3468 5232 laudetur,
3510 5158 3578 5220 et
3623 5174 3800 5222 sem-

2245 5278 2393 5348 per,
2454 5281 2489 5323 «
2524 5279 2568 5323 a
2594 5255 2764 5325 solis
2818 5265 2975 5325 ortu
3013 5257 3101 5326 sit
3146 5256 3510 5327 laudabile
3543 5283 3795 5332 nomen

2241 5365 2555 5447 Domini,
2597 5389 2633 5432 a
2668 5364 2736 5434 id
2789 5373 2915 5448 est,
2967 5365 3310 5448 laudetur,
3352 5377 3421 5440 et
3450 5367 3795 5443 laudabile

2243 5482 2615 5566 reputetur,
2656 5473 2840 5567 quod
2900 5476 2969 5543 in
3000 5496 3073 5543 se
3119 5497 3393 5568 semper
3429 5488 3533 5550 est
3558 5481 3794 5553 lauda-

2238 5581 2401 5663 bile,
2472 5606 2511 5651 «
2547 5605 2758 5676 usque
2802 5582 2901 5651 ad
2931 5605 3272 5654 oceasum.
3299 5609 3335 5652 a
3386 5586 3683 5661 Malach.
3736 5615 3787 5677 1,

2245 5692 2317 5760 ll
2361 5714 2379 5761 3
2418 5694 2476 5762 Α
2515 5693 2681 5763 solis
2716 5701 2874 5761 ortu
2909 5713 3124 5785 usque
3151 5693 3251 5761 ad
3293 5718 3609 5769 occasum
3641 5723 3791 5770 ma-
