5008 6329
662 298 744 363 92
1658 297 1736 364 D.
1791 295 1988 362 ALB.
2043 292 2256 359 MAG.
2312 292 2518 360 ORD.
2575 292 2867 358 PRAED.

663 491 695 528 α
730 466 945 551 citari,
989 478 1063 535 ut
1110 468 1273 536 tales
1322 489 1625 535 essemus
1666 478 2003 536 atnatores
2046 468 2198 532 vitae

661 603 692 637 α
727 578 1184 664 permanentis
1214 576 1447 665 quales
1477 588 1632 645 sunt
1663 586 2001 644 amatores
2043 576 2196 641 vita·

667 712 696 744 «
737 683 1089 773 fugientis!
1148 710 1181 744 »
1237 683 1734 753 permittuntur
1790 686 1993 751 ctiam
2052 705 2196 749 suc·

658 790 845 858 cendi
882 799 945 856 et
977 788 1279 856 comburi
1314 793 1470 883 igne
1501 793 1907 882 cupiditatis,
1953 800 2023 856 ut
2065 791 2199 856 sint

658 920 1017 964 munerum
1061 910 1469 990 acceptoreS,
1514 909 1578 968 et
1615 908 2195 970 sacramentorum

655 1005 1061 1074 venditores.
1099 1008 1198 1076 De
1255 1032 1390 1099 quo
1434 1011 1610 1100 igne,
1659 1009 1982 1078 Proverb.
2031 1032 2189 1084 xxx,

660 1114 738 1179 16
783 1136 798 1179 ε
842 1115 1033 1206 anis
1079 1140 1457 1206 numquam
1499 1120 1685 1197 dicit,
1722 1120 1974 1188 scilicet
2028 1117 2194 1183 dan-

654 1225 702 1289 ti
738 1248 752 1290 :
787 1226 1096 1314 Sufficit.
1156 1227 1314 1304 Job,
1382 1251 1497 1307 xv,
1561 1230 1668 1307 34,
1742 1228 2045 1296 minatur
2098 1227 2195 1293 eis

654 1332 878 1422 ignem
911 1331 1358 1422 gehennalem
1405 1359 1418 1403 :
1464 1338 1656 1426 anis
1686 1333 2036 1404 devorabit
2084 1343 2196 1401 ta-

659 1438 1021 1506 bernacula
1105 1464 1336 1509 eorum
1394 1443 1517 1531 qui
1572 1466 1857 1511 munera
1910 1439 2196 1507 libenter

658 1549 1025 1637 accipiunt.

746 1884 778 1922 α
811 1860 908 1927 Et
942 1860 1248 1947 lecerunt
1287 1861 1608 1928 vitulum.
1647 1889 1678 1922 »
1716 1862 1842 1928 llic
1889 1861 2187 1939 tertium,

655 1969 720 2033 in
755 1989 889 2056 quo
933 1975 1111 2034 tacto
1162 1977 1434 2056 peccato
1496 1968 2022 2060 ingratitudiniS,
2058 1991 2192 2056 quo

648 2082 1091 2164 peccaverunt
1127 2074 1192 2139 in
1224 2075 1515 2153 deserto,
1540 2084 1606 2143 et
1651 2084 1924 2167 peccato
1977 2071 2195 2139 libidi-

647 2204 829 2249 nosae
857 2179 1251 2259 voluntatis,
1287 2182 1472 2249 addit
1511 2183 1590 2251 de
1634 2192 1908 2274 peccato
1957 2180 2192 2247 infide-

644 2289 874 2371 litatis,
927 2292 1433 2379 comparatione
1465 2292 1551 2359 ad
1597 2293 1897 2360 divinam
1947 2297 2192 2380 poten-

646 2400 832 2466 tiam.
889 2397 1228 2473 Secundo,
1284 2399 1366 2466 ad
1439 2399 1556 2468 Dei
1606 2403 1992 2478 veritatem,
2069 2397 2186 2476 ibi,

641 2514 704 2582 5.
767 2507 852 2572 24
915 2530 930 2574 :
995 2532 1028 2570 α
1091 2509 1184 2574 Et
1232 2531 1362 2598 pro
1419 2508 1640 2575 nihilo
1693 2508 2103 2576 habuerunt.
2152 2534 2184 2567 »

639 2613 890 2693 Tertio,
926 2613 1009 2682 ad
1041 2614 1343 2683 divinam
1374 2615 1776 2699 bonitatem,
1803 2614 1919 2697 ibi,
1947 2621 2007 2689 ς.
2048 2614 2131 2679 28
2167 2633 2184 2679 t

644 2751 676 2784 κ
709 2723 804 2789 Et
836 2722 1097 2789 initiali
1122 2733 1305 2789 siml.
1345 2750 1379 2784 n

728 2829 809 2897 Et
836 2829 1152 2898 dicuntur
1197 2832 1335 2899 duo
1395 2833 1462 2899 in
1504 2833 1718 2922 prime
1757 2839 1972 2923 parte.
2047 2828 2188 2895 Pri-

639 2961 777 3015 mo,
830 2938 1102 3006 illorum
1151 2938 1370 3029 culpa.
1420 2938 1760 3018 Secundo,
1815 2936 2037 3027 Moysi
2078 2937 2187 3003 in-

639 3047 952 3115 tercessio
995 3069 1115 3137 pro
1146 3069 1345 3138 poenn
1379 3046 1775 3138 mitiganda,
1830 3042 1938 3112 vel
1979 3046 2184 3111 etiam

638 3155 1064 3235 dimittenda,
1127 3155 1245 3239 ibi,
1294 3162 1359 3232 ὰ.
1413 3155 1500 3224 23
1559 3179 1575 3224 :
1647 3185 1681 3219 α
1746 3156 1840 3223 Ee
1881 3152 2063 3220 dixi!
2112 3160 2187 3218 tet

636 3264 1072 3355 disperderet.
1102 3292 1136 3327 ιι

725 3372 801 3440 ln
830 3374 1047 3464 prima
1085 3372 1247 3441 duo.
1297 3374 1555 3456 Primo,
1604 3375 1910 3465 tangitur
1955 3392 2184 3461 pecen-

631 3491 777 3551 tum
809 3484 1336 3552 commissionis.
1382 3481 1725 3562 Secundo,
1759 3480 2177 3557 omissionis,

634 3589 751 3676 ibi,
783 3601 847 3669 j,
873 3594 951 3660 21
1004 3617 1019 3661 :
1067 3618 1101 3659 s
1139 3591 1362 3662 Oblita·
1392 3603 1579 3663 sunt.
1618 3619 1650 3658 ι

722 3699 800 3768 In
848 3703 1068 3792 prima
1104 3701 1423 3770 dicuntur
1465 3703 1621 3771 trie.
1676 3701 1939 3777 Primo,
1991 3720 2178 3765 com-

633 3810 880 3900 positio
935 3808 1125 3879 idoli.
1180 3808 1525 3886 Secundo,
1574 3808 1936 3900 compositi
1990 3814 2181 3874 exte·

635 3919 775 3985 rior
811 3918 1182 3998 veneratio,
1218 3916 1335 3994 ibi,
1383 3946 1417 3980 ιι
1452 3918 1547 3985 ΕΙ
1598 3918 2086 3985 adoraverunt.
2142 3939 2174 3974 υ

626 4022 880 4103 Tertio,
957 4027 1237 4094 interior
1308 4024 1625 4117 gloriatio
1699 4028 1768 4093 in
1850 4023 1993 4101 illo,
2055 4019 2172 4098 ibi,

630 4140 695 4209 γ.
732 4135 818 4201 20
855 4157 872 4202 :
907 4135 1000 4203 Et
1038 4141 1503 4202 titulaverunt.
1557 4161 1592 4197 n

719 4239 894 4308 Dicit
950 4263 1114 4331 crgo
1167 4262 1183 4307 ε
1230 4238 1344 4307 Sic
1394 4248 1842 4331 peccaverunt
1899 4244 2176 4329 peccato

634 4345 1164 4436 ingratitudinis,
1203 4354 1270 4414 et
1324 4355 1603 4438 peccato
1643 4345 2026 4413 libidinosae
2060 4365 2179 4409 vo·

627 4452 908 4524 luntatis
941 4477 958 4523 τ
994 4478 1029 4521 ι
1061 4463 1149 4537 et,
1177 4480 1212 4516 ιι
1244 4456 1450 4523 etiam
1482 4478 1517 4521 ι
1547 4455 1856 4545 lecerunt
1876 4452 2176 4519 vitulum

632 4565 703 4632 iu
757 4561 984 4632 Horeb
1050 4591 1084 4626 ιι
1146 4563 1541 4632 existentes.
1614 4561 1750 4630 Sed
1817 4560 1900 4629 ad
1960 4558 2180 4650 quid?

628 4669 979 4764 Numquid
1006 4678 1082 4739 ut
1111 4679 1463 4763 tamquam
1494 4669 1712 4739 Deum
1761 4667 2178 4737 adorarent?

631 4775 872 4846 Subdit
910 4802 926 4846 :
964 4801 998 4843 α
1045 4778 1140 4845 Ee
1193 4775 1660 4845 adoraverim!
1718 4772 2072 4866 sculptile.
2135 4800 2168 4836 n

629 4885 846 4954 Exod.
881 4907 1092 4967 xxxii,
1151 4887 1192 4954 8
1246 4909 1262 4955 :
1312 4888 1646 4955 Fecerunt
1697 4886 1835 4955 sibi
1875 4885 2175 4952 vitulum

628 4994 1080 5083 conflatilem,
1139 5003 1204 5061 e!
1259 4991 1746 5072 adoraverunt,
1784 5003 1996 5084 atque
2042 4992 2177 5059 im-

629 5102 963 5171 molantes
1024 5103 1088 5169 ei
1141 5099 1399 5168 hostias
1437 5101 1760 5170 ‹Iis-erunt
1800 5125 1823 5169 .·
1870 5101 1992 5168 Isti
2015 5109 2178 5167 sunt

631 5210 734 5278 dii
759 5212 890 5291 mi,
913 5209 1158 5289 Israel,
1190 5210 1314 5301 qui
1350 5219 1414 5277 te
1449 5209 1834 5279 edua-erun!
1863 5209 1950 5276 de
1993 5217 2176 5276 terra

630 5319 955 5412 AEqypti.
1009 5316 1157 5387 Hoc
1196 5325 1421 5386 autern
1464 5317 1767 5387 fecerunt
1822 5343 1855 5382 ι
1918 5315 1991 5383 in
2029 5316 2177 5384 Ilo-

629 5424 768 5506 νώ,
816 5455 848 5489 »ι
880 5423 989 5493 vel
1026 5422 1230 5501 Oreb.
1268 5425 1451 5517 quod
1490 5427 1972 5517 interpretatur
2011 5422 2173 5492 cal-

627 5536 848 5615 varia,
882 5536 952 5603 in
1000 5556 1136 5627 quo
1184 5534 1607 5625 significatur
1643 5558 1763 5605 eos
1803 5532 2079 5603 tandem
2107 5533 2175 5599 in

632 5642 940 5717 calvaria
975 5632 1372 5736 peccaturos
1399 5653 1636 5714 contra
1667 5643 1915 5728 Deum,
1950 5640 2173 5732 ipsum

2319 466 2653 556 negand0‚
2690 466 3087 536 occidendo.
3131 469 3388 537 Thren.
3424 492 3470 546 1,
3508 470 3547 535 8
3580 493 3593 536 :
3633 471 3880 536 Pecca-

2314 586 2460 642 lum
2501 577 2805 667 peccavit
2859 579 3275 657 Jerusalem,
3324 588 3689 669 propterea
3765 579 3878 643 in-

2310 684 2587 752 stabilis
2612 688 2805 774 facta
2845 694 2965 754 est.

2404 790 2539 858 Sed
2576 793 2736 881 quid
2769 802 2870 860 est
2916 794 3103 884 quod
3154 793 3342 877 dicit,
3393 794 3578 884 quod
3618 791 3879 859 adora-

2309 911 2549 968 verunt
2576 904 2924 994 sculptile,
2960 928 3116 972 cum
3153 905 3265 973 ille
3309 904 3563 973 vitulus
3602 901 3880 991 sculpti·

2309 1006 2391 1074 lis
2423 1031 2562 1075 non
2599 1009 2823 1091 fuerit,
2857 1011 2975 1078 sed
3006 1015 3231 1102 magis
3271 1010 3684 1081 conflatilis?
3747 1008 3878 1076 Re-

2307 1116 2635 1204 spondeo.
2662 1116 3042 1208 Utrumque
3066 1118 3218 1186 fuit.
3238 1119 3476 1186 Primo
3503 1114 3874 1186 conflatilis

2307 1221 2634 1291 fuit:sed
2701 1225 2859 1314 quia
2926 1225 2996 1291 in
3054 1226 3472 1293 conflatione
3531 1246 3671 1291 non
3746 1223 3872 1291 fuit

2303 1331 2501 1422 plene
2532 1332 2889 1410 formatuS,
2923 1334 3373 1422 postmodum
3403 1332 3707 1423 sculptus
3737 1340 3860 1400 est.

2303 1438 2581 1506 Vitulus
2628 1440 2920 1507 lascivus
2987 1451 3053 1507 et
3112 1441 3468 1529 juveniliS,
3531 1440 3866 1507 Praelatus
3895 1445 4217 1545 000'15202‘2·

2302 1550 2771 1640 voluptatibus
2846 1550 3141 1621 deditus.
3222 1553 3477 1621 Jerem.
3560 1576 3622 1634 ι,
3694 1554 3768 1619 11
3841 1539 3863 1620 Ξ

2308 1659 2540 1746 Effusi
2591 1660 2770 1734 estis,
2832 1660 3009 1725 sicut
3057 1660 3271 1726 vituli
3300 1682 3506 1749 super
3555 1657 3862 1726 herbam.

2303 1765 2431 1832 Hic
2470 1764 2723 1832 vitulus
2761 1766 3095 1833 formatur
3137 1768 3207 1833 in
3247 1766 3589 1843 Calvisi-ia,
3636 1768 3705 1832 in
3735 1766 3870 1833 Ec-

2303 1875 2530 1954 clesia,
2574 1878 2643 1944 in
2674 1900 2809 1968 qua
2840 1876 3183 1944 Dominus
3223 1878 3649 1967 crucifigitur
3688 1899 3728 1943 a
3758 1885 3867 1944 te-

2302 1984 2469 2052 lium
2529 1985 3035 2055 formatoribuS.
3096 1987 3205 2054 Ad
3285 1986 3495 2055 Hebr.
3559 2007 3656 2070 vt,
3730 1987 3772 2053 6
3842 2006 3859 2052 t

2302 2093 2604 2159 Rursum
2663 2093 3136 2183 erucifiqeaetles
3218 2092 3666 2183 sibimetipsis
3738 2091 3866 2159 Fi-

2303 2203 2477 2268 lium
2510 2202 2664 2284 Dei,
2706 2212 2768 2269 el
2807 2204 3104 2269 oslentui
3158 2202 3484 2269 habenles
3518 2222 3534 2270 ε
3570 2209 3638 2268 et
3695 2200 3861 2266 ado·

2304 2320 2448 2376 rant
2502 2312 2725 2401 ipsum
2776 2320 3132 2400 tamquam
3209 2310 3504 2389 idolum,
3575 2308 3862 2377 derelin-

2300 2425 2583 2508 quentes
2620 2440 2921 2509 gregem.
2977 2416 3058 2484 Et
3120 2417 3298 2486 bene
3339 2417 3637 2495 idolum,
3702 2414 3863 2507 quia

2298 2527 2534 2597 oculos
2617 2527 2841 2605 habet,
2913 2527 3032 2596 sed
3104 2552 3247 2597 non
3324 2528 3412 2596 nd
3476 2525 3857 2596 videndum

2300 2635 2708 2726 Scripturas,
2770 2644 2839 2704 et
2902 2635 2987 2703 ud
3037 2635 3457 2704 studendum
3511 2636 3581 2702 in
3643 2632 3776 2701 illis
3836 2653 3852 2697 :

2297 2766 2494 2810 aures
2519 2743 2747 2820 hebet.
2779 2742 2895 2811 sed
2929 2764 3069 2810 non
3102 2742 3188 2809 ad
3237 2741 3661 2810 audiendum
3697 2762 3861 2830 pau·

2295 2872 2533 2940 perum
2589 2860 3018 2942 peccatorum
3065 2849 3537 2917 confessiones
3587 2869 3604 2919 τ
3652 2846 3859 2939 pedes

2294 2958 2524 3039 habet,
2568 2957 2684 3027 sed
2715 2980 2853 3026 non
2908 2957 2993 3026 ad
3063 2958 3570 3026 ambulandum
3629 2956 3714 3024 ed
3753 2955 3858 3024 se-

2293 3068 2567 3137 ciendas
2591 3067 3015 3135 visitationes
3050 3087 3068 3133 ε
3105 3089 3185 3135 os
3245 3065 3480 3146 habet,
3541 3064 3663 3134 sed
3715 3087 3856 3133 non

2293 3179 2375 3245 ed
2462 3175 2880 3267 loquendum
2949 3173 3241 3266 populo,
3326 3183 3395 3244 et
3476 3172 3862 3265 praedican-

2290 3284 2478 3352 dum.
2523 3281 2703 3351 Psal.
2746 3304 2928 3360 extu,
2991 3283 3032 3349 5
3069 3304 3084 3348 ε
3126 3283 3223 3351 Os
3259 3280 3543 3364 habent,
3603 3288 3668 3347 et
3724 3303 3858 3346 non

2293 3392 2682 3482 loquentur,
2722 3397 2850 3459 ctc.

2378 3695 2531 3764 «Ee
2558 3703 3022 3764 mutaverunt.
3060 3718 3095 3761 ι
3141 3693 3276 3763 llic
3312 3695 3594 3763 tertium
3643 3692 3850 3782 hujus
3987 3708 4116 3775 zo

2284 3805 2519 3894 partis,
2571 3804 2826 3871 scilicet
2896 3804 3267 3894 compositi
3346 3802 3509 3870 idoli
3569 3802 3856 3871 interior

2281 3911 2656 3989 veneratio,
2708 3919 2772 3977 et
2803 3895 3134 3999 aggravat
3181 3933 3424 3978 eorum
3484 3911 3759 4001 culpem
3813 3932 3854 3976 a

2282 4017 2574 4085 duobus.
2619 4015 2725 4084 Ab
2763 4038 2847 4084 eo
2878 4016 3064 4108 quod
3124 4016 3576 4109 reliquerunt,
3628 4016 3851 4086 Deum

2282 4128 2582 4196 scilicet:
2623 4136 2693 4197 et
2719 4128 2807 4196 ab
2861 4149 2944 4195 eo
3004 4126 3095 4195 nd
3134 4127 3327 4219 quod
3377 4151 3450 4198 se
3492 4136 3856 4198 converte-

2283 4248 2465 4319 runt,
2499 4238 2619 4317 ibi,
2669 4269 2703 4303 ιι
2736 4239 2817 4306 In
2844 4237 3418 4309 similitudinem.
3454 4264 3489 4307 ι

2370 4349 2547 4418 Dicit
2602 4371 2809 4441 ergo:
2883 4347 2999 4418 Sic
3036 4348 3505 4419 adoraverunt
3553 4350 3856 4419 exterius

2277 4459 2670 4531 venerando
2700 4459 3037 4552 sculptiie,
3075 4467 3144 4528 et
3212 4461 3423 4530 etiem
3466 4486 3502 4523 α
3532 4469 3855 4528 mutave·

2280 4575 2444 4635 rem!
2466 4567 2773 4658 yloriam
2798 4589 3026 4645 suam,
3056 4593 3090 4631 ιι
3136 4565 3363 4637 Deum
3411 4565 3692 4647 scilicet,
3735 4567 3853 4659 qui

2279 4681 2380 4741 est
2411 4672 2855 4741 immutabilis
2921 4673 2992 4741 in
3049 4695 3152 4742 se.
3223 4671 3520 4743 Malech.
3590 4695 3692 4757 ιιι,
3748 4675 3847 4740 6:

2279 4782 2432 4870 qu
2461 4783 2827 4861 Dominus,
2859 4791 2924 4850 ee
2987 4804 3128 4849 non
3175 4790 3436 4851 mutor.
3493 4779 3736 4851 Jacob.
3801 4804 3851 4864 ι,

2288 4892 2405 4958 ¹7:
2449 4889 2661 4981 Apud
2710 4912 2911 4981 quem
2969 4912 3109 4958 non
3168 4898 3272 4959 est
3327 4891 3849 4967 transmutatio,

2277 5020 2396 5065 nec
2424 4995 2914 5064 vicissitudinis
2977 4994 3451 5064 obumbratio.
3520 4994 3606 5063 Et
3654 4993 3855 5063 debet

2279 5129 2426 5174 esse
2483 5104 2758 5173 illorum
2797 5105 3048 5196 glorie,
3103 5106 3284 5174 sicut
3340 5105 3490 5194 ejus
3554 5105 3673 5197 qui
3749 5103 3856 5171 di-

2278 5215 2369 5283 cit
2398 5213 2468 5281 in
2503 5211 2683 5279 Pssl.
2725 5235 2823 5293 ιιι,
2849 5213 2915 5294 t,
2957 5234 3172 5302 supra
3206 5233 3224 5278 ε
3260 5212 3362 5279 Tu
3389 5221 3651 5296 autem,
3699 5213 3854 5282 Do-

2280 5321 2485 5397 mine,
2521 5329 2868 5410 susceptor
2922 5340 3116 5386 meus
3160 5340 3259 5401 es,
3303 5315 3541 5408 qloria
3578 5340 3756 5395 mea.
3789 5326 3853 5386 et

2277 5425 2600 5494 exaltans
2625 5434 2836 5516 caput
2872 5443 3130 5491 meum.

2380 5559 2410 5596 ι
2439 5534 2526 5599 In
2585 5527 3147 5605 similitudinari,
3187 5550 3223 5593 ι
3293 5551 3437 5598 non
3500 5529 3574 5598 in
3629 5530 3849 5620 ipsam

2277 5642 2660 5722 veritatem,
2753 5664 2789 5702 c
2866 5634 3105 5719 vituli,
3180 5660 3216 5703 ι
3312 5660 3454 5707 non
3537 5637 3849 5708 lactentis
