5008 6329
786 299 913 367 402
1781 304 1832 370 D
1911 306 2112 379 ALB.
2163 308 2383 377 MAG.

785 485 848 542 el
874 500 1083 545 cornu
1107 477 1361 545 salutis
1441 500 1626 547 meae.
1681 480 1763 548 Et
1838 504 2049 549 cornu
2081 479 2329 562 David,

788 581 855 648 id
901 589 1024 660 est,
1100 581 1181 648 de
1246 580 1458 650 David
1524 594 1774 652 ortum.
1844 586 2005 654 Luc.
2067 610 2112 662 1,
2177 586 2325 651 69:

786 688 1025 756 Erexit
1044 710 1253 756 cornu
1288 691 1541 759 salutis
1577 694 1795 774 nobis,
1839 695 1911 759 in
1950 692 2153 759 domo
2184 691 2329 758 Da·

785 795 904 862 vid
936 797 1137 885 pueri
1177 800 1310 865 sui.
1371 800 1479 868 Ad
1536 800 1827 868 Roman.
1898 821 1940 870 1.
1999 799 2038 864 3
2102 821 2117 864 ε
2193 798 2333 881 Qui

782 902 1012 989 sactus
1036 912 1133 970 est
1167 906 1232 972 ei
1267 929 1352 972 ea:
1411 906 1665 972 semine
1716 902 1970 970 David.
2022 901 2107 969 Et
2137 901 2323 979 dicit,

776 1006 1179 1097 producam,
1222 1007 1459 1099 procul
1498 1006 1583 1074 ab
1614 1006 1762 1075 aliis
1793 1006 2058 1074 ducam.
2123 1006 2212 1074 Ut
2242 1005 2329 1073 sit

785 1116 1101 1184 omnibus
1175 1114 1560 1195 sublimior,
1646 1114 1966 1182 omnibus
2054 1114 2323 1183 fortior.

785 1221 813 1288 1
862 1222 947 1289 ad
1011 1219 1316 1288 Corinth.
1370 1242 1485 1305 xv,
1527 1222 1663 1289 26:
1720 1222 1971 1290 Omnia
2034 1221 2327 1312 subjecit

782 1332 907 1400 sub
930 1328 1222 1422 pedibus
1255 1328 1433 1418 ejus.
1490 1329 1597 1397 Ad
1635 1328 1844 1399 Ilebr.
1879 1354 1953 1409 n,
1988 1331 2028 1398 8
2064 1351 2080 1396 :
2137 1330 2220 1397 In
2250 1352 2325 1396 eo

784 1438 969 1528 quod
1027 1439 1261 1504 omnia
1306 1439 1371 1504 ei
1429 1436 1748 1526 subjecit,
1805 1435 1990 1503 nilzil
2058 1436 2327 1503 dimisit

783 1569 916 1613 non
958 1544 1343 1635 subjectum
1371 1546 1457 1612 ei.
1502 1544 1527 1610 1
1560 1544 1727 1635 Reg.
1776 1567 1849 1628 11,
1901 1544 1981 1610 10
2026 1564 2041 1611 ε
2078 1541 2327 1612 Subli-

782 1653 999 1722 mabit
1034 1676 1245 1722 cornu
1278 1653 1538 1723 Christi
1570 1653 1705 1719 sui.

872 1897 904 1937 «
937 1872 1197 1940 Paravi
1226 1869 1599 1938 lucernam.
1648 1894 1682 1935 2
1730 1868 1855 1937 Hic
1920 1870 2323 1951 secundum,

780 1982 848 2047 in
877 2000 1012 2069 quo
1042 1978 1344 2068 tangitur
1379 1978 1738 2066 praesentia
1776 1976 1846 2042 in
1885 1977 1987 2043 sui
2019 1999 2329 2068 praecur-

778 2110 952 2155 sore.
1014 2084 1221 2165 Quasi
1252 2083 1501 2152 diceret
1537 2108 1552 2152 ε
1618 2083 1733 2151 Sic
1776 2083 2151 2174 producam
2182 2108 2330 2153 cor-

777 2216 870 2262 nu
910 2193 1148 2269 David,
1183 2191 1250 2260 id
1307 2198 1433 2273 est,
1486 2190 1856 2268 Christum,
1903 2198 1969 2259 et
2008 2199 2164 2261 ante
2196 2190 2327 2261 hoc

782 2325 814 2365 α
851 2301 1101 2391 paravi
1148 2298 1498 2366 lucernam
1570 2299 1838 2368 Christo
1906 2321 2078 2376 meo,
2126 2327 2159 2361 ι»
2196 2298 2321 2389 ipsi

778 2405 1292 2496 pra-ambulam,
1387 2414 1450 2472 et
1538 2406 1660 2495 ipsi
1766 2414 2319 2495 praecurrentem.

774 2516 1022 2582 scilicet
1075 2514 1413 2581 Joannem
1476 2511 1921 2603 Baptismam.
1990 2513 2195 2581 Joan.
2249 2536 2318 2590 v,

776 2624 857 2690 35
893 2643 910 2689 ε
945 2621 1076 2689 Ille
1111 2629 1258 2687 erat
1291 2619 1568 2686 lucerna
1625 2621 1873 2687 ardens
1939 2631 2000 2687 et
2062 2621 2315 2689 luceru.

772 2731 1151 2801 Bernardus
1187 2753 1202 2797 :
1249 2755 1281 2795 α
1312 2729 1601 2796 'l'antuiu
1646 2729 1865 2797 lucere
1887 2736 1988 2798 est
2034 2753 2317 2811 vanum,

782 2866 811 2902 α
846 2848 1107 2906 tantum
1162 2835 1397 2905 ardere
1436 2859 1680 2926 parum
1740 2837 2028 2906 :ardere
2080 2846 2146 2905 et
2209 2837 2321 2905 lu-

772 2974 807 3010 «
846 2969 993 3015 cere
1048 2944 1443 3036 perfectum.
1479 2941 1656 3023 Quia
1702 2943 1934 3013 lucens
1983 2944 2173 3036 fugat
2220 2953 2321 3014 te·

771 3080 803 3120 α
848 3054 1087 3121 nebras
1159 3049 1533 3142 superbiae,
1603 3051 1937 3142 superbus
1992 3053 2174 3120 enim
2246 3054 2318 3120 in

769 3187 801 3227 α
844 3159 1137 3229 tenebris
1173 3167 1333 3229 est:
1394 3157 1557 3249 quia
1622 3157 1894 3240 ardens,
1970 3156 2317 3229 comburit

767 3295 799 3335 α
841 3269 1068 3359 spinas
1169 3266 1495 3343 avaritiae,
1575 3265 1868 3334 desiccat
1950 3265 2312 3335 humidum

775 3404 804 3440 α
842 3378 1121 3444 luxuriae
1156 3397 1172 3442 τ
1209 3375 1518 3467 quisquis
1547 3384 1649 3441 est
1678 3376 1792 3466 qui
1834 3375 1978 3442 vult
2018 3399 2058 3443 a
2087 3373 2314 3445 lucer-

762 3510 797 3551 «
839 3507 923 3552 na
993 3483 1387 3563 illuminari,
1447 3491 1509 3549 et
1576 3482 1894 3558 calefieri,
1956 3482 2042 3549 ad
2092 3484 2307 3573 ipsam

763 3622 796 3658 α
839 3593 1100 3662 oculos·
1138 3592 1361 3661 cordis
1413 3593 1630 3683 erigat
1710 3616 1832 3683 per
1908 3592 2311 3661 intentionis

762 3728 796 3769 ι
838 3702 1335 3781 rectitudinem,
1385 3700 1712 3770 fenestras
1764 3701 1987 3769 cordis
2052 3705 2311 3795 aperiat

758 3837 793 3873 α
838 3832 956 3901 per
1025 3807 1339 3876 desiderii
1398 3805 1894 3891 dilatationem,
1944 3815 2012 3876 et
2066 3830 2311 3900 appro-

758 3946 791 3980 «
833 3919 1112 4009 pinquet
1169 3939 1287 4008 per
1334 3915 1495 3985 boni
1562 3916 1789 4008 operis
1822 3916 2303 3987 imitationem.

755 4050 789 4091 ι
832 4022 1021 4093 llanc
1072 4022 1415 4093 lucernam
1470 4023 1731 4114 paravit
1798 4022 2133 4091 Dominus
2198 4030 2308 4091 te-

754 4160 786 4195 «
828 4138 1001 4200 stam
1038 4129 1429 4199 fabricando
1484 4133 1552 4198 in
1579 4130 1866 4198 Joannis
1906 4130 2309 4222 conceptio-

753 4263 787 4304 «
826 4260 937 4315 ne.
978 4236 1330 4306 candelam
1387 4258 1527 4304 non
1579 4257 1929 4305 accensam
2008 4237 2306 4330 interpo-

751 4372 785 4413 ι
826 4345 1050 4414 nendo
1107 4345 1176 4412 in
1229 4343 1870 4427 animaeinlusione,
1929 4344 2149 4436 ipsam
2182 4368 2304 4415 ac-

751 4480 786 4517 «
825 4450 1174 4522 eendendo
1220 4451 1292 4518 in
1331 4452 1600 4520 uterina
1645 4450 1933 4518 Joannis
2000 4452 2298 4520 sanctifi·

749 4588 784 4625 ι
823 4561 1111 4641 catione,
1143 4556 1226 4626 de
1273 4568 1533 4628 secreto
1578 4556 1926 4627 educendo
1975 4558 2045 4628 in
2082 4559 2298 4650 ipsius

747 4693 783 4734 ι
824 4669 1196 4747 nativitate,
1236 4688 1441 4757 super
1486 4664 1966 4734 candelabrum
2027 4688 2297 4757 ponen-

748 4804 783 4840 ιι
820 4774 909 4844 do
946 4777 1015 4843 in
1054 4774 1257 4845 officii
1287 4772 1695 4866 praedicandi
1749 4775 2210 4845 exsecutione.
2255 4802 2291 4839 n

835 5124 870 5165 α
929 5099 1247 5168 Inimicos
1304 5098 1485 5189 ejus.
1566 5125 1600 5166 2
1662 5098 1790 5169 llic
1880 5101 2284 5186 secundum,

746 5208 996 5276 scilicet
1024 5207 1348 5276 beneficia
1390 5206 1719 5296 producto
1748 5207 2020 5277 Christo
2088 5209 2291 5279 exhi-

743 5313 985 5393 benda,
1030 5335 1181 5406 quae
1243 5321 1622 5404 tanguntur
1647 5314 1809 5383 duo.
1843 5315 2155 5385 Primum
2185 5325 2289 5386 est

740 5423 1172 5494 inimicorum
1217 5422 1552 5493 confusio.
1623 5422 2041 5514 Secundum,
2072 5425 2290 5520 ipsius

804 5648 825 5687 ¹
852 5650 1019 5710 Ioau.
1049 5665 1093 5723 ι,
1126 5650 1217 5707 16.

2436 308 2645 378 ORD.
2700 311 2993 379 PRAED.

2442 483 2911 565 sanctificatio,
2956 491 3021 551 et
3049 485 3451 575 glorificatio
3490 508 3695 576 super
3723 506 3987 562 omnes,

2437 588 2558 668 ibi,
2595 617 2630 653 α
2663 590 2887 681 Super
2912 593 3137 685 ipsum
3171 602 3428 661 autem.
3474 621 3508 656 n

2528 696 2705 765 Dicit
2751 720 2912 789 ergo
2965 724 2982 772 ε
3036 701 3152 771 Sic
3200 702 3574 794 producam
3638 699 3981 767 Christum

2432 804 2710 875 lucerna
2764 814 3139 899 praemissa,
3195 822 3264 882 et
3317 814 3522 881 etiam
3571 837 3603 877 α
3670 811 3981 878 inimicos

2433 913 2588 1004 ejus
2625 915 2915 985 induam
2961 922 3380 1009 confusione,
3449 945 3481 987 ιι
3525 942 3665 988 ῐιοιι
3712 927 3979 985 tautum

2433 1019 2869 1106 confundam,
2896 1030 2972 1090 ut
2996 1024 3296 1114 undique
3317 1023 3616 1091 habeant
3643 1020 3982 1091 confusio-

2432 1148 2615 1195 nem.
2647 1126 2806 1213 Job,
2849 1151 2991 1209 vm,
3027 1132 3111 1195 22
3148 1151 3163 1199 :
3228 1131 3368 1215 Qui
3405 1130 3695 1198 oderunt
3734 1138 3821 1212 te,
3882 1129 3982 1193 in-

2432 1234 2745 1303 duantur
2770 1239 3191 1327 confusione.
3237 1237 3443 1307 Mich.
3477 1260 3595 1315 vu,
3635 1236 3717 1304 10
3760 1258 3776 1303 :
3834 1233 3981 1303 Ad-

2430 1341 2670 1432 spiciet
2696 1342 2777 1410 ad
2820 1366 2927 1412 me
2986 1346 3266 1413 inimica
3323 1368 3503 1427 mea,
3536 1356 3600 1413 et
3638 1344 3983 1435 operietur

2431 1448 2853 1535 confusione.
2889 1449 3069 1519 Psal.
3112 1473 3295 1534 cvm,
3346 1451 3430 1518 29
3476 1472 3491 1516 ε
3559 1450 3982 1542 Operiantur

2430 1552 2608 1621 sicut
2645 1553 2951 1646 diploide
2986 1558 3385 1647 confusione
3426 1579 3579 1624 sua.

2528 1685 2560 1725 ι
2593 1662 2819 1749 Super
2858 1665 3109 1755 ipsum.
3153 1691 3185 1725 »ι
3215 1664 3345 1732 Hic
3373 1663 3747 1731 secundum
3790 1658 3976 1752 quod

2431 1767 2561 1834 erit
2579 1769 2774 1858 quasi
2802 1790 3003 1838 causa
3023 1770 3247 1860 primi.
3285 1768 3495 1849 Quasi
3525 1768 3778 1837 diceret
3813 1790 3827 1835 :
3867 1766 3982 1834 Sic

2432 1874 2747 1944 inimicos
2793 1877 3230 1957 confundam,
3283 1875 3404 1945 sed
3452 1905 3481 1941 α
3525 1874 3981 1963 sanctificatio

2432 2004 2607 2064 mea,
2649 2011 2682 2046 ι»
2724 2007 2763 2052 a
2802 2008 2913 2053 me
2967 1986 3038 2053 in
3095 2008 3177 2053 eo
3206 1986 3409 2070 facta,
3456 2009 3491 2050 a
3533 1982 3904 2074 efflorebit,
3942 2005 3976 2046 2

2432 2097 2621 2157 extra
2702 2090 2941 2159 florida
3012 2090 3368 2183 apparebit
3457 2113 3577 2180 per
3651 2089 3968 2180 gloriam,

2434 2222 2470 2263 ι
2499 2221 2707 2291 super
2733 2201 2959 2291 ipsum
2991 2224 3013 2267 .·
3047 2225 3081 2266 »
3117 2203 3260 2291 ipse
3305 2202 3490 2268 enim
3525 2198 3654 2266 ssos
3693 2198 3976 2265 immar-

2430 2307 2764 2376 cescibilis
2806 2331 2823 2379 :
2867 2309 2991 2376 ssos
3041 2309 3316 2400 quidem
3386 2308 3768 2390 nativitate,
3841 2306 3971 2374 lsa.

2426 2438 2522 2492 ιι,
2560 2418 2583 2482 l
2626 2437 2642 2484 ε
2676 2417 3092 2504 Eqredielur
3128 2417 3324 2508 oirqa
3368 2416 3454 2483 de
3481 2416 3714 2483 radice
3763 2415 3975 2492 lesse,

2425 2532 2492 2591 et
2519 2524 2652 2612 llos
2702 2524 2787 2591 de
2839 2525 3068 2592 radice
3121 2524 3279 2614 ejus
3326 2524 3660 2592 ascendet.
3718 2522 3874 2590 Flos
3905 2525 3973 2591 in

2426 2631 2763 2699 odorifera
2816 2633 3358 2710 conversatione,
3421 2630 3674 2699 Cantic.
3742 2652 3815 2708 ιι,
3881 2633 3968 2698 1:

2425 2738 2604 2827 qu,
2654 2738 2788 2827 llos
2824 2740 3075 2829 campi,
3118 2747 3183 2806 et
3231 2738 3466 2806 lilium
3513 2737 3963 2806 convallium.

2427 2845 2584 2914 Flos
2618 2847 2686 2913 in
2725 2869 2850 2915 sua
2877 2849 3218 2937 passione,
3267 2856 3335 2915 et
3383 2869 3540 2914 rosa
3571 2846 3805 2924 rubea,
3841 2846 3974 2915 Ec-

2422 2952 2534 3022 cli.
2584 2975 2774 3032 xx1v,
2831 2954 2911 3021 18
2953 2974 2971 3022 t
3027 2955 3248 3038 Quasi
3287 2953 3640 3045 plantatio
3680 2976 3850 3022 rosae
3901 2954 3975 3021 in

2417 3060 2713 3130 Iericho.
2761 3059 2896 3129 Sed
2934 3060 3242 3129 refloruit
3283 3060 3393 3130 hie
3448 3060 3578 3129 ssos
3634 3061 3704 3128 in
3745 3083 3974 3129 resur-

2420 3168 2749 3249 r'ectione,
2811 3168 3059 3261 Supra,
3103 3170 3173 3237 in
3224 3167 3406 3237 Psal.
3450 3190 3667 3246 xxvu,
3719 3169 3759 3237 7
3806 3191 3822 3238 ς
3878 3171 3973 3236 Et

2418 3276 2739 3365 refloruit
2800 3298 2959 3343 caro
3023 3297 3199 3351 mea,
3251 3283 3378 3343 etc.
3444 3273 3581 3342 Sed
3639 3273 3971 3343 efflorebit

2418 3391 2610 3451 extra
2659 3406 2756 3460 se,
2809 3382 2880 3449 in
2935 3404 3062 3450 nos
3127 3380 3464 3451 efflorebit
3539 3382 3610 3450 in
3666 3380 3968 3473 generali

2416 3489 2934 3558 resurrectione.
3005 3487 3254 3556 Nostra
3328 3489 3510 3556 enim
3578 3487 3795 3578 gloria
3845 3490 3971 3557 erit

2415 3593 2727 3686 quaedam
2768 3618 2908 3664 suae
2945 3595 3181 3687 gloriae
3222 3595 3695 3678 redundantia,
3731 3604 3804 3664 ut
3833 3598 3971 3665 sic-

2414 3710 2489 3770 ut
2541 3702 2625 3771 de
2661 3702 2904 3795 gfatia,
2957 3704 3057 3771 sic
3087 3704 3430 3795 possimus
3456 3703 3680 3772 dicere
3713 3702 3796 3772 de
3825 3703 3973 3795 glo-

2411 3811 2512 3879 ria
2546 3833 2564 3882 2
2601 3814 2693 3881 Et
2746 3812 2831 3880 de
2875 3810 3323 3905 plenitudine
3361 3811 3520 3903 ejus
3556 3834 3682 3880 nos
3738 3834 3968 3880 omnes

2408 3920 2792 4012 accepimus
2847 3921 2894 3987 ¹.

2496 4033 2851 4107 Emorebit
2905 4057 3070 4129 ergo
3129 4038 3299 4130 ipse,
3357 4038 3474 4129 qui
3524 4045 3626 4106 est
3668 4036 3736 4104 in
3784 4058 3965 4128 prae-

2408 4144 2583 4214 senti
2634 4144 3081 4214 sanctificatio
3138 4145 3263 4215 Dei
3331 4144 3581 4226 Patris,
3643 4145 3804 4237 quia
3843 4167 3965 4236 per

2409 4249 2636 4342 ipsum
2693 4250 3068 4320 sanctificat
3123 4272 3365 4320 omnes
3421 4258 3762 4344 quotquot
3801 4260 3962 4320 sunt

2405 4357 2832 4428 sanctificati.
2865 4356 2897 4425 Ι
2934 4357 3021 4427 ad
3048 4356 3357 4429 Corinth.
3381 4380 3430 4441 1,
3458 4359 3544 4428 30
3588 4381 3605 4426 :
3669 4360 3810 4443 Qui
3831 4360 3961 4448 sa-

2408 4473 2559 4533 ctus
2594 4475 2695 4533 est
2719 4464 2913 4535 uobis
2937 4466 3284 4558 sapientia
3310 4489 3356 4534 a
3386 4463 3953 4553 Deo,etjustitia.

2407 4583 2475 4644 et
2506 4576 2986 4666 sanctificatio,
3040 4584 3106 4644 et
3139 4574 3539 4667 redemptio.
3573 4572 3727 4666 lpse
3772 4575 3956 4644 enim

2399 4679 2630 4772 primo
2682 4680 3165 4761 sanctificatur,
3202 4680 3400 4749 Joan.
3436 4702 3506 4759 x,
3550 4680 3636 4748 30
3684 4702 3701 4749 :
3740 4680 3954 4765 Quem

2403 4786 2622 4853 Pater
2642 4784 3124 4873 sanctificavit,
3157 4794 3224 4853 et
3249 4785 3441 4853 misit
3478 4784 3550 4852 in
3586 4783 3954 4863 mundum,

2403 4901 2535 4962 etc.
2568 4890 2655 4962 Et
2690 4893 3063 4986 peripsum
3107 4893 3251 4973 alii,
3294 4891 3380 4961 ad
3419 4891 3631 4963 llebr.
3692 4914 3764 4975 n,
3810 4894 3884 4960 1¹
3933 4911 3955 4963 t

2412 4999 2551 5084 Qui
2581 4999 2995 5089 sanctificat,
3030 5009 3096 5069 et
3130 4999 3255 5091 qui
3284 4999 3831 5089 sanctificantur,
3870 5021 3960 5067 ea:

2396 5127 2540 5174 uno
2582 5129 2837 5177 omnes.
2879 5106 3033 5188 Qua
3085 5105 3654 5186 sanctificatione,
3694 5114 3773 5173 ut
3799 5112 3959 5198 post

2402 5212 2773 5283 floreamus
2814 5216 2881 5283 in
2913 5216 3432 5293 resurrectione,
3478 5238 3604 5281 nos
3650 5213 3955 5281 sanctifi-

2399 5328 2512 5389 cet
2539 5323 2654 5414 qui
2696 5328 2798 5392 eat
2856 5320 3253 5391 benedictus
3292 5321 3505 5405 Deus,
3562 5342 3687 5412 per
3721 5321 3956 5391 omnia

2397 5426 2654 5497 secula
2690 5425 3127 5500 saeenlorum.
3158 5429 3410 5499 Amen.
