5008 6329
845 2559 962 2621 ¹2

1908 408 2612 480 COMMENTARIUS
2660 409 2755 478 ΙΝ
2803 408 3237 478 PSALMUM
3286 407 3494 477 GVH.

1091 607 1315 654 meam
1349 607 1556 674 quam
1594 593 1822 669 tenen,
1856 587 1913 653 si
1944 586 2259 677 loquatur
2288 586 2585 654 Ecclesia
2619 607 2632 651 ε

1089 695 1227 776 vel,
1258 717 1388 773 me,
1432 693 1503 760 id
1541 701 1667 771 est,
1711 694 1917 763 fidem
1959 719 2107 788 quae
2146 697 2228 765 de
2266 718 2375 762 me
2415 704 2537 769 est,
2582 695 2636 759 si

1090 802 1394 893 loquitur
1469 811 1674 894 caput
1729 803 2048 873 Ecclesiae
2119 826 2135 872 ε
2209 828 2242 866 α
2313 823 2523 890 usque
2569 800 2638 866 in

1090 910 1474 977 Idumaeam
1501 908 1543 978 ?
1579 939 1612 974 »
1651 912 1720 980 id
1760 921 1886 995 est,
1937 913 2009 978 in
2048 911 2492 998 sanguineam
2540 909 2640 974 ci-

1086 1020 1393 1097 vitatem,
1497 1027 1935 1110 peccatorum
2028 1015 2631 1084 abominationem.

1089 1123 1218 1191 Isa.
1254 1147 1302 1204 1,
1343 1128 1421 1194 15
1476 1129 1785 1195 :Manus
1828 1134 2062 1192 vestroe
2105 1124 2441 1213 sanquine
2477 1123 2639 1214 ple-

1085 1256 1189 1300 noe
1233 1245 1420 1302 sunt.
1466 1233 1666 1317 Osee,
1719 1256 1809 1310 w,
1846 1234 1885 1299 2
1943 1255 1958 1298 ε
2002 1233 2306 1322 Sanquis
2349 1233 2639 1323 sanqui-

1084 1365 1236 1410 nem
1295 1345 1546 1433 tetiqit.
1609 1340 1764 1421 Vel,
1793 1342 2089 1431 primum
2141 1349 2369 1433 posset
2405 1342 2633 1409 referri

1086 1450 1170 1518 ad
1197 1451 1564 1518 infernum.
1612 1448 1825 1529 Quasi
1856 1450 2106 1519 diceret.
2141 1472 2156 1516 ε
2209 1449 2378 1530 Quis
2418 1449 2637 1517 dedu-

1084 1568 1187 1628 cet
1235 1581 1348 1626 me
1393 1561 1462 1625 in
1509 1559 1861 1627 civitatem
1910 1561 2302 1627 munitam?
2373 1558 2634 1649 gehen—

1086 1689 1243 1735 nam
1291 1667 1574 1751 scilicet,
1634 1675 1711 1734 ut
1759 1667 1918 1735 inde
1964 1668 2227 1735 animas
2264 1667 2634 1757 captivatas

1082 1774 1497 1843 extraham?
1546 1774 1809 1843 Similis
1876 1775 2187 1866 quaestiO,
2256 1773 2387 1842 lsa.
2448 1797 2627 1851 xmx,

1083 1883 1168 1949 24
1215 1905 1230 1949 :
1275 1882 1622 1973 Nunquid
1675 1881 1964 1950 tolletur
2009 1906 2052 1949 a
2105 1884 2279 1972 sorti
2326 1883 2634 1974 praeda?

1082 2001 1207 2058 aut
1233 1990 1427 2081 quod
1447 2000 1730 2080 captum
1787 2000 1884 2058 est
1922 2015 1965 2058 a
2008 1989 2309 2073 robusto,
2357 1991 2630 2058 salvum

1081 2120 1218 2164 esse
1263 2095 1592 2188 poterit?
1645 2096 1732 2164 Et
1774 2097 2150 2166 secundum
2199 2097 2484 2166 refertur
2547 2097 2629 2164 ad

1080 2203 1415 2271 mundum
1455 2204 1630 2272 sicut
1658 2204 1873 2296 prius,

1172 2552 1204 2586 «
1248 2523 1491 2592 Nonne
1545 2531 1623 2589 tu
1679 2520 1992 2591 DeusP»
2059 2522 2183 2590 llic
2228 2522 2625 2601 secundum,

1082 2634 1148 2699 in
1191 2655 1330 2722 quo
1361 2631 1804 2721 subjungitur
1841 2630 2194 2722 responsio
2234 2654 2250 2699 ε
2294 2640 2359 2698 et
2390 2632 2631 2698 dicun-

1079 2747 1188 2805 tur
1234 2737 1398 2804 du0.
1454 2736 1719 2817 Primo,
1782 2737 2060 2803 nomine
2126 2738 2401 2827 proprio
2451 2738 2631 2804 desi-

1077 2856 1242 2938 gnat
1269 2846 1711 2914 deductorem
1747 2846 1814 2912 in
1843 2846 2211 2921 civitatem,
2257 2854 2322 2914 et
2360 2847 2429 2913 in
2469 2846 2627 2914 ldu-

1080 2975 1347 3020 maeam.
1445 2950 1794 3029 Secundo,
1891 2951 2224 3042 designati
2351 2955 2629 3021 nomine

1079 3060 1433 3151 subjungit
1480 3058 2037 3150 descriptionem,
2088 3060 2206 3144 ibi,
2251 3085 2286 3126 ι
2351 3061 2488 3145 Qui
2534 3085 2630 3128 re·

1072 3171 1348 3263 pulisti.
1387 3195 1422 3237 n

1170 3279 1345 3348 Dicit
1384 3302 1549 3370 ergo
1593 3301 1610 3347 ε
1648 3279 1763 3346 Sic.
1813 3279 2119 3369 quaesivi‚
2161 3282 2314 3371 quis
2371 3281 2499 3349 boc
2531 3282 2627 3348 fa·

1079 3411 1227 3455 eere
1255 3387 1549 3455 sufficiet
1582 3409 1597 3453 ε
1637 3414 1672 3451 ι
1707 3388 1950 3455 Nonne
1978 3397 2054 3454 tu
2094 3390 2278 3456 Deus
2303 3389 2346 3456 :²
2376 3417 2408 3449 »ι
2442 3392 2627 3469 Qua·

1079 3501 1132 3566 si
1172 3499 1480 3567 diceret:
1534 3496 1650 3565 Sic
1688 3505 1755 3565 et
1806 3520 1944 3565 non
2002 3496 2199 3567 alius.
2259 3498 2387 3568 lsa.
2439 3523 2624 3575 xxvi,

1087 3609 1162 3673 12
1235 3629 1253 3674 ε
1319 3606 1574 3673 Omnia
1629 3627 1841 3697 opera
1893 3615 2125 3672 nostra
2190 3617 2509 3698 operatus
2563 3632 2630 3674 es

1079 3712 1298 3796 nobis,
1355 3713 1674 3781 Domine.
1728 3712 1932 3780 Joan.
1999 3735 2114 3791 xv,
2157 3716 2253 3783 5:
2321 3716 2487 3783 Sine
2526 3739 2631 3783 mc·

1078 3819 1263 3887 nihil
1314 3821 1602 3912 potestis
1652 3822 1905 3910 faeere.
1968 3819 2106 3887 Nee.
2176 3822 2316 3912 ipse
2375 3821 2628 3890 l’aulus

1079 3927 1207 3996 boc
1256 3936 1525 4020 poterat
1561 3929 1740 3996 sicut
1787 3930 1930 4018 ipse
1979 3928 2246 4009 fatetur,
2301 3928 2322 3995 l
2365 3931 2449 3998 ad
2490 3933 2628 3999 Co-

1080 4035 1283 4105 rinth.
1319 4059 1437 4116 xv,
1474 4039 1556 4104 ¹0
1591 4059 1607 4104 ε
1652 4038 1806 4107 Non
1836 4061 1960 4128 eqo
1998 4047 2251 4122 autem,
2291 4038 2414 4105 secl
2451 4063 2629 4130 qra-

1079 4145 1176 4211 tia
1217 4146 1351 4214 Dei
1379 4166 1669 4212 mecum.

1167 4385 1202 4422 ι
1257 4358 1398 4443 Qui
1443 4355 1768 4448 repulisti
1820 4381 1967 4425 nos.
2024 4384 2060 4419 a
2114 4357 2238 4427 llic
2266 4359 2626 4450 descriptio

1079 4489 1197 4557 per
1237 4464 1405 4532 duo.
1458 4462 1718 4547 l’rim0,
1765 4487 1887 4555 per
1938 4465 2433 4555 expositionem
2472 4490 2628 4534 suo·

1081 4597 1225 4641 ritui
1259 4570 1844 4641 tribulationibus.
1895 4573 2236 4654 Sec-undo,
2269 4599 2391 4666 per
2435 4577 2627 4643 auxi·

1081 4680 1145 4748 lii
1175 4681 1534 4749 exterioris
1561 4680 2122 4761 subtractionem,
2158 4682 2277 4770 ibi,
2302 4710 2339 4749 ι
2370 4687 2464 4753 ΕΙ
2491 4710 2626 4753 non

1078 4790 1318 4871 exibis,
1350 4792 1564 4858 Deus.
1611 4815 1645 4855 x·

1163 4899 1342 4967 Dicit
1386 4918 1614 4991 ergo:
1684 4897 1800 4966 Sic
1847 4898 2013 4979 dixi,
2074 4900 2255 4991 quod
2314 4910 2385 4969 tu
2446 4901 2627 4969 Deus

1078 5007 1368 5077 deduces
1453 5029 1592 5087 me,
1644 5006 1701 5072 si
1767 5006 2068 5075 deducor
2123 5031 2140 5078 ε
2215 5008 2418 5088 Deus,
2520 5011 2628 5078 in-

1078 5135 1308 5204 quam,
1345 5136 1380 5177 s
1431 5112 1559 5203 qui
1603 5110 1928 5203 repulisti
1965 5136 2110 5189 rues,
2156 5140 2189 5175 ιο
2244 5113 2630 5183 tribulatio-

1083 5219 1277 5286 nibus
1324 5217 1763 5309 exponendO,
1816 5239 1895 5285 ac
1942 5219 1997 5285 si
2050 5242 2185 5287 non
2233 5244 2502 5289 curares
2546 5223 2628 5290 de

1083 5325 1300 5393 nobis.
1346 5326 1600 5418 Supra,
1633 5327 1702 5393 in
1736 5324 1918 5392 l'sal.
1956 5348 2087 5401 mx,
2131 5329 2173 5393 3
2217 5350 2234 5395 :
2270 5331 2485 5411 Deus,
2522 5355 2630 5397 re-

1077 5434 1325 5525 pulisti
1350 5458 1497 5514 nos,
1540 5444 1606 5502 et
1642 5434 2048 5503 destruaeisti
2082 5458 2227 5503 nos.
2265 5436 2517 5507 Tbren.
2553 5464 2624 5519 ιι,

1083 5542 1120 5610 7
1163 5564 1178 5611 :
1221 5542 1509 5635 Repulit
1554 5545 1900 5612 Dominus
1943 5544 2169 5613 altare
2204 5566 2434 5615 suum.
2489 5547 2630 5616 Nec

1152 5780 1169 5817 ¹
1196 5775 1282 5836 CI.
1308 5774 1540 5836 Daniel.
1573 5790 1664 5847 m,
1700 5778 1724 5833 ¹
1761 5780 1823 5833 et
1850 5791 1981 5851 seq.

4182 411 4301 479 141

2748 589 2848 650 est
2913 581 3329 648 contrarium
3398 579 3582 670 quod
3639 581 3887 648 dicitur
3964 582 4034 661 in
4116 582 4301 651 Psal.

2744 713 2927 769 xcm,
2967 691 3047 756 14
3086 713 3101 756 :
3144 692 3298 757 Non
3328 691 3612 779 repellet
3648 693 3998 758 Dominus
4029 691 4303 783 plebem

2741 820 2965 864 suam.
3036 797 3124 864 Et
3180 796 3458 876 PauluS,
3529 797 3615 864 ad
3682 798 3979 867 Roman.
4036 823 4132 883 xi,
4202 803 4230 866 1
4282 822 4297 866 ε

2740 906 3083 997 Nunquid
3114 909 3301 974 Deus
3329 906 3590 997 repulit
3627 907 3979 996 populum
4029 930 4237 975 suum
4262 907 4304 974 ?

2742 1014 3149 1104 Responsio.
3200 1013 3491 1104 Repellit
3545 1013 3630 1082 ad
3666 1021 3964 1104 tempus,
4010 1015 4303 1083 tribula-

2742 1123 3043 1190 tionibus
3084 1122 3516 1212 exponendo,
3559 1124 3735 1190 sicut.
3769 1121 4080 1213 loquitur
4136 1122 4294 1192 hic:

2742 1253 2881 1299 non
2911 1230 3196 1321 repellit,
3220 1230 3512 1299 finaliter
3540 1231 3959 1311 damnando,
3994 1233 4171 1302 sieut
4192 1234 4302 1302 lo-

2744 1341 2974 1430 quitur
3003 1338 3257 1407 Paulus
3285 1345 3352 1406 et
3383 1339 3721 1407 Psalmus.

2832 1576 2864 1617 e
2899 1554 2995 1619 Et
3031 1574 3167 1618 non
3206 1551 3594 1642 eqredieris,
3641 1557 3854 1621 Deus.
3926 1579 3960 1619 x·
4015 1554 4146 1622 llic
4190 1578 4297 1624 se-

2738 1659 3064 1727 cundum.
3110 1658 3319 1738 Quasi
3359 1659 3615 1728 diceret
3649 1683 3664 1729 ε
3707 1661 4298 1731 'l'ribulationibus

2739 1790 2863 1836 nos
2896 1768 3218 1859 exponis:
3257 1795 3291 1831 α
3325 1777 3389 1834 et
3415 1791 3552 1835 non
3583 1770 3977 1859 eyredieris,
4016 1798 4050 1834 κ
4086 1780 4152 1840 te
4185 1795 4300 1840 ex-

2735 1879 2946 1946 terius
2977 1876 3500 1954 manifestandO,
3541 1907 3573 1941 α
3635 1879 3706 1945 in
3746 1880 4128 1948 virtutibus
4178 1905 4296 1949 no-

2734 1986 2965 2064 stris,»
2999 1984 3198 2052 nobis
3228 2007 3266 2051 a
3294 1991 3361 2052 te
3400 1983 3599 2064 datis,
3642 1986 3817 2054 sicut
3847 1988 4142 2056 faciebas
4171 2011 4299 2056 an-

2736 2092 2945 2183 tiquis
2991 2092 3323 2182 patribus,
3385 2092 3504 2160 sed
3542 2095 3763 2186 magis
3813 2095 4120 2166 dimittes
4168 2121 4296 2167 nos

2736 2199 3108 2268 secundum
3192 2201 3598 2268 exteriorem
3673 2205 4144 2294 apparentiam
4222 2208 4290 2274 in

2735 2306 3053 2375 manibus
3120 2329 3382 2376 eorum.
3439 2309 3706 2377 Daniel.
3780 2334 3877 2390 m,
3933 2313 4072 2379 32:
4131 2314 4291 2381 Tra·

2737 2414 2980 2482 didisti
3014 2437 3139 2481 nos
3169 2416 3238 2481 in
3296 2416 3617 2483 manibus
3666 2418 4110 2487 inimieorum
4159 2445 4292 2490 no-

2732 2533 3031 2590 strorum
3068 2524 3563 2614 iniquorum‚et
3592 2527 4077 2616 pessimorum,
4115 2553 4291 2621 pree·

2739 2632 3355 2721 varicatorumque.
3393 2631 3656 2698 Daniel.
3699 2656 3792 2710 nx,
3837 2635 3915 2701 Η
3951 2657 3966 2702 z
4037 2637 4289 2726 Viqila·

2737 2740 2832 2805 vit
2862 2739 3204 2805 Dominus
3228 2762 3435 2830 super
3472 2740 3852 2822 malitiam,
3894 2753 3960 2810 et
3988 2743 4291 2813 adducit

2734 2869 2883 2914 eam
2909 2869 3120 2938 super
3145 2870 3287 2914 nos.

2824 3200 2860 3237 a
2914 3176 3025 3241 Da
3066 3172 3284 3240 nobis.
3327 3202 3359 3234 ι»
3402 3173 3526 3241 llic
3583 3176 3856 3243 tertium
3902 3174 4107 3265 liujus
4140 3200 4288 3269 par-

2735 3281 2845 3360 tis,
2888 3281 2957 3347 in
2987 3303 3125 3371 quo
3155 3289 3518 3370 postquam
3559 3285 3874 3373 qua-sivit
3920 3308 4041 3375 per
4079 3309 4285 3377 quem

2735 3391 2943 3480 possit
2996 3392 3139 3458 lieri
3205 3391 3517 3469 salvati0‚
3577 3401 3643 3460 et
3706 3417 4036 3485 responso
4104 3396 4289 3487 quod

2734 3521 2855 3587 per
2900 3498 3273 3566 Dominum
3325 3498 3790 3581 solummodo,
3850 3502 4295 3594 subjungitur

2733 3605 3140 3696 supplicatio
3180 3613 3250 3672 ut
3289 3630 3410 3697 per
3452 3608 3679 3697 ipsum
3711 3609 3827 3676 liat
3863 3633 3880 3678 ε
3933 3619 3999 3679 et
4041 3611 4291 3679 dicun-

2734 3722 2845 3781 tur
2870 3713 3032 3780 duo,
3070 3713 3325 3791 Primo,
3360 3714 3767 3805 supplicatio
3807 3727 3879 3786 ut
3913 3742 4036 3809 per
4063 3720 4289 3811 ipsum

2736 3822 2846 3888 liat
2877 3819 3221 3889 liberatio.
3258 3821 3603 3909 Secundo,
3636 3826 3922 3894 assertio
3959 3827 4146 3918 quod
4178 3828 4288 3896 liet

2732 3936 3086 4018 tamquam
3119 3951 3157 3994 a
3213 3936 3396 3995 certo
3454 3952 3576 4019 per
3620 3931 3935 4022 spiritum
3995 3931 4290 4025 propbe-

2735 4035 2868 4116 tiae,
2910 4034 3032 4121 ibi,
3073 4042 3139 4112 ἵ.
3178 4037 3259 4103 Η
3294 4058 3309 4102 :
3357 4060 3392 4101 ι
3424 4037 3506 4105 ln
3535 4040 3683 4107 Deo
3711 4042 4078 4129 faciemus.
4119 4067 4154 4109 s

2824 4142 2901 4210 ln
2941 4143 3163 4233 prima
3193 4142 3353 4210 duo.
3393 4142 3653 4226 l’rimo,
3688 4148 3954 4236 petitio.
4019 4148 4290 4217 Secun-

2735 4251 2845 4327 do,
2881 4251 3229 4342 petitionis
3266 4252 3463 4331 ratio,
3507 4253 3629 4334 ibi,
3681 4283 3715 4318 α
3766 4258 3952 4340 Quia
4005 4280 4213 4326 vana.
4252 4286 4288 4321 ι

2824 4357 2999 4425 l)ieit
3035 4381 3280 4450 ergo,:
3341 4359 3481 4444 Sic,
3546 4360 3864 4447 Domine,
3933 4386 4074 4433 non
4115 4364 4293 4434 alius

2732 4490 2940 4558 «piam
2970 4476 3042 4535 tu
3074 4470 3319 4559 poterit
3349 4470 3667 4559 praedicta
3706 4472 3954 4553 facere,
3988 4483 4055 4543 ct
4086 4500 4290 4568 prop·

2731 4583 2835 4642 ter
2897 4572 3028 4642 boc
3093 4597 3439 4666 rogamus,
3501 4602 3533 4643 e
3604 4581 3717 4649 Da
3799 4579 3998 4647 nobis
4070 4584 4291 4651 ausi-

2733 4685 2909 4752 lium
2933 4707 2957 4752 .·
3000 4710 3034 4750 »
3076 4693 3145 4752 et
3182 4683 3336 4769 boc,
3371 4710 3406 4751 ι
3441 4686 3525 4753 de
3562 4687 4041 4771 tribulatione,
4078 4718 4113 4757 ι
4157 4714 4287 4760 nos

2734 4789 3109 4860 liberando.
3157 4791 3404 4883 Supra,
3439 4794 3509 4862 in
3555 4794 3738 4865 l’sal.
3789 4819 3948 4878 xix,
3992 4800 4033 4865 2
4078 4821 4096 4867 ε
4147 4801 4289 4870 Ad-

2719 4899 2927 4990 julor
2956 4901 3027 4967 in
3056 4899 3653 4983 tribulationibus,
3693 4927 3848 4996 qum
3880 4906 4288 4977 inemereent

2731 5032 2852 5075 nos
2889 5009 3122 5075 nimis.
3171 5007 3467 5099 Adjuva,
3528 5009 4042 5082 tribulationem
4104 5023 4287 5084 tem-

2732 5114 3058 5207 perando,
3129 5123 3200 5182 ut
3255 5118 3600 5208 possimus
3665 5121 4029 5201 sustinere,
4110 5125 4285 5193 sicut

2730 5222 3047 5310 adjuvisti
3096 5230 3232 5290 tres
3279 5248 3527 5314 pueros
3591 5227 3658 5293 in
3706 5226 4055 5296 fornace¹.
4115 5230 4136 5298 l
4199 5231 4283 5299 ad

2732 5327 3040 5397 Corinth.
3095 5353 3166 5414 x,
3228 5334 3304 5398 13
3350 5355 3366 5399 ε
3418 5331 3684 5399 Fidelis
3731 5336 3921 5401 Deus
3979 5349 4099 5414 est,
4162 5340 4289 5430 qui

2731 5461 2866 5504 non
2908 5438 3224 5527 patietur
3274 5461 3391 5505 vos
3428 5441 3685 5507 tentari
3707 5463 3925 5533 supra
3988 5444 4066 5510 id
4098 5444 4292 5535 quod

2728 5545 3011 5638 potestis
3044 5567 3069 5613 .·
3103 5545 3228 5613 sed
3247 5547 3460 5636 saciet
3485 5549 3697 5616 etiam
3723 5573 3881 5621 eum
3911 5552 4288 5622 tentatione
