5008 6329
941 4087 999 4156 ὅ

858 4188 1081 4235 Soennda

803 4253 919 4301 μη
933 4244 1122 4293 ΡοεΙηιί.

1959 357 2663 426 COMMENTARIUS
2711 357 2807 424 IN
2853 357 3291 428 PSALMUM
3343 360 3583 429 CXIX.

1201 527 1313 585 tur
1350 521 1496 600 tibi,
1544 545 1585 590 o
1636 526 1866 592 anima
1917 549 2094 610 mea,
2148 536 2380 595 contra
2433 526 2753 615 praedicta

1201 626 1407 693 mala.
1450 629 1578 696 Vel
1619 633 1715 700 sic
1759 656 1773 700 ε
1810 633 2056 711 Quaero
2087 657 2123 700 a
2166 642 2256 712 te,
2309 633 2468 698 dicit
2518 631 2753 698 Domi-

1200 755 1355 815 nuS,
1390 745 1457 804 et
1491 739 1864 829 respondeo
1906 763 1920 806 ε
1973 768 2001 802 «
2038 741 2325 827 Saqittae
2384 740 2679 828 potentis
2713 763 2745 802 ι)

1200 847 1537 912 sermonis
1608 846 1758 924 Dei,
1821 847 2074 914 scilicet
2139 869 2342 914 sacrae
2385 845 2747 936 Scripturae

1197 954 1662 1032 auctoritateS,
1737 978 1770 1018 α
1855 963 2095 1036 acutae,
2159 983 2188 1015 »
2263 955 2739 1045 penetrabiles.

1193 1059 1303 1127 Ad
1335 1061 1545 1129 Hebr.
1583 1084 1678 1143 ιν,
1720 1064 1798 1129 12
1842 1085 1856 1130 :
1922 1066 2119 1132 Vivus
2160 1076 2255 1133 est
2299 1089 2517 1133 sermo
2587 1068 2739 1146 Dei,

1194 1177 1258 1234 et
1298 1170 1577 1257 efficax,
1625 1181 1689 1238 et
1746 1174 2241 1263 penetrabilior
2279 1177 2465 1241 omni
2499 1175 2741 1264 yladio

1195 1276 1509 1367 ancipiti.
1591 1277 1744 1347 Istae
1806 1288 1965 1348 sunt
2027 1283 2285 1373 sagittae
2326 1282 2405 1349 de
2465 1282 2737 1371 quibuS,

1190 1378 1322 1447 Isa.
1378 1404 1525 1462 xm,
1587 1385 1665 1452 18
1711 1407 1726 1452 :
1781 1386 2075 1474 Saqittis
2115 1387 2448 1475 parvulos
2486 1386 2742 1474 interfi-

1189 1488 1389 1556 cient.
1424 1489 1677 1559 Jerem.
1714 1514 1801 1575 ιι,
1842 1493 1914 1558 11
1948 1515 1963 1558 ;
1996 1495 2236 1560 Acuite
2261 1495 2577 1582 saqitlaS,
2605 1495 2740 1560 im-

1180 1593 1368 1683 plete
1384 1595 1781 1685 pharetras.

1282 1730 1315 1764 «
1364 1703 1542 1770 Cum
1582 1704 2014 1774 carbonibus,
2052 1733 2081 1770 n
2147 1704 2552 1775 Sanctorum
2602 1709 2737 1776 sci-

1187 1809 1344 1878 licet
1403 1813 1761 1904 exempliS,
1807 1842 1841 1879 ι(
1897 1814 2352 1895 desolatoriis,
2411 1843 2443 1877 »
2493 1839 2735 1884 carna-

1183 1917 1355 1986 lium
1394 1921 1893 2009 cogitationum
1929 1945 1944 1989 ε
1982 1922 2160 1991 unde
2194 1923 2325 1991 alia
2354 1923 2575 1992 littera
2604 1923 2733 1993 ha-

1182 2025 1321 2104 bet,
1386 2052 1422 2092 «
1486 2027 1890 2099 vastatoriis
1952 2053 1969 2099 ε
2029 2058 2065 2095 n
2136 2033 2253 2122 qui
2318 2033 2501 2100 enim
2558 2033 2730 2103 bene

1180 2133 1567 2203 considerat
1627 2133 2037 2205 Sanctorum
2103 2138 2440 2229 exempla,
2518 2163 2731 2231 quan·

1134 2292 1138 2296 -
1179 2249 1328 2310 tum
1368 2247 1867 2327 sustinuerunt,
1901 2271 2039 2316 non
2070 2247 2291 2316 solum
2332 2272 2369 2317 a
2408 2248 2606 2318 labiis
2664 2259 2730 2320 et

1177 2348 1434 2441 linguis
1475 2353 1752 2443 iniquiS‚
1795 2355 1908 2423 sed
1942 2357 2143 2424 etiam
2185 2357 2727 2447 persecutoribus

1176 2459 1694 2542 crudelissimis,
1789 2464 1976 2531 omni
2037 2465 2134 2532 ira
2185 2472 2253 2533 et
2307 2464 2727 2556 impatientia

1176 2576 1413 2636 contra
1453 2568 1890 2650 ‹len-actores,
1931 2580 1997 2639 et
2036 2572 2118 2639 ad
2149 2571 2405 2640 malum
2446 2573 2726 2644 trahen-

1176 2682 1277 2742 tes
1307 2673 1677 2756 desolatur,
1713 2686 1778 2746 et
1816 2686 2141 2747 vastatur.
2187 2678 2515 2749 Ezechiel.
2543 2706 2609 2759 x,
2637 2685 2676 2750 2
2703 2705 2719 2749 :

1175 2781 1403 2874 Imple
1441 2807 1725 2852 manum
1766 2797 1958 2853 taam
1989 2788 2237 2878 pranis
2286 2789 2487 2877 iynis,
2540 2790 2726 2858 scili-

1174 2898 1278 2958 cet
1336 2890 1773 2975 carbonibus,
1834 2918 1984 2984 qna·
2019 2906 2180 2962 sant
2246 2897 2419 2964 inter
2476 2897 2725 2966 Cheru-

1175 2997 1341 3076 bim,
1373 2997 1526 3089 plus
1566 3008 1667 3068 est
1696 3002 1878 3068 enim
1909 3002 2123 3071 facere
2164 3026 2366 3094 quam
2404 3006 2598 3087 scire,
2659 3018 2725 3075 et

1172 3106 1449 3198 effunde
1502 3131 1709 3201 snper
1770 3113 2137 3193 civitatem,
2207 3112 2274 3180 id
2331 3122 2455 3194 est,
2489 3114 2722 3185 Eccle-

1170 3217 1370 3296 siam,
1441 3228 1516 3288 ut
1571 3219 1655 3288 ad
1716 3221 1970 3290 bonum
2024 3222 2503 3293 inflammetur.
2544 3224 2714 3293 Tob.

1167 3347 1262 3403 vt,
1306 3325 1347 3391 8
1391 3346 1407 3394 t
1448 3326 1694 3394 Cordis
1742 3328 1895 3417 ejas
1934 3330 2383 3420 particulam,
2435 3332 2720 3422 cujusli-

1165 3431 1281 3502 bet
1347 3434 1580 3526 piscis,
1641 3443 1707 3503 et
1763 3437 2009 3504 curiosi
2091 3437 2527 3508 discurrentis
2597 3464 2718 3532 per

1168 3539 1532 3619 mundum,
1581 3543 1645 3609 si
1695 3565 1903 3634 saper
1964 3543 2283 3612 carbones
2330 3570 2579 3637 ponas,
2648 3548 2714 3616 id

1164 3655 1291 3727 est,
1353 3671 1560 3739 super
1624 3649 1938 3741 exempla
1979 3650 2410 3734 Sanctorum,
2471 3657 2714 3745 sumus

1162 3755 1319 3845 ejus
1356 3758 1652 3826 extricat
1681 3783 1876 3827 omne
1918 3783 2135 3850 qentes
2189 3761 2706 3834 daemoniornm.

1259 4110 1290 4147 α
1341 4082 1496 4152 llen
1543 4085 1742 4169 mihi,
1805 4087 1973 4179 qaia
2014 4087 2351 4159 incolatus
2388 4096 2628 4161 meas!
2660 4123 2689 4159 ι

1154 4187 1282 4257 llic
1324 4191 1623 4260 secunda
1673 4216 1826 4284 pars
1874 4192 2153 4278 Psalmi,
2197 4197 2263 4264 in
2321 4221 2457 4289 qua
2510 4210 2704 4291 post-

1150 4320 1358 4388 quam
1399 4299 1695 4368 ostendit
1734 4323 1806 4368 se
1870 4324 2125 4382 orasse,
2184 4327 2336 4373 cum
2397 4316 2573 4376 esset
2630 4308 2697 4376 in

1148 4404 1443 4472 miseriis
1496 4427 1622 4497 pro
1679 4430 1802 4475 sua
1867 4406 2286 4493 liberatione,
2355 4414 2696 4503 specificat

1146 4512 1635 4604 impedimenta
1684 4515 2085 4600 detinentia,
2135 4527 2208 4586 ut
2264 4542 2404 4588 non
2465 4533 2692 4614 posset

1143 4619 1327 4687 exire
1374 4641 1390 4687 ε
1425 4627 1493 4689 et
1522 4619 1842 4690 dicuntur
1876 4622 2039 4691 duo.
2083 4623 2340 4705 Primo,
2400 4628 2693 4718 impedi-

1142 4735 1376 4795 menta
1415 4737 1796 4809 enumerat,
1840 4737 1908 4800 et
1936 4732 2176 4822 tangit.
2212 4731 2553 4818 Secundo,
2587 4759 2692 4805 os·

1140 4834 1354 4902 tendit
1393 4834 1687 4925 qualiter
1716 4860 1787 4905 se
1826 4835 2163 4919 habuerit,
2223 4849 2552 4932 quantum
2601 4843 2687 4911 ad

1136 4940 1395 5034 aliquid
1430 4940 1732 5023 illorum,
1766 4944 1884 5024 ibi,
1919 4954 1982 5022 5.
2018 4948 2056 5014 ἰ’
2094 4970 2110 5015 :
2156 4976 2190 5011 α
2226 4951 2398 5017 Cum
2429 4950 2537 5018 liis
2563 4952 2688 5043 qui

1134 5050 1452 5119 oderunt.
1502 5075 1535 5116 ι

1224 5157 1301 5226 ln
1343 5159 1564 5250 prima
1595 5159 1748 5240 tria,
1799 5162 2171 5230 secundum
2218 5166 2344 5233 tria
2391 5166 2684 5256 impedi-

1132 5272 1366 5332 menta
1413 5286 1567 5355 quoe
1606 5264 1846 5354 tangit.
1899 5263 2229 5346 Primum,
2265 5269 2478 5339 exsilii
2520 5295 2683 5363 pro-

1129 5370 1464 5462 longatio.
1513 5371 1935 5457 Secundum,
1972 5396 2127 5442 cum
2159 5376 2355 5446 malis
2411 5376 2682 5448 habita·

1126 5476 1251 5558 tio,
1287 5474 1408 5557 ibi,
1452 5504 1484 5536 κ
1523 5475 1857 5545 llabitavi
1892 5500 2045 5546 cnm
2102 5480 2592 5553 babitantibus.
2642 5513 2675 5549 ι

1124 5583 1461 5662 Tertium,
1532 5584 1778 5651 mentis
1843 5588 2179 5677 evagati0‚
2242 5591 2358 5671 ibi,
2425 5598 2489 5668 5.
2553 5594 2593 5660 6
2653 5613 2671 5661 t

1131 5718 1164 5759 ι
1199 5691 1511 5762 Multam
1554 5692 1803 5760 incola.
1852 5721 1886 5757 n

4294 359 4430 426 343

2950 525 3130 591 Dicit
3187 548 3348 615 ergo
3396 549 3409 593 :
3469 526 3582 592 Sic
3647 527 3966 604 clamavi,
4017 524 4420 603 deliberavi,

2857 641 2921 698 et
2953 633 3180 699 inveni
3218 655 3231 700 :
3270 633 3378 699 vel
3418 633 3760 700 Dominus
3828 633 4302 723 interrogavit,
4357 640 4424 698 et

2852 741 3140 829 ipsemet
3179 741 3383 808 solvit.
3434 765 3448 807 ε
3510 751 3575 809 et
3627 743 3833 809 etiam
3902 741 4291 819 clamandO,
4355 748 4421 807 et

2851 849 3258 940 suspirando
3318 850 3455 916 dixi
3512 874 3525 915 :
3584 875 3615 915 α
3651 852 3803 917 Ilea
3849 849 4075 916 milei!
4120 874 4150 913 »
4212 871 4312 915 vae
4355 856 4420 914 et

2852 958 3128 1024 miseria
3194 965 3293 1024 est
3333 956 3526 1034 mihi,
3600 965 3666 1024 et
3706 966 3806 1024 est
3846 957 4415 1046 impedimentum

2850 1062 2935 1129 ad
2963 1062 3255 1145 bonum,
3302 1089 3334 1127 α
3368 1065 3537 1152 qaia
3579 1063 3925 1131 incolatus
3974 1086 4189 1142 meas,
4258 1087 4292 1128 n
4346 1064 4416 1129 in

2847 1167 2954 1235 his
2985 1170 3306 1247 miseriis,
3346 1196 3377 1234 α
3405 1171 3870 1260 prolonqatas
3900 1181 4021 1238 est.
4070 1195 4104 1236 n
4150 1170 4308 1250 Job,
4340 1194 4410 1249 x,

2851 1272 2882 1337 1
2932 1293 2947 1338 ε
3036 1272 3258 1340 Taedet
3325 1274 3636 1342 animam
3704 1297 3930 1342 meam
3990 1276 4147 1342 vitae
4221 1297 4407 1342 meae.

2847 1377 3155 1471 Sapient.
3190 1404 3262 1461 ιι,
3314 1384 3341 1449 1
3383 1405 3397 1448 :
3443 1383 3616 1451 Cum
3645 1384 3849 1450 toedio
3881 1393 3980 1451 est
4009 1394 4276 1473 tempus
4314 1383 4411 1449 vi·

2843 1500 2930 1557 tae
2974 1499 3243 1558 nostrae.
3302 1490 3415 1559 Sic
3466 1493 3787 1583 gemebat
3833 1492 4236 1583 ApostoluS,
4291 1492 4404 1583 qui

2842 1596 3131 1681 dicebat,
3168 1598 3253 1666 ad
3284 1598 3578 1666 Roman.
3613 1624 3735 1683 vn,
3772 1603 3857 1667 24
3895 1622 3910 1667 ε
3966 1601 4236 1692 Infelix·
4283 1623 4404 1689 eqo

2840 1702 3087 1769 homo!
3122 1704 3279 1794 quis
3318 1727 3422 1770 me
3455 1703 3781 1773 liberabit
3810 1706 3895 1772 de
3923 1728 4203 1798 corpore
4231 1727 4402 1772 mor·

2838 1810 2927 1877 tis
2962 1809 3182 1899 bajus
3208 1808 3248 1877 ?

2930 2049 2963 2090 ι
2996 2025 3331 2093 IIabitavi
3357 2050 3512 2094 cum
3542 2027 4026 2098 habitantibus
4075 2031 4322 2100 Cedar.
4358 2056 4391 2097 ι

2834 2129 3007 2200 Ecce
3039 2133 3439 2202 secundum.
3475 2135 3627 2203 Ileu
3661 2144 3761 2204 est
3812 2137 4009 2216 mihi,
4074 2140 4237 2229 quia
4285 2141 4395 2206 in-

2833 2239 3094 2308 colatus
3160 2266 3354 2311 meus
3394 2251 3494 2312 est
3559 2244 4061 2336 prolongatus!
4141 2247 4261 2316 sed
4334 2249 4389 2314 si

2831 2371 2989 2416 cum
3029 2348 3228 2420 bonis
3285 2362 3461 2421 esset
3515 2352 3878 2435 habitatio,
3936 2355 4068 2425 hoc
4134 2356 4390 2448 aliquid

2831 2466 3008 2525 esset
3050 2481 3065 2527 ε
3101 2461 3221 2528 sed
3264 2489 3297 2524 α
3345 2461 3661 2531 habitavi
3706 2486 3863 2532 cum
3913 2463 4391 2535 habitantibus

2832 2567 3079 2638 Cedar.
3118 2594 3151 2635 ι
3186 2568 3402 2639 Cedar
3439 2571 3567 2640 fuit
3603 2572 3854 2656 maluS,
3892 2573 4017 2642 ruit
4074 2575 4259 2642 enim
4308 2573 4391 2643 de

2829 2675 2987 2744 filiis
3016 2677 3263 2746 Ismael
3300 2702 3316 2746 ε
3369 2679 3489 2748 sed
3528 2679 3907 2748 secundum
3957 2680 4092 2751 hoc
4150 2681 4395 2752 melior

2830 2783 2960 2852 alia
2993 2785 3344 2856 translatio
3395 2812 3546 2879 qua:
3607 2787 3841 2867 habet,
3881 2818 3915 2853 «
3951 2813 4108 2858 cum
4166 2791 4399 2861 taber-

2826 2890 3087 2959 naculis
3127 2892 3369 2973 Cedar,
3416 2922 3448 2960 »
3496 2894 3626 2963 boc
3690 2904 3814 2976 est,
3866 2920 4021 2964 cum
4068 2898 4398 2967 taberna-

2828 2996 2997 3064 culis
3029 2998 3393 3081 malorum,
3428 3004 3547 3092 qui
3588 3024 3710 3094 per
3750 3002 3969 3071 Cedar
3998 3013 4157 3073 sunt
4201 3007 4398 3075 intel·

2829 3104 3107 3197 ligendi.
3182 3106 3256 3175 Si
3315 3117 3545 3178 autem
3614 3119 3739 3190 est,
3801 3111 4145 3182 Ilabitaci
4234 3137 4391 3183 cum

2824 3211 3299 3282 habitantibus
3358 3215 3608 3297 Cedar,
3662 3218 3753 3285 ibi
3827 3217 4052 3287 Cedar
4098 3223 4393 3290 sumitur

2824 3343 2949 3411 pro
3009 3321 3569 3414 interpretatione
3624 3349 3749 3394 sua
3815 3349 3829 3392 :
3904 3327 4392 3419 interpretatur

2823 3430 3007 3496 enim
3040 3429 3328 3499 tenebra}
3359 3455 3381 3498 .·
3422 3441 3489 3500 et
3529 3440 3628 3501 est
3686 3457 3928 3503 sensus
3972 3458 3988 3502 ε
4064 3435 4385 3507 liabitavi

2821 3561 2977 3605 cum
3038 3537 3502 3609 habitantibus
3571 3542 3911 3625 tenebras,
3981 3568 4135 3614 cum
4190 3547 4388 3616 malis

2820 3643 3099 3726 scilicet,
3160 3648 3274 3737 qui
3327 3645 3637 3716 habitant
3695 3651 4011 3720 tenebras
4061 3664 4386 3744 peccato-

2820 3780 2972 3825 rum
3002 3781 3125 3849 per
3161 3781 3493 3832 amorem.
3526 3761 3733 3831 Joan.
3771 3786 3869 3844 ιιι,
3918 3765 3998 3833 19
4043 3787 4059 3833 :
4096 3768 4386 3837 Dilexe-

2816 3876 2984 3936 rant
3010 3868 3318 3939 homines
3356 3874 3585 3962 maqis
3640 3873 3955 3942 tenebras
3991 3899 4205 3967 quam
4268 3878 4384 3946 ln-

2812 3997 2980 4043 cem.
3033 3976 3195 4063 Job,
3245 4002 3409 4064 xxx,
3465 3983 3552 4048 29
3607 4003 3623 4048 ε
3678 3983 3930 4049 Frater
3971 3984 4091 4073 lui
4128 3984 4379 4054 draco-

2808 4094 3080 4163 num,et
3105 4087 3330 4155 socias
3370 4088 3872 4157 struthionum.
3917 4088 4255 4161 Ezechiel.
4299 4116 4372 4181 ιι,

2808 4193 2849 4254 6
2903 4213 2919 4258 :
2964 4193 3114 4261 Fili
3145 4195 3562 4274 hominis,...
3617 4195 3965 4266 increduli
3999 4209 4065 4267 et
4089 4199 4377 4270 snbver-

2801 4320 2990 4367 sores
3040 4311 3204 4369 sant
3260 4312 3505 4385 tecam,
3562 4313 3627 4372 et
3682 4327 3840 4373 cam
3894 4308 4373 4399 scorpionibus

2801 4405 3101 4481 liabitas.
3157 4410 3408 4481 Thren.
3468 4435 3517 4491 ι,
3576 4414 3616 4480 3
3661 4434 3679 4480 2
3760 4413 4130 4484 llabitavit
4191 4417 4371 4486 inter

2804 4522 3071 4600 GenteS,
3103 4543 3224 4589 nec
3248 4522 3503 4589 invenit
3531 4522 3862 4612 requiem.

2887 4836 3247 4906 «Multum
3279 4838 3585 4909 incola.»
3622 4839 3752 4910 llic
3790 4842 4096 4911 tertium.
4141 4842 4351 4924 Quasi

2791 4942 3094 5013 diceret:
3140 4942 3254 5015 Sic
3286 4945 3623 5015 incolatus
3654 4970 3851 5016 meus
3904 4949 4351 5043 prolongatus
4477 5049 4483 5055 ⁸

2789 5062 2914 5134 est,
2932 5054 3109 5122 inter
3127 5053 3345 5122 malos
3374 5056 3657 5136 scilicet,
3681 5057 3860 5125 inter
3877 5080 4052 5149 quos
4072 5069 4138 5128 et
4154 5086 4187 5126 α
4202 5065 4353 5130 ani·

2788 5184 2904 5228 ma
2927 5185 3103 5247 mea,
3142 5186 3175 5227 ι
3210 5184 3360 5254 quae
3383 5162 3663 5231 deberet
3691 5163 3944 5232 divinis
3969 5167 4346 5256 intendere,

2791 5296 2824 5337 ι
2852 5272 2999 5361 Ιιιίι
3027 5270 3330 5339 micltum
3363 5273 3616 5350 incola,
3657 5297 3690 5338 ι
3727 5271 3793 5339 id
3826 5280 3954 5355 est,
3988 5274 4058 5343 in
4091 5276 4347 5348 multos

2784 5379 3034 5465 incola,
3078 5387 3144 5448 et
3194 5380 3541 5472 vagando,
3604 5387 3673 5448 et
3726 5380 4170 5454 discurrendo
4226 5411 4351 5478 per

2784 5487 3026 5556 multa.
3067 5485 3224 5565 Vel,
3267 5489 3566 5557 multam
3599 5487 3857 5569 incola,
3901 5492 4196 5561 multum
4239 5494 4349 5565 his

2783 5594 3071 5661 terrenis
3100 5594 3334 5663 intixa.
3375 5592 3504 5661 lsa.
3537 5616 3654 5675 ιιι,
3687 5595 3729 5663 ⁴·
3772 5617 3792 5669 ε
3825 5597 3909 5666 In
3943 5601 4346 5695 Aiyyptnm

2786 5700 3129 5772 descmdit
3157 5702 3468 5795 populus
3497 5725 3713 5787 meas,
3750 5715 3828 5775 ut
3863 5708 4151 5777 colonus
4179 5720 4347 5778 esset
