5008 6329
749 283 878 349 436

829 477 861 518 α
904 453 1096 520 Filia
1161 446 1567 536 Babylonis.
1615 472 1647 506 ι)
1721 443 1845 510 Hic
1887 441 2291 510 secundum.

741 559 1103 628 Praemissa
1139 554 1322 621 enim
1363 553 1848 644 imprecatione
1888 558 2128 618 contra
2167 547 2298 616 ini-

739 668 975 741 micOS‚
1012 662 1122 730 hie
1160 660 1596 751 subjungitur
1635 660 1718 728 de
1758 658 2158 728 eorumdem
2200 658 2297 722 ir-

739 769 989 835 risione
1024 788 1039 832 :
1086 774 1153 833 et
1189 774 1564 856 tanguntur
1610 765 1762 831 tria.
1805 763 2066 838 Primo,
2109 780 2296 850 prae-

740 873 900 940 dicit
954 874 1087 941 cito
1152 873 1452 949 futuram
1519 870 1865 938 miseriam
1905 864 2294 956 Babyloni-

740 1002 912 1048 cam.
969 979 1311 1059 Secunde,
1373 977 1649 1045 beatum
1705 976 1921 1064 ipsam
1976 971 2294 1062 affligen-

739 1094 902 1168 tem,
936 1085 1055 1169 ibi,
1093 1110 1128 1150 α
1160 1086 1418 1151 Beatus
1438 1082 1562 1172 qui
1590 1079 1939 1147 retribuet.
1967 1106 1999 1140 ι)
2031 1077 2285 1157 Terti0,

743 1213 1018 1259 causam
1081 1194 1291 1256 tantae
1357 1186 1674 1270 miseriae,
1737 1193 1803 1253 et
1850 1182 2290 1253 beatitudinis

739 1296 1292 1389 impugnantium
1322 1316 1501 1376 eam,
1542 1292 1662 1372 ibi,
1704 1299 1769 1369 5.
1804 1295 1843 1360 9
1889 1312 1905 1360 :
1954 1320 1987 1353 «
2031 1293 2290 1359 Beatus

737 1406 859 1496 qui
884 1403 1159 1472 tenebit.
1197 1427 1231 1469 ι

822 1513 1005 1581 Dicit
1042 1535 1203 1603 ergo
1248 1535 1265 1580 ε
1326 1510 1439 1579 Sic
1494 1511 1758 1601 rogavi,
1803 1507 1986 1599 quod
2041 1508 2287 1576 Domi-

737 1644 865 1689 nus
905 1620 1199 1689 [iliorum
1237 1619 1484 1702 Edom,
1527 1626 1595 1686 et
1649 1641 1771 1707 per
1812 1616 1944 1686 hoc
1974 1618 2284 1684 omnium

738 1729 1281 1797 adversariorum
1321 1733 1714 1793 nostrorum
1756 1723 2171 1807 recordetur,
2221 1733 2288 1792 et

738 1837 912 1915 dice,
942 1860 983 1903 o
1017 1862 1050 1901 s
1090 1835 1249 1925 filia
1280 1833 1685 1924 Babylonis,
1734 1858 1765 1899 ι
1799 1832 1867 1900 id
1906 1841 2029 1916 est,
2066 1831 2288 1923 Baby-

739 1944 852 2013 lon
920 1968 937 2014 :
997 1944 1157 2033 filia
1214 1943 1397 2012 enim
1453 1943 1842 2033 frequenter
1898 1940 2279 2031 superfluit,

751 2082 782 2117 ιι
801 2054 1072 2130 misera,
1100 2049 1415 2141 »supple,
1449 2057 1629 2127 eS,et
1651 2047 1766 2115 illa
1794 2047 2187 2130 materialiS,
2215 2056 2287 2115 et

737 2160 1103 2254 spiritualis
1147 2167 1424 2251 propter
1479 2167 1856 2249 peccatum,
1900 2156 2085 2248 quod
2121 2179 2283 2226 vere

739 2272 1079 2339 miseriam
1112 2268 1392 2337 inducit.
1429 2265 1760 2335 Proverb.
1797 2289 1936 2347 xw,
1973 2265 2058 2333 34
2091 2285 2107 2333 :
2148 2265 2286 2333 Mi-

733 2399 914 2446 seros
1005 2377 1142 2444 acit
1199 2375 1496 2466 populos
1572 2384 1951 2463 peccatum.
2024 2370 2281 2439 Omnes

735 2494 960 2554 autem
1010 2491 1390 2574 peccatores
1438 2481 1758 2549 dicuntur
1802 2480 2056 2571 optime
2091 2479 2278 2568 filia,

735 2594 892 2684 quia
923 2598 1337 2682 generantur
1365 2611 1449 2656 ex
1478 2596 1667 2678 patre
1728 2586 2003 2655 diabolo
2046 2595 2111 2654 et
2139 2608 2283 2655 car-

734 2701 865 2768 nali
924 2696 1494 2788 concupiscentia.
1556 2693 1889 2763 Ezechiel.
1953 2715 2091 2770 xvi,
2165 2693 2205 2761 3
2258 2712 2273 2760 ε

731 2811 939 2877 Pater
976 2818 1138 2876 tuus
1200 2805 1662 2881 AmorrhaeuS,
1747 2814 1812 2871 et
1867 2810 2090 2869 mater
2156 2810 2281 2869 tua

693 2916 1023 3011 ’cecla-a.
1080 2912 1280 2980 Joan.
1349 2932 1494 2987 vm,
1538 2910 1682 2978 44:
1762 2911 1885 2976 Vos
1935 2931 2023 2976 etc
2079 2916 2281 2998 patre

731 3020 1011 3089 diabolo
1039 3021 1220 3088 estis.

814 3263 846 3297 a
892 3236 1147 3303 Beatus
1193 3233 1317 3323 qui
1377 3230 1728 3300 retribuet.
1783 3254 1817 3296 ι
1866 3229 1997 3297 llic
2040 3250 2281 3297 secun-

725 3340 911 3409 dum.
953 3338 1163 3419 Quasi
1191 3337 1446 3407 diceret
1479 3357 1495 3404 z
1534 3335 1608 3403 Si
1644 3345 1712 3404 tu
1745 3358 1816 3403 es
1848 3337 2121 3411 misera,
2160 3331 2279 3401 sed

724 3472 760 3508 α
792 3445 982 3534 qui,»
1018 3442 1086 3509 id
1116 3448 1241 3519 est,
1266 3442 1683 3532 quicumque
1728 3469 1761 3502 «
1812 3438 2139 3506 retribuet
2167 3458 2281 3505 re-

722 3550 1161 3619 tributionem
1208 3558 1404 3615 tuam
1443 3569 1658 3639 quam
1715 3544 2102 3613 retribuisti
2148 3567 2280 3612 no-

724 3660 850 3737 bis,
885 3658 1143 3736 beatus,
1179 3681 1213 3723 ι
1246 3654 1513 3747 supple,
1564 3655 1713 3723 erit.
1758 3652 1886 3721 Vel
1917 3661 2019 3721 est
2065 3673 2082 3722 ε
2116 3652 2277 3743 quia

721 3769 863 3859 ipse
918 3775 1021 3834 est
1075 3765 1216 3855 ipse
1275 3763 1458 3830 Deus
1496 3768 1564 3829 et
1614 3761 1952 3829 Dominus
2011 3768 2272 3840 noster,

722 3876 836 3967 qui
867 3882 938 3943 et
975 3871 1107 3941 illis
1151 3869 1557 3940 litteralibus
1597 3868 1890 3936 inimicis
1936 3866 2271 3945 retribuit,

723 3991 790 4050 et
853 3977 1317 4072 spiritualibus
1391 3975 1742 4045 retribuet.
1813 3974 1914 4042 De
1998 3970 2275 4041 litterali

722 4087 996 4181 quidem
1036 4085 1293 4155 dictum
1332 4091 1458 4162 est,
1491 4082 1747 4151 Jerem.
1781 4103 1868 4158 m,
1913 4081 1999 4148 20
2044 4101 2061 4146 :
2108 4079 2277 4149 Col-

728 4196 889 4264 Iidis
926 4203 1003 4262 tu
1029 4193 1204 4261 milei
1231 4214 1397 4259 vasa
1428 4188 1621 4269 belli,
1648 4211 1839 4257 meos
1877 4188 2122 4256 acriter
2150 4188 2276 4255 im-

722 4303 1115 4395 pugnando,
1156 4308 1221 4368 et
1256 4322 1378 4391 eqo
1408 4297 1742 4367 collidam
1774 4297 1845 4364 in
1897 4306 1961 4363 te
2003 4296 2267 4365 Gentes.

723 4410 821 4480 De
849 4406 1183 4500 spirituali
1213 4415 1441 4476 autem
1472 4405 1743 4483 dicitur,
1780 4402 1911 4471 lsa.
1946 4424 2161 4484 xxvu,
2184 4404 2267 4473 8:

721 4521 802 4589 In
839 4539 1161 4587 mensura
1196 4524 1434 4583 contra
1484 4535 1901 4595 mensuram,
1950 4533 2109 4580 cum
2146 4509 2277 4580 ab-

710 4628 903 4721 jecta
937 4624 1178 4716 suerit,
1206 4619 1572 4712 judicabis
1623 4642 1802 4689 eam.
1861 4617 2105 4689 Matth.
2147 4641 2270 4700 vn,

723 4737 806 4803 27
852 4757 869 4802 :
924 4734 1007 4801 In
1044 4754 1185 4824 qua
1221 4751 1545 4798 mensura
1573 4727 1790 4796 mensi
1811 4727 2116 4818 fueritis,
2159 4748 2273 4795 rc-

723 4841 1039 4909 metietur
1073 4836 1262 4906 vobis
1293 4838 1336 4904 ¹.
1380 4833 1665 4927 Apocal.
1692 4856 1857 4914 xvu,
1900 4834 1939 4902 ‘1
1976 4855 1993 4901 ε
2043 4832 2275 4918 Quan-

722 4959 867 5017 tum
922 4945 1349 5038 qlorificavit
1380 4965 1477 5024 se,
1510 4951 1573 5011 et
1636 4942 1710 5010 in
1767 4939 2035 5009 deliciis
2096 4939 2271 5031 su'it,

723 5061 994 5123 tautum
1030 5050 1188 5118 date
1225 5048 1342 5116 illi
1387 5057 1826 5125 tormentum,
1868 5057 1935 5115 et
1977 5047 2267 5115 luctum.

724 5155 1101 5228 lMachab.
1154 5178 1226 5237 11,
1279 5156 1364 5223 68
1413 5176 1430 5223 :
1478 5151 1827 5222 Retribuit
1871 5151 2276 5221 retributio-

726 5289 877 5336 nem
919 5264 1270 5336 GentibuS.

802 5639 823 5676 ¹
851 5633 938 5695 Cf.
969 5635 1142 5690 Marc.
1175 5648 1255 5702 iv,
1285 5631 1378 5687 24.

1615 276 1702 342 D.
1752 273 1954 341 ALB.
2006 270 2226 338 MAG.
2280 268 2492 338 ORD.
2550 267 2856 338 PRAED.

2510 463 2545 504 ι
2595 441 2853 507 Beatus
2889 440 3012 531 qui
3058 438 3328 507 tenebit.
3391 464 3424 504 »
3477 440 3606 507 Hic
3658 442 3962 509 tertium»

2410 548 2483 616 in
2523 572 2661 640 quo
2711 550 3013 639 assignat
3069 558 3274 618 tantae
3325 550 3616 617 miseriae
3658 573 3958 631 causam,

2410 664 2478 724 et
2516 655 2958 749 beatitudinis
2989 657 3542 747 impugnantium
3585 655 3797 723 illam.

2496 760 2615 827 Ait
2653 762 2838 828 enim
2881 782 2896 826 :
2938 759 3051 828 Sic
3079 761 3248 842 dixi,
3284 763 3472 851 quod
3510 763 3760 830 misera
3788 784 3885 841 eS,
3921 785 3960 830 o

2406 866 2749 957 Babylon,
2784 875 2852 934 et
2882 895 2915 930 α
2950 866 3188 934 beatus
3207 868 3330 957 qui
3351 867 3480 935 tibi
3509 867 3834 936 retribuet
3866 891 3889 935 .·
3923 894 3957 931 n

2406 984 2474 1043 et
2500 998 2744 1043 verum
2776 976 2941 1055 dixi,
2979 977 3138 1067 quia
3181 1002 3216 1042 α
3247 977 3373 1068 qui
3411 977 3660 1045 tenebit
3684 1001 3961 1070 parvu-

2407 1085 2511 1152 los
2548 1092 2726 1162 tuos,
2774 1108 2807 1148 s
2841 1093 3072 1174 captos
3102 1092 3178 1151 ut
3206 1105 3347 1151 non
3376 1085 3663 1175 fugiant,
3701 1114 3736 1149 α
3770 1094 3832 1153 et
3862 1086 3967 1153 al-

2407 1190 2577 1260 lidet
2614 1220 2645 1255 »
2698 1192 2853 1261 illos
2903 1218 2938 1256 α
2980 1193 3078 1260 ad
3107 1203 3404 1283 petram,
3464 1220 3495 1255 »ι
3542 1201 3616 1260 ut
3666 1192 3819 1262 illos
3857 1195 3964 1261 in·

2401 1300 2715 1380 terficiat‚
2772 1299 3033 1392 supple,
3094 1298 3334 1368 beatus
3373 1301 3527 1368 erit.
3568 1299 3639 1367 Si
3700 1308 3802 1369 est
3839 1301 3959 1381 ibi,

2402 1432 2440 1470 α
2472 1429 2660 1492 suos,
2710 1430 2744 1472 ι
2778 1429 2918 1475 non
2959 1414 3260 1475 mutatur
3304 1429 3569 1487 sensuS,
3613 1407 3733 1476 sed
3767 1409 3966 1500 quasi

2399 1536 2772 1583 conversus
2803 1514 2887 1582 ad
2918 1514 3086 1582 alios
3115 1514 3423 1605 loquitur
3450 1514 3830 1606 Propheta,
3854 1514 3963 1585 vel

2398 1620 2486 1689 ad
2515 1622 2734 1710 ipsam
2766 1621 3191 1712 Babylonem
3235 1622 3377 1689 sic:
3423 1621 3675 1690 Beatus
3713 1624 3839 1690 erit
3892 1624 3962 1690 in

2396 1734 2488 1805 te,
2533 1728 2648 1817 qui
2669 1726 2927 1795 tenebit
2957 1725 3277 1816 parvulos
3307 1749 3494 1806 suos,
3521 1736 3588 1795 et
3615 1726 3850 1797 allidet
3879 1728 3955 1796 il·

2395 1832 2526 1913 los,
2552 1856 2637 1901 ne
2660 1833 2776 1902 alii
2814 1834 3223 1901 interficiant
3251 1833 3429 1900 illos.
3464 1832 3664 1912 Osee,
3699 1858 3839 1915 xix,
3875 1839 3904 1903 1
3937 1858 3953 1905 z

2391 1942 2477 2008 In
2492 1940 2741 2031 qladio
2751 1948 3060 2032 pereant,
3095 1939 3383 2031 parvuli
3419 1963 3655 2009 eorum
3685 1942 3962 2010 elidan-

2393 2056 2535 2127 tur,
2592 2055 2722 2115 etc.
2782 2046 3031 2114 Beatus
3069 2046 3275 2114 etiam
3315 2047 3432 2137 qui
3471 2045 3792 2137 parvulos
3830 2048 3960 2118 Ba.

2392 2154 2695 2247 bylonis,
2739 2156 2808 2224 id
2839 2164 2963 2237 est,
2998 2155 3262 2235 mundi,
3295 2164 3508 2237 tenet,
3540 2179 3625 2224 ne
3656 2166 3856 2225 ruant
3885 2160 3955 2226 in

2388 2262 2711 2352 peccatis,
2788 2270 2855 2330 et
2895 2260 3109 2329 allidit
3167 2284 3285 2329 eos
3325 2262 3411 2330 ad
3456 2271 3717 2352 petram
3759 2261 3953 2332 Chri-

2388 2378 2596 2448 stum,
2632 2392 2751 2438 eos
2777 2370 2862 2438 ad
2885 2370 3078 2438 illum
3109 2380 3539 2448 convertens,
3567 2381 3635 2440 et
3663 2372 3760 2439 illi
3790 2395 3958 2442 con-

2381 2477 2709 2567 jungens,
2762 2478 2948 2568 quia,
3016 2477 3253 2546 Jacob.
3316 2502 3385 2555 v,
3446 2482 3556 2557 20,
3617 2478 3863 2547 dicitur
3924 2502 3940 2548 ι

2388 2585 2581 2653 Scire
2611 2583 2807 2655 debet
2832 2587 3162 2677 quoniam
3209 2587 3333 2677 qui
3380 2588 3681 2654 concerti
3716 2589 3954 2677 lecerit

2382 2701 2809 2782 peecatorem
2862 2692 2950 2761 ab
2979 2716 3204 2761 errore
3256 2695 3381 2760 υἱῷ·
3435 2716 3602 2770 suae,
3642 2694 3951 2764 salvabit

2387 2798 2701 2866 animam
2730 2797 2889 2888 ejus
2925 2821 2969 2865 a
3008 2809 3247 2877 morte,
3301 2809 3366 2866 ct
3408 2800 3662 2890 operiet
3701 2800 3951 2868 multi-

2388 2903 2701 2971 tudinem
2761 2915 3218 2996 peccatorum.
3296 2905 3547 2972 Beatus
3602 2905 3808 2973 etiam
3882 2909 3950 2974 in

2388 3011 2649 3081 mundo
2680 3021 2810 3097 est,
2843 3013 2957 3105 qui
3008 3013 3358 3104 parvulos,
3417 3022 3648 3082 motus
3692 3014 3950 3085 scilicet

2383 3119 2671 3210 primos,
2705 3142 2848 3189 non
2892 3122 3224 3212 sequitur,
3267 3142 3391 3191 nec
3438 3143 3736 3192 crescere
3785 3144 3943 3214 per-

2384 3226 2642 3295 mittit:
2676 3228 2796 3296 sed
2824 3226 3041 3296 allidit
3080 3227 3233 3295 illos
3276 3228 3358 3295 ad
3408 3238 3668 3320 petram
3745 3228 3946 3298 Chri-

2388 3340 2601 3400 stum.
2647 3332 2677 3400 1
2727 3333 2813 3401 ad
2843 3333 3149 3403 Corinth.
3185 3357 3256 3416 x,
3292 3336 3332 3402 4
3392 3357 3408 3402 :
3456 3337 3666 3404 I’etra
3716 3345 3944 3404 autem

2386 3448 2537 3507 erat
2569 3441 2905 3510 Christus.
2946 3440 3149 3509 Eccli.
3187 3464 3380 3521 xvm,
3413 3444 3498 3510 3⁰
3533 3465 3549 3508 z
3584 3441 3757 3524 Fili,
3790 3454 3946 3534 post

2382 3548 2964 3640 concupiscentias
2992 3558 3149 3616 tuas
3185 3573 3320 3616 non
3350 3572 3489 3630 eas,
3521 3559 3584 3616 et
3623 3574 3666 3616 a
3698 3550 3948 3617 rotun-

2382 3662 2524 3724 tate
2551 3664 2676 3722 tua
2703 3666 3004 3724 avertere
3032 3678 3056 3723 :
3079 3656 3197 3724 sed
3228 3659 3448 3748 magis
3474 3656 3651 3726 elide
3689 3657 3841 3727 illas
3859 3657 3947 3727 ad

2383 3770 2675 3852 petram,
2751 3764 3112 3854 cogitando
3168 3764 3251 3834 de
3305 3767 3453 3855 ejus
3515 3767 3858 3856 passione.
3914 3764 3941 3833 1

2386 3867 2568 3937 Petr.
2638 3892 2734 3950 iv,
2816 3872 2843 3938 1
2914 3892 2931 3940 ε
2994 3871 3262 3941 Christo
3319 3873 3536 3963 iqitur
3584 3896 3789 3966 passo
3872 3876 3944 3944 in

2380 3998 2609 4059 carne,
2634 3986 2700 4045 et
2717 4001 2835 4047 vos
2855 3978 3089 4047 eadem
3108 3982 3524 4071 coqitaticme
3541 3984 3938 4052 enitamini.

2470 4083 2558 4152 Et
2624 4095 2814 4164 nota,
2868 4087 3053 4178 quod
3104 4096 3205 4155 est
3267 4086 3595 4178 parvulus
3652 4090 3937 4169 malitia,
4011 4131 4245 4183 hm...

2381 4192 2411 4260 1
2447 4192 2537 4262 ad
2589 4193 2902 4264 Corinth.
2946 4217 3086 4274 xlv,
3129 4198 3215 4264 20
3261 4220 3279 4265 :
3329 4198 3616 4267 Malitia
3653 4201 3944 4291 parvuli
3969 4188 4100 4287 ''¹⁸22“
4152 4192 4261 4290 “2‘'

2377 4309 2611 4370 estote.
2672 4301 2759 4370 Et
2811 4309 2916 4371 est
2995 4301 3322 4394 parvulus
3395 4306 3753 4396 sapientia,
3832 4307 3941 4377 Ad

2377 4408 2591 4478 Hebr.
2625 4432 2698 4496 v,
2746 4412 2827 4480 13
2885 4434 2902 4480 :
2939 4412 3178 4481 Omnis
3215 4415 3341 4505 qui
3391 4412 3593 4483 Iactis
3633 4424 3734 4484 est
3762 4439 3941 4508 par-

2375 4516 2613 4608 ticeps,
2654 4540 2895 4610 expers
2922 4529 3019 4587 est
3042 4521 3374 4587 sermonis
3389 4519 3698 4608 justitie
3724 4544 3749 4589 .·
3772 4545 3941 4614 par·

2376 4622 2587 4690 vuius
2630 4622 2815 4692 euim
2855 4632 2976 4692 est.
3019 4622 3105 4691 Et
3148 4621 3539 4715 fragilitate,
3590 4624 3842 4696 Thren.
3883 4649 3933 4707 ι,

2377 4729 2419 4797 5
2452 4749 2471 4796 ε
2507 4729 2811 4798 Parvuli
2843 4727 3000 4821 ejus
3027 4728 3221 4799 ducti
3259 4740 3423 4799 sunt
3464 4733 3534 4800 in
3574 4736 3938 4826 captivita-

2377 4845 2514 4903 tem
2542 4845 2705 4904 ante
2752 4836 3007 4926 faciem
3043 4836 3474 4907 tribulantis.
3509 4837 3593 4908 Et
3623 4840 3936 4933 imperfe-

2374 4944 2629 5024 ctione,
2668 4943 2923 5015 Thren.
2955 4967 3051 5029 iv,
3082 4946 3126 5014 4
3172 4968 3189 5016 ε
3235 4946 3538 5015 Parvuli
3585 4949 3935 5041 petierunt

2361 5073 2651 5143 panem,
2708 5062 2774 5120 et
2807 5074 2944 5121 non
3005 5061 3154 5122 erat
3208 5054 3334 5145 qui
3391 5058 3751 5146 lranqeret
3807 5057 3928 5125 eis.

2378 5157 2854 5249 Despectione,
2906 5158 3171 5245 Abdiae,
3213 5166 3278 5238 ᾗ.
3313 5163 3354 5229 2
3406 5184 3424 5231 :
3472 5164 3648 5230 Ecce
3676 5185 3936 5254 parvu-

2379 5264 2530 5335 lum
2567 5266 2733 5335 dedi
2777 5277 2842 5336 te
2887 5267 2961 5335 in
3003 5267 3347 5360 qentibus,
3398 5269 3932 5362 contemptibilis

2379 5381 2456 5441 tu
2485 5396 2553 5441 es
2589 5372 2826 5443 valde.
2858 5373 3292 5463 numilitate,
3323 5373 3571 5445 Matth.
3611 5398 3806 5460 xviu,
3861 5380 3926 5449 3:
