5008 6329
758 333 888 401 432

757 503 975 593 plena.
1026 497 1366 575 Secunde,
1402 491 1853 562 nihilominus
1883 489 2125 578 jugem
2186 504 2310 548 su-

761 634 984 703 pernae
1050 607 1338 676 civitatis
1411 601 1845 680 memoriam,
1904 597 2023 674 ibi,
2056 602 2118 671 5.
2193 593 2232 658 5
2291 610 2306 656 ε

767 751 799 784 «
854 723 936 790 Si
963 717 1221 785 oblitus
1250 719 1474 803 fuera.
1514 738 1547 779 1>

850 826 928 893 In
959 827 1176 916 prima
1214 824 1372 890 duo.
1398 822 1661 897 Prim0,
1697 814 2017 905 exprimit
2047 811 2312 883 ssetum,

763 942 827 1002 et
868 934 1234 1001 miseriam.
1293 927 1640 1004 SecundO,
1685 943 1990 1001 causam,
2025 914 2324 986 insulta-

765 1045 1019 1112 tionem
1051 1042 1304 1111 scilicet
1335 1062 1370 1106 a
1406 1035 1632 1116 maliS,
1668 1033 1787 1109 ibi,
1821 1038 1886 1108 5.
1952 1031 1990 1098 3
2022 1051 2037 1096 z
2082 1054 2114 1090 α
2149 1023 2333 1108 Quia

767 1154 917 1220 illic
949 1152 1561 1240 interroqaverum.
1609 1170 1643 1206 n

852 1258 931 1326 In
969 1260 1190 1348 prima
1228 1254 1390 1323 duo.
1435 1252 1702 1329 Prim0,
1748 1246 2158 1338 exprimitur
2200 1238 2331 1306 mi-

764 1368 940 1435 seria
1002 1374 1069 1434 et
1134 1363 1438 1432 afflietio.
1508 1357 1856 1439 Secundo,
1926 1351 2216 1423 cessatio
2284 1367 2325 1413 a

762 1472 1251 1550 consolatione,
1312 1478 1380 1537 et
1436 1465 1717 1558 gaudio,
1778 1462 1901 1543 ibi,
1932 1467 1998 1537 ᾗ.
2044 1460 2129 1525 2;
2168 1482 2200 1517 «
2234 1454 2321 1520 In

757 1584 1111 1653 salicibus.
1144 1609 1175 1645 n

848 1693 926 1760 In
970 1693 1190 1783 prima
1237 1693 1616 1778 tanguntur
1671 1689 1989 1774 quatuor.
2042 1677 2305 1753 Primo,

753 1801 1056 1891 tangitur
1129 1797 1316 1865 locus
1399 1794 1695 1861 miseriae
1754 1796 1823 1857 et
1888 1782 2300 1855 afflictionis.

756 1907 1096 1987 Secunde,
1146 1911 1361 1972 status
1436 1899 1876 1974 afflictorum,
1908 1893 2029 1972 ibi,
2074 1919 2106 1953 «
2141 1889 2306 1957 Illic

748 2020 1069 2091 sedimus.
1107 2042 1139 2083 n
1172 2015 1425 2092 Tertio,
1451 2009 1699 2078 modus
1729 2004 2143 2087 afflictionis,
2177 1999 2297 2079 ibi,

753 2153 787 2194 ι
821 2130 915 2196 Et
941 2126 1282 2214 flevimus.
1330 2147 1365 2184 n
1409 2117 1700 2198 Quarto,
1734 2123 2008 2204 tempus
2039 2113 2111 2179 in
2163 2128 2301 2199 quo

749 2237 1043 2304 maxime
1074 2229 1576 2320 affligebantur,
1611 2225 1731 2305 ibi,
1769 2248 1803 2289 ι
1853 2224 2024 2292 Cum
2074 2240 2302 2287 recor-

751 2345 1095 2413 daremur.
1135 2364 1169 2406 »
1203 2336 1331 2406 Vel
1372 2337 1579 2405 etiam
1609 2353 1839 2402 causa.

538 2672 581 2732 Ι
844 2664 1018 2733 Dicit
1055 2683 1260 2753 ergo:
1327 2658 1439 2727 Sic
1506 2679 1752 2726 mones
1790 2663 1867 2724 ut
1911 2651 2294 2727 laudemus,

404 2770 724 2871 “‘ffiffiss‘’
752 2782 819 2841 et
881 2770 1348 2843 confiteamur,
1404 2765 1548 2842 sed,
1597 2763 1778 2832 heul
1835 2787 1870 2828 ι
1910 2782 2119 2852 super
2162 2757 2300 2846 flu·

748 2882 938 2947 mina
966 2875 1373 2965 Babylonis,
1412 2899 1445 2937 »
1488 2873 1881 2940 existentes,
1919 2866 2034 2936 Sic
2062 2865 2147 2933 ad
2177 2863 2298 2930 lit-

744 2964 1062 3057 teram⁹in
1111 2980 1446 3051 materiali
1494 2976 1877 3070 Babylonia
1924 2981 2120 3045 erant
2166 2971 2297 3038 ssu-

744 3095 954 3171 mina,
986 3100 1052 3160 et
1091 3090 1187 3157 sic
1215 3109 1422 3180 super
1450 3083 1568 3154 illa
1595 3092 1801 3153 erant
1826 3081 1863 3150 J
1871 3080 2047 3150 udaei
2078 3077 2285 3170 capti-

740 3202 904 3271 vati.

833 3305 1063 3375 «Illic
1114 3302 1441 3372 sedimus,
1480 3324 1514 3366 ι
1586 3298 1759 3367 Ecce
1825 3304 2066 3376 status,
2138 3292 2297 3361 illo-

742 3437 891 3484 rum
929 3411 1315 3482 humiliatio
1353 3407 1655 3477 scilicet:
1699 3406 1769 3474 in
1788 3406 2093 3473 sessione
2110 3401 2295 3469 enirn

741 3522 1123 3591 humiliatio
1160 3519 1579 3610 designatur.
1628 3539 1662 3580 ι
1705 3515 1801 3582 Ει
1851 3512 2200 3603 flevimus,
2256 3531 2290 3573 ι

739 3651 892 3700 ecce
930 3626 1175 3697 modus
1205 3623 1595 3694 afflictionis
1633 3629 1698 3690 et
1748 3619 2064 3699 miseriae,
2107 3613 2298 3684 scili-

738 3745 843 3807 cet
879 3756 1094 3826 usque
1122 3730 1208 3802 ad
1227 3731 1496 3810 fletum,
1532 3754 1567 3795 ι
1591 3749 1750 3796 eum
1776 3724 2299 3796 recordaremur

736 3847 931 3925 Sion,
972 3871 1004 3905 »ι
1036 3842 1120 3910 ad
1146 3839 1482 3908 litteram:
1515 3857 1671 3905 ecce
1688 3844 1984 3925 tempus,
2017 3830 2294 3924 quando

737 3948 1267 4022 recordabantur
1330 3943 1653 4026 civitatis,
1722 3963 1764 4009 a
1829 3962 1964 4032 qua
2047 3937 2292 4028 dejecti

736 4065 950 4126 erant.

388 4165 711 4279 „gfflssggu
827 4165 911 4234 Et
938 4170 1124 4242 nota,
1159 4159 1342 4251 quod
1371 4157 1485 4226 hic
1526 4158 1753 4248 primo
1803 4151 2116 4245 Babylon
2163 4171 2292 4242 ap-

435 4275 654 4321 ⁸⁰¹¹⁸¹⁸⁸¹²
734 4273 1028 4367 pellatur
1060 4268 1429 4361 aliquando
1470 4264 1858 4346 Gentilitas,
1914 4263 2165 4354 Supra,
2219 4260 2289 4327 in

737 4381 917 4451 Psal.
960 4400 1233 4454 mxxvi,
1268 4377 1350 4444 4:
1391 4377 1663 4444 Memor
1724 4394 1838 4440 ero
1909 4368 2187 4451 Rakab,
2226 4377 2292 4435 ει

734 4489 1139 4581 Babylonis,
1173 4495 1300 4554 etc.
1336 4482 1666 4552 Omnium
1705 4480 2047 4549 malorum
2086 4476 2291 4546 colle·

734 4601 894 4679 ctio,
952 4593 1230 4687 Apocal.
1289 4613 1480 4672 xviu,
1550 4595 1591 4657 2
1637 4610 1653 4655 ε
1721 4586 2000 4663 Cecidit,
2044 4583 2287 4653 cecidit

734 4704 1051 4796 Babylon
1081 4724 1365 4791 mayna,
1406 4708 1472 4768 ει
1517 4697 1714 4787 lacta
1770 4703 1870 4764 est
1939 4691 2284 4762 habitatio

734 4812 1250 4883 daemoniorum.
1348 4804 1679 4875 Confusio
1780 4801 1865 4872 de
1957 4797 2278 4893 peccatis,

734 4920 1063 4997 Mich.1v,
1104 4920 1220 4986 10:
1270 4917 1497 4984 Venies
1573 4935 1787 5003 usque
1850 4912 1920 4979 in
1980 4907 2283 4998 Babylo-

731 5052 907 5105 nem,
942 5026 1171 5118 ibique
1201 5021 1628 5091 liberaberis.
1662 5018 1749 5086 Et
1778 5009 2076 5086 mundus
2123 5017 2276 5096 iste,

731 5139 801 5206 in
824 5159 959 5229 quo
979 5133 1141 5203 boni
1166 5132 1346 5200 misti
1369 5138 1529 5197 sunt
1557 5150 1711 5196 cum
1736 5123 1960 5209 malis,
1979 5125 2155 5193 sicut
2175 5143 2282 5190 ac-

730 5248 976 5337 cipitur
994 5242 1130 5326 hic,
1153 5251 1220 5311 et
1241 5241 1370 5309 isa.
1398 5262 1544 5321 xxi,
1570 5238 1610 5304 4
1635 5259 1651 5305 ε
1679 5233 2002 5326 Babylon
2023 5233 2279 5302 dilecta

730 5378 882 5426 mea
910 5353 1140 5445 posita
1169 5360 1266 5419 est
1294 5348 1472 5417 milii
1518 5348 1589 5415 in
1643 5342 2091 5414 miraculum.
2129 5339 2281 5408 nu-

722 5465 838 5556 jus
866 5460 1236 5552 Babylonis
1273 5465 1434 5526 sunt
1464 5456 1779 5536 flumina,
1824 5454 2059 5523 omnia
2105 5459 2280 5520 tem-

802 5693 822 5731 ¹
850 5689 937 5751 Ci-
965 5688 993 5749 1
1017 5689 1185 5747 ioan.
1214 5700 1280 5758 u,
1312 5685 1401 5744 1⁶.

1791 319 1880 390 D.
1929 315 2131 384 ALB.
2182 309 2402 379 MAG.
2456 309 2664 379 ORD.
2716 313 3014 383 PRAED.

2421 480 2707 571 poralia,
2743 506 2893 573 quae
2937 482 3164 554 Sancti
3198 494 3549 555 transeunt
3603 486 3776 554 sicut
3831 485 3970 552 ssu-

2422 611 2601 655 men.
2670 588 2976 681 Sophon.
3039 617 3133 676 ιιι,
3211 597 3346 663 10:
3414 594 3613 662 Ultra
3666 594 3968 680 flumina

2419 701 2824 791 AEtleiopiae,
2871 702 2937 768 id
2966 711 3089 781 est,
3126 705 3388 785 mundi,
3425 703 3580 770 inde
3623 701 3966 792 supplices

2416 808 2572 883 mei,
2617 809 2879 897 supple,
2910 817 3091 877 sunt.
3135 811 3219 877 Et
3260 811 3390 877 alia
3419 812 3547 877 tria
3604 810 3963 876 deterioria

2414 911 2547 994 his,
2592 918 3139 1006 concupiscentia
3187 921 3431 996 carnis,
3486 918 3964 1006 concupiscen-

2413 1022 2506 1088 tia
2581 1022 2964 1106 oculorum,
3016 1034 3082 1092 et
3173 1027 3489 1116 superbia
3570 1028 3751 1106 vitae,
3812 1046 3961 1114 quae

2412 1131 2636 1198 fluunt
2710 1155 2750 1198 a
2823 1132 3078 1201 fomitis
3134 1135 3393 1203 fonte&
3436 1134 3594 1202 Haec
3661 1142 3821 1202 sunt
3879 1132 3961 1200 de

2413 1239 3036 1329 quibus,Habacuc,
3066 1266 3163 1324 ιιι,
3198 1245 3276 1311 8:
3319 1243 3680 1332 Numquid
3715 1243 3786 1309 in
3812 1242 3964 1329 llu-

2408 1347 2714 1415 minibus
2785 1351 3008 1417 iratus
3061 1374 3151 1430 es,
3219 1348 3800 1420 Domine?Certe
3837 1349 3953 1416 ita.

2411 1453 2701 1544 Propter
2735 1455 2869 1524 hoc
2898 1466 3131 1526 monet
3172 1458 3403 1537 lsaiaS,
3446 1481 3648 1539 xnvu,
3686 1460 3724 1524 2
3764 1482 3778 1524 ε
3815 1459 3957 1525 De-

2409 1561 2600 1627 nuda
2625 1565 3124 1654 turpitudinem
3169 1576 3388 1643 cuam,
3416 1566 3793 1657 discooperi
3831 1566 3957 1631 hu-

2408 1691 2701 1749 merum,
2726 1671 2950 1739 revela
2969 1695 3198 1752 crura,
3220 1675 3442 1742 transi
3458 1673 3780 1761 flumina.
3816 1671 3955 1738 Alii

2411 1766 2839 1846 autem'sunt
2869 1779 2995 1847 sub
3061 1780 3458 1848 ssuminibus
3514 1780 3671 1860 illis,
3732 1789 3800 1848 et
3846 1780 3955 1845 vi-

2408 1881 2593 1959 dent,
2638 1890 2706 1948 et
2734 1883 3034 1974 gaudent
3072 1883 3534 1952 vehementer.
3580 1883 3798 1952 Exod.
3832 1907 3949 1958 xv,

2413 1990 2535 2056 10:
2581 1989 2936 2058 Submersi
2986 2001 3151 2059 sunt
3202 1994 3406 2083 quasi
3452 1991 3824 2083 plumbum
3882 1993 3956 2058 in

2407 2097 2608 2186 aquis
2665 2096 3184 2166 vehementibus.
3237 2097 3530 2178 Quidam
3560 2121 3788 2189 supra,
3839 2098 3957 2189 qui

2405 2206 2683 2297 perfecti
2722 2216 2901 2275 sunt.
2947 2208 3207 2276 Daniel.
3262 2231 3381 2285 xn,
3442 2209 3519 2274 6:
3581 2209 3759 2277 Dia-i
3812 2209 3957 2274 viro

2405 2319 2529 2408 qui
2557 2327 2705 2385 erat
2745 2318 3028 2386 indutus
3060 2319 3283 2403 lineis,
3325 2321 3448 2410 qui
3481 2319 3714 2386 stabat
3749 2341 3960 2410 super

2405 2449 2627 2516 aquas
2687 2427 3028 2516 fluminis.
3086 2425 3380 2506 Quidam
3437 2427 3628 2514 juxta
3702 2424 3951 2505 adhuc,

2406 2533 2522 2623 qui
2588 2533 2943 2623 incipiunt,
3016 2540 3084 2600 et
3154 2533 3542 2624 proliciunt.
3616 2530 3953 2600 Ezechiel.

2404 2664 2499 2719 111,
2545 2643 2676 2709 15:
2736 2641 2903 2710 Sedi
2960 2641 3081 2710 ubi
3109 2641 3225 2709 illi
3283 2641 3628 2719 sedebant,
3700 2639 3957 2709 scilicet

2394 2749 2593 2839 juxta
2623 2749 2909 2816 fluvium
2957 2747 3249 2817 Chobar.
3295 2748 3432 2817 Sed
3476 2747 3795 2816 omnibus
3853 2756 3954 2815 est

2402 2856 2732 2934 ssendum,
2789 2855 2952 2923 dum
3003 2855 3441 2924 recordantur
3505 2878 3814 2947 superna>
3863 2856 3955 2922 ci-

2400 2967 2631 3034 vitatis
2665 2964 3067 3035 Jerusalem.
3114 2963 3337 3034 Eccle.
3398 2988 3496 3044 111,
3537 2965 3579 3030 4
3612 2985 3628 3032 ε
3667 2965 3954 3055 Tempus

2396 3075 2642 3167 flendi,
2675 3084 2738 3143 ει
2775 3084 3041 3168 tempus
3067 3073 3363 3152 ridendi,
3396 3071 3658 3164 supple,
3693 3081 3815 3141 est.

2491 3439 2526 3480 ι
2570 3414 2653 3481 In
2680 3410 3036 3481 salicibus.
3085 3435 3119 3477 ι
3164 3411 3527 3479 Praemissa
3560 3411 3833 3478 miseria
3885 3403 3982 3477 et'

2398 3520 2911 3600 lamentatione,
2955 3517 3394 3609 subjungitur
3438 3517 3521 3585 de
3576 3516 3952 3586 cessatione

2399 3627 2630 3719 gaudii
2687 3626 3058 3705 etlaetitiae,
3090 3633 3159 3693 et
3221 3625 3529 3716 loquitur
3585 3622 3957 3715 metapho-

2401 3736 2560 3805 rice.

2486 3844 2603 3912 Ait
2633 3844 2862 3912 enim:
2899 3841 3015 3911 Sic
3044 3842 3359 3911 flevimus
3413 3862 3618 3930 super
3663 3838 3952 3909 flumina

2398 3951 2738 4033 sedentes,
2780 3959 2848 4019 et
2904 3976 2939 4017 ι
2990 3948 3475 4040 suspendimus
3512 3969 3780 4039 orqana
3830 3969 3955 4015 no-

2394 4067 2570 4140 stra,
2604 4080 2638 4122 »
2674 4066 2749 4125 ut
2765 4056 2913 4146 jam
2952 4076 3094 4124 non
3123 4054 3605 4145 gauderemus,
3648 4074 3774 4122 nec
3793 4075 3954 4121 can-

2394 4177 2725 4248 taremus,
2769 4193 2805 4232 α
2850 4167 2920 4235 in
2967 4165 3192 4233 medio
3238 4164 3419 4254 ejus,
3475 4187 3511 4229 ι
3573 4162 3950 4255 Babylonis

2395 4275 2692 4346 scilicet:
2728 4285 2795 4345 et
2820 4274 2979 4356 hoc,
3016 4299 3050 4340 ι
3094 4276 3167 4343 in
3218 4271 3572 4341 salicibus.
3611 4298 3645 4337 ι
3696 4271 3783 4340 Et
3828 4293 3954 4340 no·

2394 4395 2577 4454 tatur
2606 4384 2676 4452 in
2705 4382 2838 4452 hoc
2875 4380 3131 4451 doloris
3171 4380 3635 4472 exaggeratio,
3669 4378 3950 4470 quando

2394 4490 2561 4561 illud
2594 4512 2731 4581 quo
2758 4488 3099 4558 consolari
3129 4487 3441 4557 solebant
3479 4507 3553 4554 se
3583 4486 3651 4553 in
3680 4484 3948 4554 dolori-

2392 4598 2546 4673 bus,
2580 4594 3042 4685 suspenditur.
3075 4591 3233 4670 Job,
3283 4612 3448 4672 xxx,
3490 4593 3603 4669 31,
3670 4589 3940 4658 simile:

2402 4704 2603 4771 Versa
2635 4711 2734 4771 est
2766 4702 2835 4768 in
2868 4700 3132 4768 luctum
3161 4698 3431 4767 eithara
3478 4719 3652 4774 mea,
3705 4706 3771 4765 ει
3821 4719 3946 4764 or-
4068 4786 4072 4790 ,

2382 4831 2649 4902 qanum
2715 4828 2941 4875 meum
2997 4806 3069 4874 in
3142 4826 3368 4873 vocem
3422 4804 3765 4893 flentium.
3802 4801 3934 4871 lsa.

2384 4940 2570 4994 xxiv,
2606 4917 2690 4984 8:
2729 4914 3027 4984 Cessavit
3048 4911 3393 5003 qaudium
3422 4921 3934 5002 tympanorum,

2384 5022 2643 5114 quievit
2667 5020 2934 5089 sonitus
2974 5018 3382 5086 laetantium.

2471 5130 2558 5198 Et
2595 5137 2781 5207 nota,
2816 5126 3002 5220 quod
3037 5124 3277 5193 salices
3312 5123 3630 5192 dicuntur
3662 5121 3825 5189 mali
3864 5129 3933 5191 et
3973 5109 4274 5211 αἵρῖἒὲ,

2384 5235 2682 5328 reprobi,
2706 5242 2982 5325 propter
3001 5229 3550 5308 amaritudinem,
3571 5227 3825 5298 Jerern.
3852 5250 3926 5308 u,
3961 5219 4054 5267 Μ·
4077 5218 4262 5267 ‘⁰¹¹⁸‘-

2387 5348 2467 5414 19
2495 5367 2512 5413 ε
2541 5345 2728 5413 Scito
2757 5353 2821 5409 ει
2836 5340 3013 5422 vide,
3035 5338 3204 5430 quia
3232 5337 3500 5406 malum
3516 5344 3579 5404 ει
3606 5357 3930 5405 amarum

2382 5463 2479 5522 est
2517 5451 2877 5542 reliquisse
2930 5457 2995 5514 ιε
3029 5448 3400 5517 Dominum
3439 5446 3667 5514 Deum
3700 5453 3925 5514 tuum.
