5008 6329
786 4735 1068 4785 montm-

832 4790 1031 4837 omno

797 4856 1064 4894 emmon-

876 4906 996 4946 uno.

1939 147 2646 218 COMMENTARIUS
2700 148 2787 216 ΙΝ
2840 146 3269 213 PSALMUM
3325 145 3497 212 CVI.

1134 328 1197 387 et
1252 318 1635 386 ostenditur
1699 317 1959 388 bonum
2026 320 2297 389 illorum
2366 322 2558 412 quasi
2608 322 2674 385 in

1131 423 1422 492 duobus,
1458 426 1768 494 Primum
1803 437 1902 496 est
1948 428 2257 497 liberatio
2307 427 2579 495 illorum
2636 448 2674 491 a

1130 533 1308 601 malo
1368 536 1695 624 penuriae.
1762 535 2178 617 Secundum,
2224 560 2263 605 a
2302 535 2481 603 malo
2535 535 2675 599 rui-

1131 661 1260 718 nae,
1329 650 1395 708 et
1463 643 1656 731 quusi
1715 644 2033 721 infamiae,
2096 642 2277 733 quod
2343 640 2672 731 templum

1129 757 1270 816 erat
1308 749 1754 827 destructum,
1820 751 1935 829 ibi,
1976 758 2040 825 ὴ.
2087 750 2212 817 39;
2253 773 2286 814 α
2318 751 2415 816 Et
2464 751 2675 840 pauci

1124 858 1302 948 [αοΙί
1327 867 1515 927 sunt.
1552 888 1584 921 n

1212 963 1291 1031 In
1331 966 1551 1054 prima
1580 965 1742 1033 duo.
1782 966 2035 1040 Primo,
2073 963 2380 1033 liberatio
2405 965 2671 1032 illorum

1122 1094 1160 1139 a
1210 1071 1393 1140 malo
1453 1073 1775 1162 penuriae.
1842 1068 2182 1147 Secundo,
2243 1069 2521 1139 effectus
2577 1094 2675 1139 se-

1121 1203 1335 1272 quens
1367 1205 1454 1249 ex
1484 1180 1599 1248 illa
1621 1180 2050 1260 liberatione,
2085 1181 2388 1272 ipsorum
2423 1179 2675 1247 scilicet

1120 1288 1620 1378 multiplicatiO,
1677 1294 1740 1352 et
1800 1289 1868 1353 in
1933 1310 2030 1366 se,
2065 1296 2133 1356 et
2187 1288 2256 1355 in
2315 1288 2480 1382 suist,
2551 1286 2667 1369 ibi,

1115 1402 1179 1470 5.
1224 1394 1309 1461 38
1343 1416 1359 1460 ε
1398 1418 1432 1454 α
1476 1394 1571 1460 Et
1600 1391 1966 1461 benedioeit.
2017 1422 2050 1456 ι)
2440 1402 2447 1408 “

1205 1499 1404 1579 Item,
1465 1499 1822 1589 penuriam
1898 1499 2241 1568 habebant
2303 1499 2667 1591 duplicem,

1118 1607 1453 1684 ciborum,
1490 1616 1556 1674 et
1596 1605 2083 1675 habitatorum.
2123 1607 2219 1675 De
2255 1610 2600 1698 ereptione
2634 1632 2672 1675 a

1115 1716 1337 1806 prima
1378 1716 1624 1805 primo.
1695 1715 1796 1782 De
1862 1715 2207 1806 ereptione
2272 1739 2310 1783 a
2377 1716 2671 1784 secunda

1119 1824 1446 1893 secundo.

1210 1929 1405 2009 ltem,
1449 1932 1518 1997 in
1551 1931 1770 2022 prima
1817 1932 1979 2001 duo.
2029 1932 2285 2012 Primo,
2320 1954 2672 2024 praepara-

1117 2038 1212 2106 tio
1288 2037 1375 2105 ad
1432 2037 2069 2128 multiplicationem
2128 2048 2320 2107 terrae
2394 2061 2672 2107 nascen-

1117 2143 1314 2211 tium.
1362 2141 1707 2226 Secundo,
1768 2144 2266 2235 multiplicatio,
2336 2146 2405 2213 in
2447 2145 2669 2212 medio

1117 2259 1180 2326 ᾗ.
1226 2251 1355 2319 37:
1401 2278 1434 2313 α
1478 2254 1573 2319 Et
1599 2253 1930 2339 lecerunt.
1967 2277 2001 2316 ιι

1207 2361 1284 2428 ln
1316 2361 1536 2452 prima
1591 2362 1720 2428 tria
1785 2361 2157 2429 secundum
2217 2362 2459 2454 triplex
2498 2385 2671 2455 prae-

1118 2471 1563 2562 paratorium.
1615 2471 1923 2538 Primum
1974 2481 2075 2537 est
2123 2480 2319 2538 terra:
2367 2472 2667 2563 irrigatio

1115 2588 1190 2646 ut
1222 2577 1750 2647 humectaretur.
1816 2578 2235 2656 Secundum,
2306 2579 2665 2648 hominum

1120 2684 1553 2766 inhabitatio,
1588 2686 1708 2766 ibi,
1741 2695 1803 2763 >⁸2
1842 2689 1971 2756 36:
2016 2717 2047 2748 «ι
2094 2690 2188 2756 Et
2216 2689 2599 2757 collocavit.
2633 2719 2664 2750 υ

1122 2793 1529 2873 Hominum,
1585 2796 1890 2887 inquam,
1954 2796 2413 2865 affectantium
2492 2797 2670 2865 bona

1118 2909 1345 2969 terrae.
1422 2901 1673 2978 Tertio.
1745 2903 2136 2971 exercitatio
2214 2902 2486 2972 illorum
2555 2928 2673 2995 per

1116 3011 1479 3090 culturam,
1511 3011 1630 3092 ibi,
1663 3013 1820 3087 537
1849 3033 1864 3079 :
1908 3041 1939 3073 «
1975 3014 2068 3080 Et
2090 3013 2665 3082 seminaverunt.»

1206 3121 1282 3190 ln
1310 3121 1528 3214 prima
1574 3120 1740 3189 duo.
1822 3121 2080 3207 Primo,
2137 3131 2313 3192 terra
2370 3125 2670 3216 irrigatio

1114 3252 1236 3322 per
1263 3253 1476 3322 aquas
1505 3238 1785 3298 stantes.
1844 3229 2192 3310 Secundo,
2257 3255 2378 3322 per
2451 3234 2675 3302 ssuen-

1114 3346 1243 3413 tes.
1280 3337 1398 3415 ibi,
1446 3365 1477 3401 ιι
1513 3340 1600 3407 Et
1640 3349 1897 3406 terram
1931 3340 2082 3408 sine
2107 3363 2314 3431 aqna.
2355 3365 2390 3406 ι

1209 3445 1386 3514 Dicit
1412 3465 1621 3537 ergo:
1662 3442 1776 3512 Sic
1806 3443 1963 3513 fecit
2007 3443 2443 3537 Babyloniis:
2480 3445 2598 3514 sed
2635 3468 2671 3514 e

1117 3562 1354 3622 contra
1387 3581 1420 3614 α
1457 3552 1697 3643 posuit
1751 3552 2116 3626 desertum.
2153 3578 2187 3617 ιι
2245 3561 2494 3622 terram
2539 3554 2675 3622 sci-

1117 3659 1271 3728 licet
1303 3659 1600 3727 liliorum
1633 3658 1865 3735 lsrael,
1911 3681 2059 3749 quae
2106 3660 2295 3750 quasi
2329 3661 2397 3727 in
2453 3659 2675 3729 deser-

1115 3775 1261 3835 tum
1322 3765 1592 3835 redacta
1668 3775 1836 3842 erat,
1921 3794 1950 3829 ι
1997 3768 2068 3833 in
2130 3777 2381 3859 staqna
2447 3790 2674 3859 aqna-

1119 3895 1302 3947 rnm,
1360 3898 1394 3937 ιι
1445 3873 1514 3940 in
1580 3871 2000 3940 abundantia
2067 3896 2401 3966 aquarum
2480 3874 2674 3966 quasi

1118 3983 1445 4049 stantium
1472 4002 1488 4046 ε
1513 4010 1546 4042 a
1570 3989 1636 4048 et
1666 3988 1919 4048 terram
1945 3981 2095 4049 sine
2109 4005 2321 4074 aqna,
2359 4010 2394 4045 ιο
2418 3993 2671 4074 repete,

1121 4088 1376 4180 posuit,
1412 4112 1448 4154 a
1500 4088 1570 4154 in
1646 4087 1874 4155 exitus
1937 4111 2308 4180 aquarum,
2363 4114 2398 4155 ι
2448 4114 2488 4157 a
2537 4113 2672 4182 quo

1118 4203 1448 4263 exeuntes
1493 4204 1653 4263 sunt
1692 4217 1886 4287 aquoe
1927 4197 2236 4267 fluentes.
2282 4196 2409 4266 lsa.
2461 4222 2670 4284 xxxv,

1121 4305 1163 4368 ti
1193 4285 1260 4371 et
1288 4302 1373 4371 ¹1:
1442 4304 1687 4373 Scissa.-
1720 4313 1884 4370 sunt
1930 4305 2002 4371 in
2041 4303 2299 4373 deserto
2337 4329 2558 4397 aqnae.
2608 4319 2674 4376 et

1120 4418 1449 4478 torrentes
1470 4410 1541 4476 in
1560 4410 1964 4478 solitudine.
1982 4411 2077 4480 Et
2095 4434 2247 4503 quae
2266 4423 2414 4480 erat
2441 4414 2669 4492 arida,

1119 4519 1249 4585 erit
1324 4518 1398 4585 in
1458 4528 1813 4608 staqnnm,
1891 4528 1956 4586 et
2008 4520 2244 4588 sitiens
2316 4520 2387 4588 in
2450 4524 2674 4610 sorita

1089 4618 1099 4632 ⁹
1121 4650 1495 4719 aquarum.

1211 4734 1387 4805 Nota
1420 4756 1436 4803 :
1475 4732 1940 4825 spiritualiter
1965 4734 2306 4804 desertum
2339 4745 2438 4805 est
2495 4737 2676 4807 clau-

1119 4850 1362 4920 strum,
1414 4862 1486 4909 nn
1531 4864 1670 4933 quo
1700 4840 1783 4908 ad
1814 4840 2106 4910 litteram
2142 4841 2473 4913 Dominus
2521 4845 2675 4914 facit

1120 4949 1470 5018 abundare
1526 4970 1742 5040 aquas
1805 4950 2206 5040 gratiarum,
2278 4974 2429 5044 quae
2516 4961 2674 5021 sunt

1122 5059 1314 5149 quasi
1346 5078 1543 5147 aquae
1583 5065 2010 5147 stagnorum,
2062 5080 2214 5148 qum
2262 5079 2401 5126 nou
2453 5058 2676 5128 ssuunt

1123 5166 1190 5233 in
1221 5164 1461 5243 alium,
1502 5173 1572 5233 et
1607 5186 1822 5257 aquas
1879 5163 2275 5245 fluviorum,
2328 5164 2674 5236 doc-trina-

1120 5294 1272 5340 rum
1301 5271 1388 5339 ad
1419 5270 1592 5339 alios
1633 5272 2015 5341 fluentium.
2068 5270 2197 5343 lsa.
2251 5296 2434 5352 ιιιιιι,
2485 5275 2563 5343 ¹9
2601 5282 2670 5346 et

1191 5507 1206 5543 ¹
1237 5505 1261 5563 1
1291 5502 1366 5563 ad
1395 5499 1663 5562 Corinth.
1699 5517 1779 5575 ιιι,
1806 5502 1865 5561 9.

4226 155 4346 218 ¹27

2787 320 2869 384 20
2903 341 2917 384 ε
2952 319 3221 384 Ponam
3251 319 3323 385 in
3350 317 3607 386 deserto
3652 319 3864 396 viam,
3899 330 3962 386 et
4022 323 4091 387 in
4158 324 4341 390 invio

2782 425 3103 512 flumina.
3173 425 3609 516 Glorificabit
3642 450 3746 494 me
3810 427 4022 494 bestia
4066 430 4336 516 ayn)...

2785 533 2949 623 quia
2989 533 3149 600 dedi
3187 535 3257 599 in
3288 533 3546 600 deserto
3592 557 3838 625 aquas,
3895 536 4197 622 flumina
4269 539 4337 603 in

2788 640 2992 719 invio,
3030 649 3104 706 ut
3133 641 3369 706 darem
3402 649 3648 728 potum
3684 642 3950 730 populo
4001 665 4168 709 mea.
4227 643 4334 722 Et,

2786 771 2964 822 xmx,
3006 749 3127 814 10:
3162 749 3531 814 Miserator
3574 770 3811 815 eorum
3842 760 4025 837 reqet
4081 773 4213 829 eost,
4275 763 4338 819 et

2786 855 2880 921 ad
2904 857 3125 942 sontes
3164 876 3511 944 aquarum
3542 856 3820 945 potabit
3847 877 3980 924 eos.

2876 1196 2906 1228 «
2938 1169 3033 1235 Et
3059 1168 3443 1236 collocavit.
3484 1194 3517 1233 ιι
3553 1168 3683 1236 Hic
3723 1170 4100 1239 secundum
4145 1171 4331 1263 quod

2784 1280 3336 1368 praeparatorium
3367 1286 3467 1346 est
3498 1278 3583 1346 ad
3626 1278 4145 1360 abundantiam,
4198 1283 4333 1350 sci-

2783 1386 2934 1454 licet
2963 1385 3321 1454 homiuum
3351 1388 3827 1457 famelicorum
3879 1391 4329 1460 inhabitatio:

2781 1502 2843 1559 et
2883 1493 3198 1560 dicuntur
3235 1494 3395 1561 duo.
3445 1495 3706 1578 Primo,
3754 1496 3994 1565 talium
4040 1498 4336 1566 colloca-

2782 1600 3383 1684 tio.}‘ostmodum,
3418 1606 3772 1693 responsio
3801 1607 4160 1694 quaestioni
4186 1628 4337 1696 quae

2781 1717 3004 1799 posset
3063 1710 3229 1785 lieri,
3293 1712 3644 1800 quomodo
3713 1713 4094 1782 inhabitare
4138 1724 4339 1805 pote-

2780 1824 2929 1882 rant
2961 1838 3115 1883 cum
3156 1827 3335 1885 esset
3374 1827 3552 1886 terra
3601 1819 3969 1898 destructa,
4013 1822 4132 1899 ibi,
4181 1850 4209 1884 α
4240 1824 4336 1889 Et

2779 1924 3294 1991 constituerunt.
3338 1954 3370 1988 υ

2868 2031 3039 2100 Dicit
3074 2056 3280 2124 ergo:
3319 2033 3434 2102 Sic
3472 2035 3658 2104 dedit
3720 2060 3935 2128 aquas
3983 2041 4052 2107 in
4111 2040 4333 2107 abun-

2777 2140 3027 2216 dantia,
3088 2165 3121 2206 α
3154 2151 3218 2208 et
3289 2142 3657 2211 collocavit
3732 2145 3886 2214 ittic
3934 2174 3972 2210 ιι
4018 2148 4337 2217 homines

2780 2274 2813 2315 α
2845 2250 3231 2328 esurientes,
3292 2277 3321 2313 ο
3385 2260 3458 2318 ut
3507 2265 4042 2344 provocarentur
4097 2255 4183 2324 ad
4230 2255 4337 2325 la-

2777 2356 3180 2436 borandum,
3224 2357 3379 2425 illos
3416 2358 3499 2428 de
3538 2361 3790 2451 quibus
3828 2385 4058 2453 supra,
4097 2364 4165 2431 in
4213 2387 4338 2432 eo-

2776 2463 2956 2542 dem,
2988 2471 3050 2540 y.
3087 2466 3127 2531 5
3155 2487 3170 2530 ε
3208 2467 3604 2535 Esurientes
3632 2477 3698 2536 et
3722 2469 4055 2550 sitientes,
4095 2473 4335 2539 anima

2777 2595 3007 2639 eorum
3038 2574 3107 2640 in
3148 2575 3316 2665 ipsis
3357 2575 3632 2665 defecit,
3675 2578 3928 2647 scilicet
3961 2602 4098 2671 prae
4129 2580 4331 2649 fame.

2869 2708 2900 2741 a
2935 2681 3028 2747 Et
3058 2682 3559 2750 constituerunt
3586 2685 3934 2752 civitatem
3964 2685 4340 2755 habitatin-

2776 2789 2903 2855 nis.
2941 2815 2976 2850 ιο
3047 2788 3410 2881 Singulare
3451 2795 3645 2882 ponit
3701 2816 3826 2884 pro
3868 2795 4138 2884 plurali,
4175 2797 4339 2886 quia

2776 2897 3078 2965 civitates
3136 2901 3575 2968 restituerunt
3632 2901 3720 2969 ad
3778 2900 4327 2972 inhabitandum.

2779 3004 2931 3073 Non
2970 3028 3133 3097 ergo
3173 3030 3462 3099 quaeras,
3506 3011 3862 3101 quomodo
3909 3021 4069 3081 sunt
4116 3014 4340 3082 collo-

2775 3114 2931 3182 cati.
2968 3112 3022 3181 lt
3072 3113 3322 3192 Esdroe.
3358 3138 3428 3194 ιι,
3482 3118 3606 3187 17:
3665 3119 3912 3200 Venite,
3946 3130 4009 3190 et
4035 3120 4338 3211 «edifice-

2780 3243 2931 3289 mus
2961 3244 3191 3289 muros
3216 3226 3634 3305 Jerusalem,
3676 3237 3741 3294 et
3778 3250 3916 3295 non
3953 3229 4173 3298 simus
4221 3230 4340 3297 n!-

2777 3339 2886 3398 tra
2917 3331 2985 3397 in
3017 3330 3486 3422 opprobrium.
3528 3333 3636 3409 Et.
3674 3335 3878 3425 paulo
3911 3346 4087 3427 post,
4129 3341 4334 3414 5520:

2777 3442 2961 3509 Dens
3014 3442 3169 3509 coeli
3224 3443 3367 3535 ipse
3428 3466 3553 3510 nos
3596 3443 3840 3535 juvat,
3903 3456 3968 3514 et
4003 3469 4127 3514 nos
4160 3451 4340 3514 set-ri

2775 3548 2931 3638 ejus
2957 3572 3242 3618 sumus:
3304 3572 3708 3642 snrqomus,
3785 3562 3851 3621 et
3885 3553 4331 3643 «edificemus,

2778 3665 2905 3724 etc.

2866 3765 3324 3855 spiritualiter
3355 3765 3693 3835 Dominus
3722 3771 4099 3839 esurientes
4127 3770 4339 3839 collo·

2774 3881 2879 3940 cat
2911 3873 2976 3940 in
3016 3873 3311 3953 deserto,
3355 3875 3424 3942 in
3452 3874 3781 3955 claustro,
3825 3877 3909 3946 de
3937 3880 4189 3970 quibus
4224 3879 4339 3946 di-

2777 3980 2972 4054 citur,
3026 3977 3263 4048 Mattb.
3296 4002 3366 4056 v,
3405 3984 3484 4048 ti:
3536 3983 3767 4064 Beati,
3835 3986 3963 4076 qni
4021 3987 4337 4053 esuriunt

2775 4096 2837 4156 et
2862 4090 3110 4157 sitiunt
3134 4089 3525 4179 justitiam.
3571 4090 3653 4159 Et
3700 4091 3916 4183 replet
3960 4116 4080 4163 eos
4136 4093 4339 4162 bonis

2776 4199 2940 4272 suis,
3001 4196 3163 4266 Luc.
3216 4219 3267 4281 ι,
3341 4200 3429 4267 53
3483 4221 3501 4269 =
3570 4200 3972 4270 Esurientes
4023 4202 4341 4293 implevit

2780 4304 2991 4375 bonis.
3021 4304 3181 4384 Job,
3214 4329 3285 4385 v,
3328 4309 3370 4375 5
3415 4328 3433 4375 t
3502 4307 3754 4376 Bibent
3796 4309 4103 4378 sitientes
4148 4310 4342 4379 dioi-

2777 4415 2911 4482 tios
2946 4415 3126 4504 ejus.
3189 4413 3273 4483 Et
3336 4415 3507 4484 tales
3561 4416 3906 4486 oediticant
3962 4417 4335 4487 Ecclesiam

2779 4521 2900 4591 Dei
2960 4523 3132 4591 sicut
3175 4523 3553 4607 civitatem,
3604 4525 3768 4617 quia
3825 4525 4219 4616 predicant,
4271 4534 4339 4595 et

2777 4628 3014 4699 docent
3086 4630 3439 4722 quomodo
3487 4632 3576 4700 sit
3636 4631 3937 4702 Ecclesia
3994 4635 4061 4702 in
4108 4632 4342 4703 chari-

2779 4745 2912 4807 tate
2977 4748 3040 4805 et
3073 4737 3204 4806 tide
3243 4760 3405 4807 una.
3451 4737 3529 4807 ln
3562 4738 3746 4810 l'sal.
3787 4762 3970 4820 cxxx,
4015 4745 4097 4811 3:
4128 4744 4339 4811 Jem-

2774 4850 2992 4917 satem
3064 4871 3219 4940 qnae
3271 4850 3667 4940 edificatur
3694 4860 3772 4921 ut
3807 4854 4075 4921 civitas.
4122 4852 4338 4945 Prop-

2778 4967 2877 5025 tcr
2914 4954 3046 5024 hoc
3070 4955 3294 5026 dicere
3307 4967 3601 5049 possunt
3628 4956 3942 5027 tidelibus
3971 4959 4330 5031 Ecclesioe:

2771 5061 2907 5130 Dei
2921 5059 3288 5150 edificatio
3307 5063 3531 5132 estis¹.
3561 5061 3646 5131 Et
3675 5084 3797 5153 per
3829 5062 3960 5133 boc
3993 5065 4336 5134 aediticant

2773 5168 2902 5238 sibi
2965 5169 3211 5239 domos
3276 5169 3617 5263 gloriosas
3691 5171 3764 5242 in
3819 5172 4034 5250 emtis,
4112 5169 4174 5238 ll
4242 5172 4333 5242 ad

2774 5275 3079 5346 Corinth.
3144 5298 3215 5354 v,
3284 5277 3976 5367 ltAEdifieotionem
4040 5302 4129 5348 ex
4181 5282 4328 5350 Deo
