5008 6329
1793 433 2506 503 COMMENTARIUS
2558 433 2653 499 IN
2699 433 3140 504 PSALMUM
3193 434 3632 503 CXXXVIII.

1093 620 1212 675 xn,
1246 599 1284 666 3
1309 623 1331 667 .·
1362 596 1766 673 Allissimus
1811 607 1968 674 odio
1999 607 2202 673 habet
2244 617 2649 696 peccatores.

966 719 969 720 ’
1094 704 1177 771 Et
1206 718 1482 798 propter
1522 710 1657 780 hoc
1694 715 1987 804 gratiam
2031 717 2127 782 eis
2190 711 2550 787 subtrahit,
2589 719 2654 777 et

1093 814 1188 881 sic
1231 818 1500 885 occidit.
1543 819 1824 888 Deuter.
1860 844 2073 898 xxxn,
2118 822 2244 888 39:
2295 823 2444 908 qu
2476 819 2658 884 occi-

1095 920 1284 1004 dam,
1309 935 1374 991 et
1401 948 1522 1015 eqo
1552 930 1775 994 vivere
1800 928 2087 1017 jaciam.
2112 926 2196 993 Et
2232 935 2393 993 tunc
2422 929 2651 993 miseri

1093 1040 1315 1109 ruent,
1360 1040 1427 1100 et
1462 1034 1633 1102 alios
1664 1035 1750 1102 ad
1781 1034 2233 1124 perditionem
2264 1057 2493 1102 secum
2522 1044 2654 1103 tra-

1087 1135 1277 1208 hent.
1321 1139 1386 1206 11
1416 1140 1600 1210 Petr.
1647 1165 1726 1236 11,
1760 1144 1789 1208 1
1824 1164 1839 1209 :
1883 1143 2194 1210 Fuerunt
2209 1145 2652 1235 Pseudopro-

1078 1246 1304 1336 plzetae
1336 1250 1408 1315 in
1430 1250 1725 1340 populo,
1767 1252 1946 1318 sicut
1975 1262 2038 1318 et
2087 1253 2158 1318 in
2232 1253 2419 1318 vobis
2449 1261 2650 1318 erunt

1087 1356 1407 1445 maqistri
1425 1357 1805 1435 mendaceS,
1824 1360 1949 1449 qui
1969 1361 2414 1427 introducunt
2431 1368 2649 1426 sectas

1072 1462 1516 1551 perditionis,
1578 1473 1645 1532 et
1711 1488 1944 1535 secum
2020 1489 2236 1534 vanos
2327 1464 2647 1534 homines

1082 1573 1387 1651 trahunt,
1424 1574 1597 1641 sicut
1626 1574 1740 1644 hic
1781 1576 2051 1658 dicitur,
2092 1575 2226 1644 hoc
2265 1585 2389 1654 est,
2446 1577 2645 1665 igna-

1083 1705 1193 1750 ros
1256 1684 1506 1753 divinae
1566 1688 1945 1778 sapientioe.
2005 1686 2311 1777 Sapient.
2371 1710 2518 1764 xm,
2561 1688 2638 1754 1:

4191 442 4319 509 455

2772 613 3039 671 menter
3074 615 3451 694 separatus,
3488 607 3604 684 ibi,
3645 634 3678 669 «
3718 610 3813 674 Et
3848 630 4054 698 super
4082 609 4320 674 inimi-

2771 731 2902 777 cos.
2943 736 2975 774 n

2862 817 3038 884 Dicit
3104 841 3314 909 ergo:
3382 818 3492 886 Sic
3551 821 3981 889 occasionem
4039 831 4320 890 sumunt

2768 924 2896 989 sibi
2945 925 3421 992 conventicula
3476 926 3861 1016 colligendi,
3926 927 4108 1017 quod
4164 938 4318 995 tuos

2757 1029 2960 1118 jubes
2992 1053 3031 1097 a
3064 1031 3259 1098 malis
3290 1033 3615 1121 separari,
3660 1033 3775 1098 sed
3826 1031 4002 1099 male
4059 1032 4317 1100 intelli-

2765 1147 2960 1226 gunt,
2997 1141 3180 1228 quia,
3226 1162 3266 1206 o
3301 1167 3333 1201 α
3367 1141 3684 1217 Domine,
3717 1163 3939 1206 nonne
3966 1139 4245 1208 oderam
4278 1167 4312 1207 ι

2764 1265 2892 1332 ego
2933 1267 3227 1334 semper,
3266 1273 3296 1308 α
3333 1248 3456 1335 qui
3506 1258 3568 1314 te
3613 1245 3963 1314 oderunt?
3989 1275 4017 1310 n
4071 1257 4146 1316 ut
4211 1271 4314 1316 es-

2761 1373 2904 1418 sem
2936 1351 3022 1419 ab
3053 1354 3150 1420 eis
3188 1365 3538 1444 separatus
3570 1355 3793 1432 corde,
3828 1357 4142 1446 quamvis
4172 1379 4311 1425 non

2758 1477 3070 1545 corpore.
3116 1454 3328 1535 Quasi
3359 1457 3649 1528 diceret:
3707 1460 3842 1529 Sic.
3898 1461 4056 1530 Scio
4125 1466 4307 1531 enim

2758 1563 3296 1656 improperatum
3334 1569 3472 1658 regi
3502 1567 3832 1658 Josaphat
3862 1593 3900 1636 a
3933 1568 4301 1660 Propheta,

2758 1668 2818 1737 11
2886 1669 3113 1739 Paral.
3186 1696 3329 1751 xix,
3365 1676 3445 1741 2:
3507 1675 3730 1766 Impio
3771 1676 4032 1767 praebes
4108 1678 4309 1745 auxi·

1095 1793 1265 1859 Vani
1288 1803 1451 1861 sunt
1477 1795 1811 1873 homines,
1859 1796 1932 1861 in
1961 1793 2212 1885 quibus
2249 1819 2385 1862 non
2412 1793 2642 1861 subest
2757 1774 2956 1854 lium»
2993 1788 3057 1846 ⁶¹
3074 1778 3183 1845 '²5⁸
3211 1781 3336 1868 qni
3354 1780 3516 1847 0‘1‘31'
3519 1793 3644 1849 2⁰²²
3662 1784 4040 1849 D⁰mi²²um
4062 1785 4308 1852 amici·

1073 1901 1360 1968 scientia
1392 1902 1546 1968 Dei.
1613 1901 1870 1969 Jerem.
1926 1924 1996 1981 n,
2040 1904 2079 1968 ὃ
2134 1924 2149 1966 :
2211 1900 2640 1968 Ambulave-
2751 1883 3221 1975 ἶῖαίῑθῑθθΐὶδ-
3270 1886 3377 1967 Εἰ,
3410 1888 3690 1978 Apocal·
3730 1913 3799 1968 11,
3844 1893 3908 1968 6,
3943 1914 4304 1960 commen-

1074 2015 1238 2073 runt
1337 2016 1495 2097 post
1588 1983 1994 2086 vanitatem,
2084 2018 2149 2078 et
2228 2008 2393 2073 vani
2459 2009 2639 2096 sacti
2749 1990 2948 2058 datur
2986 1992 3094 2060 cui
3122 1993 3412 2063 dicitur:
3447 1997 3592 2064 Hoc
3627 1996 3853 2075 habes,
3898 1999 4066 2088 quia
4096 1998 4305 2066 odisti

2745 2098 2941 2185 sacta
3009 2100 3551 2181 Nicolaitarum,
3612 2127 3762 2195 quae
3825 2115 3888 2172 et
3961 2129 4084 2195 eqo
4151 2106 4291 2174 odi.

2747 2203 3023 2274 Denter.
3115 2230 3238 2288 vn,
3305 2211 3344 2275 2
3398 2232 3413 2276 :
3483 2211 3639 2277 Non
3717 2209 3923 2279 inibis
3977 2234 4134 2280 cum
4200 2214 4296 2282 eis

2740 2314 2994 2404 soedus,
3036 2339 3193 2384 cum
3227 2318 3522 2387 inimicis
3562 2320 3815 2389 scilicet
3845 2321 3993 2390 Dei.
4028 2322 4294 2392 Inimici

2741 2432 2969 2492 autem
3003 2433 3184 2503 sunt,
3229 2428 3345 2518 qui
3400 2428 3620 2519 legem
3678 2430 3822 2518 ejus
3871 2452 4010 2498 non
4062 2439 4297 2500 custo-

2740 2530 2959 2599 diunt.
3010 2530 3384 2623 Gregorius
3428 2558 3442 2600 ε
3491 2562 3525 2598 α
3573 2535 3726 2603 Non
3785 2559 4015 2627 regem
4072 2538 4294 2631 diligi-

2740 2666 2775 2701 «
2812 2662 2989 2720 mus,
3027 2641 3083 2708 si
3123 2639 3347 2732 legem
3396 2644 3540 2731 ejus
3598 2645 3755 2712 odio
3787 2644 4144 2713 habemuS.
4182 2671 4216 2712 »

2831 2774 2862 2805 «
2925 2746 3022 2813 Et
3085 2769 3293 2838 super
3359 2749 3669 2816 inimicos
3765 2760 3917 2817 tuos
3992 2751 4293 2821 tabesce-

2737 2850 2920 2934 bam,
2958 2881 2992 2915 ιι
3035 2864 3285 2945 repete,
3323 2877 3574 2934 nonne,
3611 2865 3673 2924 et
3705 2854 3836 2925 hoc
3892 2880 3975 2925 ex
4025 2858 4284 2949 ingenti

1070 2123 1260 2180 sunt.

1164 2425 1428 2510 Ethoc,
1460 2426 1594 2494 alia
1622 2426 1847 2495 littera
1871 2428 1921 2504 ¹,
1948 2453 1979 2489 α
2014 2427 2174 2517 quia
2197 2427 2377 2496 dices
2411 2429 2478 2495 in
2511 2451 2634 2496 co·

1073 2536 1407 2626 gnitioue,
1449 2564 1480 2597 υ
1513 2542 1792 2603 tuorum
1847 2533 2102 2603 scilicet
2140 2559 2155 2602 ε
2194 2563 2227 2598 α
2287 2537 2426 2603 Viri
2461 2559 2632 2604 san-

1066 2643 1390 2733 quinum,
1425 2642 1767 2709 declinate
1804 2665 1847 2709 a
1877 2664 2006 2719 me,
2048 2668 2081 2704 »
2132 2640 2263 2709 hoc
2328 2651 2453 2718 est,
2510 2666 2627 2712 eos

1069 2749 1273 2819 facies
1308 2750 1713 2840 intelligere,
1743 2752 1904 2842 quia
1934 2774 1972 2819 a
2012 2752 2175 2818 viris
2206 2753 2623 2842 sanguinum

1066 2869 1168 2928 est
1222 2859 1724 2929 recedendum:
1784 2868 1851 2927 et
1907 2858 2038 2926 hoc
2080 2863 2303 2949 ipsum
2372 2860 2620 2939 dicere,

1065 2967 1196 3035 lsa.
1220 2970 1425 3046 unit
1466 2990 1481 3035 ε
1516 2968 1856 3045 Recedite,
1891 2968 2200 3044 recedite,
2231 2969 2389 3035 inde
2416 2970 2622 3052 exile,
2734 2959 2892 3026 odis)
2934 2958 3237 3029 illorum·
3278 2960 3524 3052 Supra,
3560 2965 3628 3032 in
3669 2962 3852 3031 Psal-
3887 2988 4119 3046 CXVlss.
4157 2969 4279 3038 15:

1053 3077 1416 3169 pollutum
1473 3076 1692 3144 nolite
1742 3086 2043 3167 tanyere.
2103 3074 2358 3143 Jerem.
2413 3082 2618 3153 1.1,ti:
2746 3067 2900 3134 Vidi
2920 3070 3477 3160 praevaricantes,
3519 3081 3583 3138 et
3611 3071 4053 3141 tabescebam.
4092 3072 4153 3141 11
4201 3073 4288 3144 ad

1058 3186 1316 3275 Fugite
1377 3185 1461 3251 de
1516 3184 1743 3251 medio
1812 3183 2216 3273 Babylonis,
2277 3194 2341 3252 ει
2403 3186 2624 3252 salvet
2730 3172 3041 3243 Corinth.
3075 3199 3170 3256 xi,
3216 3177 3343 3245 29:
3391 3180 3562 3263 Quis
3610 3179 4160 3261 scandalizatur,
4221 3192 4285 3250 et

1063 3296 1534 3386 unusquisque
1561 3295 1873 3362 animam
1918 3316 2144 3362 suam.
2208 3293 2293 3361 Et
2349 3293 2481 3363 hoc
2531 3294 2624 3362 t'a-
2728 3303 2850 3370 890
2887 3305 3026 3350 mm
3066 3282 3305 3351 wwr?

1059 3403 1150 3470 cit
1193 3401 1556 3483 Dominus,
1604 3424 1691 3469 ne
1746 3402 2192 3493 inquinentur
2227 3400 2454 3492 culpa,
2512 3401 2618 3468 Ad

1058 3510 1277 3579 Galat.
1315 3535 1383 3596 ν,
1416 3512 1458 3579 9
1487 3533 1503 3578 :
1537 3511 1894 3579 Modicum
1921 3513 2340 3600 fermentum
2396 3521 2613 3579 totam

1051 3642 1351 3688 massam
1392 3621 1779 3710 corrumpit
1815 3632 1879 3685 ε,
1917 3617 1944 3686 1
1978 3618 2061 3686 ad
2112 3618 2421 3686 Corinth,
2490 3642 2608 3701 xv,
2821 3636 2851 3670 ι
2882 3609 3196 3699 Perfecto
3253 3610 3411 3679 odio
3458 3612 3759 3683 oderam.
3807 3641 3841 3681 n
3893 3617 4022 3686 nic
4077 3618 4279 3688 datur
4404 3646 4531 3711 2⁴⁸

1051 3729 1180 3799 33:
1227 3729 1697 3819 Corrumpunt
1736 3750 1957 3795 mores
1992 3726 2198 3794 bonos
2253 3725 2610 3818 colloquia
2720 3715 3074 3803 responsio
3106 3717 3463 3806 qllfflsfifflli
3494 3723 3885 3810 Pl'aemissae·
3916 3723 4268 3816 EtPfimos

1046 3835 1265 3903 mala.
1303 3835 1386 3904 Et
1423 3836 1561 3902 sint
1613 3836 1976 3925 participes
2053 3834 2122 3901 in
2180 3857 2404 3924 poena,
2467 3833 2610 3902 Nu·

1045 3965 1215 4010 mer.
1256 3964 1402 4024 xvi,
1444 3942 1570 4008 26:
1621 3941 1981 4008 Recedatis
2036 3963 2080 4006 a
2137 3939 2607 4009 tabernaculis

1040 4050 1400 4118 hominum
1459 4050 1861 4141 impiorum,
1930 4060 1992 4116 et
2048 4048 2264 4117 nolite
2325 4060 2607 4140 tanqere

1040 4181 1195 4252 quae
1224 4158 1323 4226 ad
1344 4180 1457 4227 eos
1498 4157 1824 4249 pertinet,
1867 4179 1951 4223 ne
2015 4156 2474 4225 involvamini
2531 4158 2601 4225 in

1027 4268 1336 4359 peccatis
1363 4286 1624 4334 eorum.

1129 4620 1162 4658 ι
1195 4594 1437 4662 Nonne
1463 4593 1587 4682 qui
1615 4590 1912 4661 oderunt
1939 4604 2025 4661 te.
2064 4618 2097 4658 »
2130 4592 2257 4662 nic
2288 4597 2591 4673 tertium,

1038 4702 1103 4769 in
1162 4723 1300 4793 quo
1348 4699 1592 4791 probat
1644 4699 1829 4788 quod
1897 4723 2056 4769 vere
2119 4698 2296 4768 male
2348 4702 2596 4769 intelli-

1033 4818 1241 4899 gunt:
1276 4819 1343 4875 et
1375 4807 1504 4875 hoc
1534 4806 1781 4898 probat
1811 4830 2039 4876 coram
2092 4807 2415 4886 Domino,
2473 4833 2595 4899 per

1031 4917 1478 5009 quaestionem
1541 4938 1749 5007 quam
1811 4917 1966 4985 iacit
2018 4917 2266 5007 prime,
2344 4929 2411 4987 et
2478 4942 2591 4988 re-

1027 5027 1470 5116 sponsionem
1539 5048 1745 5115 quam
1797 5025 1985 5094 addit
2040 5024 2135 5094 illi
2195 5030 2583 5118 quaestioni,

1026 5133 1145 5210 ibi,
1187 5140 1252 5211 ᾗ.
1296 5133 1423 5200 22:
1467 5161 1500 5193 α
1531 5133 1848 5221 Perfecto
1877 5133 2061 5200 odio.
2100 5158 2134 5199 »

1116 5242 1193 5311 ln
1236 5244 1454 5335 prima
1501 5241 1662 5310 duo·
1731 5241 1992 5325 Primo,
2026 5244 2269 5334 quaerit
2322 5246 2377 5311 si
2445 5267 2585 5313 non

1026 5352 1112 5419 sit
1149 5359 1502 5441 separatus
1558 5349 1789 5429 corde,
1834 5352 2151 5440 quamvis
2218 5375 2358 5420 non
2425 5374 2586 5420 cor-—

1025 5480 1187 5549 pore
1263 5480 1303 5525 a
1361 5457 1586 5536 malis,
1657 5459 1833 5524 sicut
1875 5457 2294 5546 separandos
2342 5467 2588 5549 putant

1026 5564 1322 5633 haeretici
1364 5565 1614 5654 justos.
1674 5562 2016 5665 Secundo,
2061 5565 2116 5631 si
2175 5587 2314 5634 non
2370 5563 2587 5634 vehe-

1098 5785 1118 5821 ¹
1151 5782 1373 5841 Littera
1402 5781 1667 5854 Vulgatae
1701 5797 1715 5836 ε
1741 5779 1886 5847 Quia
1915 5780 2105 5839 dicitis
2135 5784 2193 5838 in
2222 5784 2583 5854 coniectione.

2714 3824 3072 3912 responsio
3099 3822 3188 3890 ad
3232 3825 3558 3914 primum.
3623 3827 3968 3912 Secunde,
4019 3832 4105 3900 ad
4158 3856 4274 3903 se-

2713 3930 3042 4016 cundum,
3088 3931 3205 4011 ibi,
3251 3963 3282 3995 α
3313 3937 3592 4004 Inimici
3615 3933 3793 4028 sacti
3825 3951 4014 4010 sunt.
4062 3967 4096 4008 »

2800 4040 2983 4110 Dicit
3021 4063 3185 4133 ergo
3234 4066 3251 4111 z
3298 4042 3412 4112 Sic
3465 4068 3722 4137 quaero,
3782 4050 3838 4117 si
3899 4073 4039 4119 non
4106 4051 4266 4123 odio

2710 4149 2956 4232 malos,
2998 4162 3075 4220 ut
3111 4155 3241 4221 sim
3275 4153 3362 4223 ab
3407 4156 3506 4223 eis
3543 4168 3893 4249 separatus
3939 4163 4169 4244 corde,
4203 4174 4269 4234 et

2710 4259 3090 4349 respondeo
3154 4283 3170 4328 ε
3234 4286 3267 4327 α
3339 4265 3652 4354 Perfecto
3737 4267 3897 4337 odio
3979 4271 4262 4341 oderam

2706 4366 2894 4435 illos.
2933 4396 2963 4428 ιι
2994 4366 3389 4439 Notandum
3430 4375 3640 4454 enim,
3676 4377 3860 4466 quod
3889 4385 3991 4446 est
4022 4379 4255 4450 odium
4287 4391 4476 4493 (ἓξὲξ,
4499 4405 4608 4495 ¹3·-

2705 4475 2992 4556 malum,
3036 4485 3101 4546 et
3143 4477 3510 4561 malorum,
3545 4483 3819 4572 quando
3851 4485 4082 4555 oditur
4129 4512 4258 4559 na·
4383 4513 4510 4549 num·

2700 4590 2878 4662 tura,
2923 4581 3193 4651 IJoan.
3228 4607 3327 4665 ιιι,
3378 4587 3498 4655 15:
3567 4588 3706 4671 Qui
3758 4591 3906 4659 odit
3958 4596 4254 4683 fratrem

2696 4711 2932 4767 suum,
2992 4690 3343 4759 homicida
3387 4703 3509 4761 est.
3563 4695 3648 4762 Et
3691 4706 3793 4765 est
3839 4698 4074 4768 odium
4126 4701 4258 4771 bo-

2698 4816 2893 4873 num,
2962 4803 3030 4863 et
3095 4794 3226 4865 hoc
3269 4797 3567 4889 duplex.
3628 4800 4136 4893 Imperfectum,
4188 4817 4257 4877 et

2697 4900 3285 4991 imperfectorum,
3363 4906 3639 4996 quando
3705 4931 3951 4979 rancor
4031 4915 4256 4983 cordis

2694 5008 3083 5088 dimittitur,
3155 5019 3382 5080 tamen
3449 5016 3819 5086 satisfactio
3898 5025 4250 5111 repetitur,

2693 5114 2938 5184 Matth.
2971 5140 3041 5197 v,
3077 5119 3203 5187 43:
3235 5120 3550 5191 Audistis
3588 5127 3757 5214 quia
3814 5125 4075 5195 dictum
4107 5140 4204 5197 est
4230 5154 4253 5199 .·

2693 5225 2965 5315 Diliyes
2995 5227 3398 5315 proximum
3430 5238 3654 5308 tuum,
3688 5241 3751 5298 et
3788 5232 3948 5299 odio
3975 5234 4257 5306 habebis

2694 5331 3054 5398 inimicum
3139 5342 3362 5401 tuum.
3433 5336 3640 5407 Aliud
3711 5337 4108 5429 perfectum,
4187 5354 4252 5414 et

2690 5436 3174 5528 perfectorum,
3246 5441 3521 5531 quando
3580 5448 3799 5510 totum
3859 5445 4246 5530 dimittitur,

2693 5553 2761 5613 et
2798 5544 2945 5613 sola
2974 5544 3176 5637 culpa
3217 5550 3674 5639 persequitur,
3707 5560 3774 5619 et
3828 5564 3931 5623 est
3987 5556 4086 5625 ira
4131 5581 4253 5649 per

2762 5783 2786 5820 ¹
2814 5784 2901 5842 Ct'.
2935 5787 2956 5839 1
2986 5782 3062 5841 ad
3091 5783 3359 5843 Corinth.
3393 5802 3448 5856 v,
3488 5788 3541 5845 6.
