5008 6329
665 279 704 343 4
1591 272 1673 338 D.
1727 269 1921 335 ΑΕΒ.
1980 268 2191 336 MAG.
2246 269 2451 338 ORD.
2503 268 2800 336 PRAED.

764 477 797 511 α
828 450 923 516 Et
941 448 1207 515 clamor
1232 468 1440 513 meus.
1466 468 1497 507 n
1534 441 1661 508 Hic
1689 440 2041 533 subjungit
2066 464 2209 509 mo-

668 558 831 626 dum
864 578 1000 647 quo
1055 555 1223 624 velit
1285 549 1588 619 exaudiri
1664 549 2203 640 quadruplicem,

670 669 830 757 quia
869 688 909 732 a
936 665 1082 733 Deo
1114 663 1261 753 ipso
1290 659 1561 750 proprie
1602 665 1668 724 et
1693 658 2100 747 specialiter:
2144 664 2210 722 et

669 769 988 847 secunde,
1032 767 1296 855 abipso
1361 763 1763 853 benigniter,
1832 764 1953 844 ibi,
2001 769 2065 836 5.
2113 763 2199 826 3:

671 904 706 941 α
741 878 892 944 Non
921 883 1255 944 avertas.»
1291 870 1375 938 Et
1400 873 1624 948 terti0‚
1651 870 1835 960 quod
1848 870 2208 936 universa-

667 983 822 1052 liter
858 979 1423 1071 quandocumque
1463 976 1805 1055 clamavit,
1876 975 1994 1050 ibi,
2058 999 2091 1038 α
2124 975 2207 1041 In

667 1108 1096 1181 quacumque
1142 1085 1252 1152 die
1305 1083 1622 1152 tribulor.
1687 1106 1719 1146 n
1779 1081 1862 1148 Et
1936 1089 2203 1171 quarm,

667 1196 1012 1274 velociter,
1071 1194 1191 1274 ibi,
1235 1222 1270 1258 α
1327 1196 1412 1262 In
1466 1212 1897 1283 quacumque
1942 1190 2053 1256 die
2107 1192 2209 1256 in-

676 1325 996 1372 vocavero
1018 1312 1101 1370 te.
1148 1326 1183 1365 ι)

759 1411 936 1478 Dicit
963 1432 1125 1501 ergo
1163 1431 1178 1475 t
1216 1407 1328 1474 Sic
1360 1428 1524 1497 rogo
1564 1414 1642 1471 ut
1696 1405 2021 1472 exaudias
2049 1426 2211 1473 ora-

666 1520 952 1599 tionem,
1031 1538 1173 1583 non
1236 1536 1358 1605 per
1418 1510 1761 1603 Angelum
1832 1535 2037 1602 quem
2092 1513 2208 1580 des

668 1624 836 1693 mibi
869 1623 1276 1712 adjutorem,
1354 1619 1468 1686 sed
1531 1643 1564 1682 α
1598 1617 1861 1684 clamor
1908 1640 2120 1698 meus,
2164 1643 2194 1680 υ

667 1743 734 1804 et
771 1733 1015 1814 cordia,
1058 1739 1126 1799 et
1154 1731 1313 1806 oriS,
1352 1757 1384 1792 «
1417 1728 1514 1796 od
1535 1738 1599 1795 te
1635 1729 1856 1818 ipsum
1880 1729 2132 1807 veniat,
2170 1752 2203 1790 ι

665 1864 807 1911 non
837 1839 923 1908 ad
960 1837 1195 1906 alium.
1238 1834 1416 1904 Psal.
1454 1857 1691 1911 xxxin,
1732 1836 1854 1902 18:
1922 1835 2209 1903 Clamo-

665 1955 908 2016 verunt
925 1944 1139 2034 justi,
1162 1953 1224 2011 et
1252 1941 1616 2019 Dominus,
1640 1941 1809 2030 ipse,
1832 1962 1975 2007 non
2006 1940 2203 2018 alim,

542 2059 543 2062 ’
668 2052 1026 2123 exaudivit
1080 2071 1211 2117 eos.
1281 2046 1367 2115 Et
1427 2046 1614 2124 alibi,
1682 2045 1858 2114 Psal.
1914 2067 2080 2124 xvu,
2115 2046 2201 2113 7:

665 2162 763 2228 Et
780 2157 1046 2226 elamor
1064 2176 1252 2222 meus
1281 2154 1349 2219 in
1380 2162 1733 2244 conspectu
1763 2152 1944 2241 ejus,
1973 2153 2211 2217 introi-

670 2267 767 2332 vit
805 2265 878 2332 in
914 2284 1114 2331 aures
1152 2261 1328 2350 ejus.
1394 2258 1597 2326 Eccli.
1639 2281 1783 2341 xxi,
1820 2259 1860 2321 6
1898 2280 1914 2325 z
1955 2260 2206 2348 Depre·

667 2373 846 2442 cotio
870 2370 1198 2463 pauperis
1228 2390 1313 2436 ex
1329 2389 1444 2435 ore
1472 2388 1684 2457 usque
1703 2366 1800 2433 od
1834 2389 2035 2434 aures
2054 2364 2208 2455 ejus

661 2481 1030 2575 perveniet,
1063 2486 1190 2547 ete.

760 2730 795 2772 ι
837 2705 990 2775 Non
1064 2712 1329 2771 avertas
1388 2702 1663 2791 faciem.
1705 2727 1736 2760 n
1778 2699 1905 2766 Ilic-
1960 2722 2207 2768 secun-

668 2812 857 2881 dum.
892 2810 1102 2892 Quasi
1141 2808 1393 2878 diceret
1433 2831 1450 2876 :
1525 2806 1607 2874 Et
1679 2808 1732 2874 si
1775 2806 1971 2874 audis
2021 2808 2207 2896 ipse-

666 2927 831 3005 met,
869 2946 904 2982 «1
962 2941 1098 2987 non
1136 2926 1428 2995 avertas.
1490 2938 1523 2981 n
1602 2922 1952 3004 tamquam
2019 2912 2207 2980 indi-

663 3050 884 3120 gnans
947 3034 1013 3094 et
1081 3026 1315 3105 iratus,
1375 3048 1410 3090 ι
1449 3023 1700 3114 faeiem
1750 3030 1971 3095 tuam.
2007 3046 2042 3085 n
2086 3019 2203 3087 sed

662 3135 956 3227 benigne
994 3140 1351 3203 convertas
1423 3129 1607 3199 illam
1676 3128 1760 3198 ad
1820 3151 1955 3198 me.
2018 3128 2198 3197 Psal.

665 3265 895 3326 nxvm,
943 3242 1024 3309 18
1056 3263 1072 3307 :
1107 3240 1258 3310 Non
1296 3247 1564 3307 avertas
1624 3238 1878 3327 faeiem
1925 3247 2119 3305 tuam
2159 3261 2204 3303 a

657 3372 874 3445 puero
894 3359 1039 3417 tuo.
1069 3346 1315 3415 Thren.
1359 3367 1457 3424 ιιι,
1502 3345 1632 3412 56:
1694 3345 1924 3411 Vocem
1980 3366 2202 3411 meam

665 3459 961 3529 audisti:
984 3480 1071 3525 ne
1086 3465 1351 3525 avertas
1378 3475 1616 3521 aurem
1645 3462 1835 3520 tuam
1868 3474 1913 3519 a
1938 3452 2206 3544 sinqul-

663 3577 741 3635 tu
808 3587 955 3633 meo
1018 3574 1083 3633 et
1135 3562 1578 3632 clamoribus.
1647 3559 1988 3627 Dominus
2018 3560 2201 3627 enim

662 3669 1033 3766 aliquando
1063 3670 1307 3739 avertit
1340 3667 1427 3737 ab
1474 3663 1872 3736 hominibus
1927 3665 2196 3734 faeiem.

656 3781 911 3852 Jerem.
952 3801 1072 3859 xv.
1134 3779 1211 3847 1:
1271 3778 1425 3847 Non
1461 3784 1561 3844 est
1598 3775 1838 3843 anima
1901 3796 2054 3842 mea
2109 3774 2208 3843 od

650 3889 996 3983 populum
1026 3888 1260 3963 istum.
1292 3884 1465 3977 ejice
1520 3883 1682 3952 illos
1718 3908 1763 3950 a
1796 3884 1982 3973 facie
2018 3906 2195 3953 mea.

660 3995 771 4076 Et,
803 4017 996 4073 xviu.
1034 3995 1153 4064 1‘1:
1199 3993 1591 4076 Dorsum,et
1617 4012 1751 4057 uon
1776 3991 2057 4081 faciem,
2099 4011 2203 4057 os·

660 4103 937 4173 tendam
967 4101 1087 4171 eis.

752 4341 787 4383 ι
837 4316 919 4387 In
982 4332 1435 4408 quocumque.
1506 4333 1542 4374 ι
1626 4306 1798 4378 Eece
1891 4309 2193 4381 tertium.

661 4422 874 4505 Quasi
900 4420 1203 4490 diceret:
1264 4415 1379 4487 Sic
1431 4414 1676 4485 exaudi
1727 4436 1848 4508 per
1903 4416 2196 4507 teipsum

660 4538 728 4602 et
762 4529 1175 4621 benigniter,
1206 4531 1273 4593 et
1308 4524 1513 4593 etiam
1581 4544 1616 4589 ι
1649 4522 1720 4590 in
1766 4543 2200 4615 quacumque

658 4637 772 4707 die
806 4632 1128 4711 trioulor.
1162 4656 1198 4697 ι
1266 4630 1384 4724 qui
1440 4627 1611 4696 infra
1648 4649 1829 4708 sum,
1864 4654 1901 4691 ι
1935 4627 2195 4697 inclina

657 4745 757 4814 ad
780 4766 911 4823 me,
955 4767 991 4808 ι
1047 4738 1481 4816 clamantem.
1533 4760 1568 4802 ι
1601 4757 1837 4805 aurem
1887 4745 2108 4816 tuam,
2155 4764 2190 4800 ι

654 4852 772 4948 qui
812 4872 885 4921 es
926 4868 1222 4918 sursum.
1264 4843 1740 4936 Augustinus:
1821 4869 1851 4906 ι
1876 4841 2195 4913 Tribulor

655 4985 690 5027 ι
718 4958 1067 5033 deorsum.
1090 4960 1165 5020 tu
1192 4959 1420 5021 autem
1457 4972 1532 5018 es
1558 4971 1856 5020 sursum.
1902 4976 1938 5017 ι
1980 4949 2182 5020 Joan.

647 5089 797 5145 vm.
830 5067 957 5134 23:
1037 5061 1165 5130 Vos
1215 5059 1301 5127 de
1334 5057 1651 5127 deorsum
1715 5058 1900 5134 estis.
1942 5082 2067 5152 eqo
2105 5059 2190 5128 de

643 5198 757 5267 su}
778 5173 961 5243 ernis
995 5191 1177 5240 sum.
1210 5165 1341 5235 lsa.
1381 5186 1648 5248 xxxvin
1712 5165 1841 5234 1‘1:
1884 5166 2183 5249 lactina,

646 5282 967 5364 Domine,
1024 5296 1265 5347 aurem
1335 5282 1555 5344 tuam.
1638 5271 1719 5342 Et
1782 5274 1876 5342 ita
1931 5273 2179 5343 faciet:

642 5388 983 5459 Dominus
1011 5384 1196 5455 enim
1224 5378 1513 5450 libenter
1538 5378 1729 5449 audit
1756 5379 2180 5450 tribulatum.

640 5497 863 5581 Jonae,
896 5515 972 5569 ιι,
1015 5491 1055 5559 3
1106 5512 1125 5557 2
1190 5484 1510 5558 Clamavn‘
1579 5485 1665 5552 de
1734 5485 2185 5556 tribulatione

645 5624 799 5671 mea
829 5599 928 5670 ad
972 5595 1375 5673 Dominum,
1406 5601 1472 5659 et
1499 5591 1860 5661 exaudIvit
1888 5614 2019 5663 me.

2406 469 2439 502 «
2474 443 2550 507 Iu
2617 461 3047 529 quacumque
3077 437 3208 504 die.
3280 463 3311 497 υ
3345 435 3476 502 Hic
3519 444 3861 524 quartum.

2314 548 2522 626 Quasi
2554 547 2846 613 diceret:
2887 546 2998 612 Sic
3052 543 3297 611 exaudi
3366 540 3693 609 velociter
3740 543 3868 606 tri-

2312 655 2645 735 bulatum,
2682 664 2746 721 et
2780 680 2812 715 «
2858 655 2928 718 in
2968 673 3405 742 quacumque
3435 650 3547 715 die
3582 650 3866 714 invoca-

2314 785 2463 828 vero
2523 772 2609 841 te,
2675 788 2708 823 »
2793 760 2859 826 id
2913 767 3040 836 est,
3113 759 3295 825 intus
3368 777 3709 824 vocavero
3767 762 3858 829 te,

2316 893 2349 932 α
2383 867 2700 935 velociter
2745 866 3004 932 eoeaudi
3041 887 3170 949 me,
3206 889 3239 929 n
3302 865 3450 931 sine
3509 861 3859 942 dilatione,

2314 977 2496 1067 quod
2528 984 2591 1042 et
2621 976 2807 1042 sacis.
2847 974 3055 1041 Ecoli.
3096 996 3167 1056 ιι,
3207 975 3286 1039 12
3324 995 3341 1040 :
3389 974 3560 1057 Quis
3588 973 3862 1039 invoca-

2311 1089 2431 1163 vit,
2458 1085 2831 1151 Dominum
2858 1082 3141 1161 scilieet,
3173 1093 3237 1148 et
3257 1081 3568 1171 despexit
3597 1081 3806 1148 illum
3825 1077 3865 1144 ἴ)

2316 1194 2453 1260 Etsi
2494 1215 2633 1259 non
2673 1193 2844 1258 sorte
2899 1191 3231 1260 velociter
3258 1187 3635 1267 desideriis,
3668 1187 3864 1255 velo-

2315 1301 2479 1368 citer
2509 1310 2734 1368 tamen
2766 1299 3049 1365 meritiS.
3085 1297 3217 1365 Isa.
3250 1318 3417 1374 xxx,
3456 1296 3537 1363 19
3564 1315 3581 1360 τ
3615 1294 3730 1362 Ad
3757 1316 3866 1361 vo-

2312 1432 2451 1476 cem
2482 1407 2807 1474 elamoris
2858 1406 2966 1472 tui
2988 1406 3228 1472 statim
3268 1415 3348 1471 ut
3385 1402 3715 1481 audt'erit,
3751 1424 3860 1467 re-

2310 1514 2665 1607 spondebit
2697 1512 2847 1579 tibi.
2875 1512 3171 1591 lsa.1.xv‚
3198 1512 3323 1578 24:
3357 1513 3654 1599 Eritque
3681 1518 3868 1576 ante-

2312 1645 2518 1713 quam
2602 1620 2922 1694 clament,
2983 1641 3106 1707 eqo
3163 1616 3545 1684 exaudiam
3583 1639 3606 1681 .·
3637 1615 3862 1682 adhuc

2315 1731 2462 1797 illis
2493 1727 2955 1820 loquentibus,
2989 1749 3113 1815 eqo
3155 1725 3474 1793 audae'am.

2400 2083 2433 2118 α
2472 2057 2652 2138 Quia
2718 2055 3130 2144 defecerunt.
3174 2081 3207 2117 »ι
3272 2055 3398 2123 Hic
3455 2055 3857 2133 seeundum,

2312 2163 2382 2229 in
2414 2183 2549 2251 quo
2588 2162 2879 2228 ostendit
2922 2161 3115 2251 quasi
3183 2161 3668 2252 specificando,
3729 2161 3864 2229 hu-

2311 2291 2532 2336 manae
2564 2269 2850 2336 miseriae
2890 2269 3386 2358 quantitatem:
3438 2278 3505 2335 et
3545 2268 3864 2337 dicuntur

2311 2377 2460 2445 tria.
2498 2376 2756 2452 Primo.
2782 2377 3128 2466 specificat
3180 2375 3621 2444 lamentando
3660 2376 3863 2444 mise·

2312 2486 2481 2551 riam
2539 2483 2952 2565 afflictionis,
3011 2483 3528 2574 comparatione
3583 2482 3671 2551 ad
3707 2505 3860 2552 oar-

2313 2615 2468 2658 nem
2510 2601 2576 2658 et
2612 2613 2859 2681 corpus
2896 2592 3280 2681 proprium.
3328 2588 3674 2673 Secundo,
3735 2592 3859 2659 mi·

2308 2701 2552 2766 seriam
2642 2705 3061 2788 paupertatis
3152 2699 3670 2789 comparatione
3772 2699 3858 2766 ad

2309 2807 2667 2885 mundum,
2736 2807 2854 2882 ibi.
2896 2813 2960 2881 5.
3014 2807 3103 2873 7:
3181 2834 3215 2868 α
3278 2807 3559 2875 Similis
3624 2807 3859 2896 faetus

2300 2938 2481 2984 seem.
2520 2914 2831 2986 »Tertio.
2878 2914 3230 2983 miseriam
3291 2912 3855 3003 abjectionis,ibi‚

2307 3035 2371 3103 5.
2400 3031 2441 3092 a
2478 3049 2493 3094 ε
2532 3054 2566 3088 α
2605 3028 2767 3094 Tota
2796 3025 2909 3094 die
2933 3028 3406 3094 contristatus.
3442 3051 3478 3092 ι

2397 3132 2471 3200 ln
2514 3132 2728 3224 prima
2760 3132 2913 3210 tria.
2956 3131 3340 3201 seeundum
3389 3134 3518 3202 tria
3570 3133 3639 3202 in
3697 3134 3860 3225 qui-

2307 3242 2434 3310 bus
2480 3239 2856 3307 humanum
2924 3262 3142 3326 genus
3198 3238 3533 3331 deplorat.
3597 3240 3857 3320 Primo,

2306 3346 2597 3413 ostendit
2632 3345 3066 3413 lamentando
3090 3345 3429 3414 desectum
3461 3345 3855 3425 debilitatis,

2303 3454 2527 3546 quoad
2569 3455 2800 3520 robur.
2843 3453 3193 3532 Secundo,
3227 3454 3692 3531 mortalitatis.
3739 3454 3853 3530 ibi.

2303 3570 2366 3637 5.
2409 3563 2449 3624 5
2495 3583 2512 3627 ε
2566 3585 2600 3624 ι
2637 3561 3004 3627 Percussus
3039 3581 3220 3626 sum.
3262 3586 3296 3622 ιι
3327 3558 3584 3637 Tertio.
3653 3560 3859 3652 igno-

2305 3668 2534 3736 rantioe
2560 3675 2623 3735 et
2662 3667 3009 3745 cecitatis,
3042 3690 3162 3735 seu
3204 3667 3481 3753 erroris,
3524 3666 3717 3747 ibid.
3750 3672 3792 3732 6
3834 3689 3850 3736 :

2305 3801 2338 3840 α
2373 3777 2428 3845 Α
2470 3797 2625 3841 voce
2655 3773 2978 3864 qemitus.
3018 3799 3053 3835 ιι

2385 3882 2463 3952 In
2491 3883 2709 3973 prima
2740 3880 2901 3950 duo.
2959 3880 3222 3967 Primo,
3254 3884 3478 3973 tangit
3514 3881 3854 3953 defectum

2301 3990 2807 4067 debilitationis,
2877 3999 3212 4083 quantum
3276 3991 3365 4060 ad
3420 3994 3857 4085 evaporatio·

2301 4120 2455 4166 nem
2503 4106 2563 4163 et
2615 4097 3192 4166 evanescentium.
3239 4096 3587 4179 Secundo,
3625 4099 3853 4194 quoad

2301 4206 2924 4296 consumptionem,
2960 4201 3080 4280 ibi,
3126 4228 3161 4270 ι
3202 4204 3293 4272 ΕΙ
3325 4227 3481 4273 ossa
3509 4229 3688 4276 mea.
3716 4233 3751 4269 ι

2392 4310 2565 4379 Dicit
2608 4334 2812 4401 ergo:
2877 4309 2993 4380 Sic
3039 4309 3209 4395 dixi,
3278 4311 3466 4404 quod
3531 4312 3848 4392 tribulor.

2297 4426 2575 4510 propter
2629 4418 2811 4510 quod
2879 4426 3037 4510 peto
3103 4417 3414 4487 exaudiri
3497 4427 3565 4489 et
3650 4419 3846 4500 bene.

2300 4554 2337 4591 ι
2367 4531 2537 4621 quia
2595 4529 2739 4594 dies
2801 4531 2938 4596 mei
2972 4528 3393 4619 defecerunt.
3441 4553 3477 4594 ι
3530 4529 3847 4625 Metony-

2297 4637 2433 4703 mia
2472 4646 2595 4717 est,
2629 4658 2757 4728 ego
2814 4637 2882 4703 in
2936 4635 3179 4704 diebus
3208 4637 3382 4705 meis
3421 4638 3747 4720 existens,
3780 4649 3848 4711 et

2295 4742 2435 4810 vita
2465 4764 2619 4810 mea
2639 4741 2876 4810 defecit
2906 4764 3029 4833 per
3055 4742 3645 4834 evaporationem.
3675 4745 3850 4813 «sie-

2296 4859 2373 4917 ut
2397 4851 2662 4940 fumus.
2699 4877 2735 4913 ι
2807 4848 3118 4939 Sapient.
3150 4872 3221 4930 v.
3299 4852 3420 4919 ¹5:
3470 4851 3842 4936 Quoniam,

2293 4958 2524 5024 omnia
2576 4957 2693 5024 illa
2729 4956 2988 5027 scilicet
3010 4958 3451 5036 transierunt.
3480 4966 3844 5051 tamquam

2287 5064 2531 5153 fumus
2566 5064 2691 5153 qui
2741 5085 2785 5129 a
2848 5074 3045 5132 vento
3095 5062 3403 5155 diffusus
3459 5072 3582 5133 est.
3652 5063 3835 5134 Psal.

2287 5191 2522 5255 xxxvi,
2554 5171 2640 5237 20
2694 5191 2710 5236 ε
2783 5170 3190 5259 Deficientes
3245 5170 3838 5262 quemadmodum

2285 5279 2529 5368 fumus
2554 5276 2890 5367 deficiant.
2947 5274 3188 5347 Jacob.
3223 5300 3320 5363 tv,
3366 5279 3490 5350 15:
3537 5282 3705 5367 Quoe
3739 5290 3839 5349 est

2287 5383 2466 5452 eru'm
2517 5385 2658 5452 vita
2711 5393 2945 5452 nostra
2970 5382 3014 5451 ?
3079 5384 3303 5477 Vapor
3339 5395 3439 5455 est
3475 5385 3576 5455 ad
3609 5386 3839 5455 modi-

2284 5511 2438 5555 eum
2460 5512 2734 5581 parens.
