5008 6329
2456 229 2878 300 PSALMUS
2928 229 3102 297 CIV.
4302 238 4385 303 55

2431 746 2897 823 PSALMUS
2978 751 3172 825 CIV.

1778 1096 2169 1167 Hortatur
2196 1096 2294 1168 ad
2322 1100 2586 1169 cultum
2615 1097 2781 1181 Dei,
2814 1120 3214 1170 memorans
3250 1104 3402 1188 ejus
3439 1102 3802 1197 beneficia.

1428 1472 1768 1544 Alleluia.
1824 1475 1880 1562 (I
1930 1474 2270 1567 Paralip.
2313 1496 2456 1553 xvi,
2490 1476 2585 1561 8.)

1235 1604 1290 1648 1.
1347 1577 1815 1650 Confitemini
1855 1583 2172 1651 Domino
2215 1584 2261 1664 ¹,
2295 1599 2365 1650 et
2404 1581 2727 1650 invocate

1444 1709 1709 1757 nomen
1770 1688 1927 1777 ejus
1979 1712 1995 1755 z

1438 1811 1689 1886 gentes
1717 1816 1937 1884 opera
1968 1794 2148 1883 ejus.

1219 1920 1286 1968 2.
1339 1898 1645 1971 Cantate
1685 1901 1778 1981 ei,
1821 1917 1890 1970 et
1942 1899 2225 1991 psallite
2252 1898 2317 1969 ei
2372 1921 2389 1967 ε

1441 2006 1689 2075 omnia
1722 2005 2086 2075 mirabilia
2114 2005 2297 2092 ejus.

1218 2115 1284 2184 3.
1343 2113 1776 2183 Laudamini
1806 2113 1876 2182 in
1908 2112 2203 2182 nomine
2234 2130 2484 2181 sancto
2522 2111 2718 2201 ejus:

1440 2225 1720 2293 laetetur
1767 2245 1894 2293 cor
1950 2222 2436 2316 quaerentium
2479 2220 2728 2291 Domi-

1436 2352 1641 2400 num.

1206 2462 1278 2528 4.
1332 2438 1660 2529 Quaerite
1689 2439 2118 2521 Dominum,
2147 2458 2217 2509 et
2237 2436 2721 2509 confirmami-

1433 2549 1505 2617 ni
1543 2570 1558 2615 :
1590 2550 1895 2640 quaerite
1923 2548 2180 2618 faciem
2213 2547 2371 2636 ejus
2409 2565 2712 2638 semper.

1213 2658 1281 2726 5.
1334 2655 1780 2725 Mementote
1848 2655 2301 2724 mirabilium
2346 2652 2506 2742 ejus
2556 2672 2716 2742 quae

1434 2762 1627 2845 fecit,
1691 2760 2022 2854 prodigia
2095 2762 2278 2852 ejus.
2329 2778 2400 2831 et
2453 2758 2718 2851 iudicia

1433 2870 1583 2941 oris
1612 2868 1794 2959 ejus.

1207 2980 1274 3051 6.
1332 2974 1597 3051 semen
1648 2978 2051 3059 Abraham,
2094 2977 2278 3048 servi
2329 2975 2536 3066 ejus:
2588 2977 2715 3049 filii

1427 3087 1677 3166 Jacob,
1720 3086 1926 3157 electi
1968 3087 2151 3176 ejus.

1214 3220 1282 3288 7.
1340 3194 1505 3288 lpse
1531 3195 1898 3268 Dominus
1923 3199 2119 3267 Deus
2146 3213 2434 3266 noster:
2461 3195 2534 3266 in
2559 3194 2718 3265 uni·

1435 3324 1640 3373 versa
1671 3320 1859 3374 terra
1895 3301 2158 3390 judicia
2190 3301 2371 3392 ejus.

1207 3411 1278 3484 8.
1332 3410 1619 3481 Memor
1647 3409 1783 3480 suit
1816 3409 1888 3480 in
1923 3410 2270 3480 saeculum
2304 3409 2714 3481 testamenti

1434 3519 1547 3590 sui
1603 3541 1620 3587 :
1692 3517 1892 3589 verbi
1955 3519 2155 3610 quod
2212 3517 2583 3589 mandavit
2643 3517 2715 3589 in

1430 3626 1630 3699 mille
1667 3626 2169 3717 generationes
2201 3645 2220 3698 ε

1204 3760 1276 3831 9.
1333 3735 1558 3827 Quod
1606 3733 1975 3826 disposuit
2029 3734 2120 3805 ad
2167 3730 2612 3812 Abraham'‚
2645 3751 2716 3804 et

1431 3841 1818 3931 iuramenti
1851 3840 1964 3910 sui
1996 3841 2087 3911 ad
2122 3842 2322 3912 Isaac
2366 3864 2383 3910 ε

1180 3973 1288 4021 ro.
1348 3950 1438 4020 Et
1479 3946 1734 4019 statuit
1782 3947 1964 4018 iuud
2002 3948 2228 4020 Jacob
2287 3948 2360 4019 in
2400 3968 2717 4041 praecep·

1430 4072 1616 4135 tum,
1674 4073 1746 4126 et
1802 4054 2025 4126 lsrael
2075 4054 2150 4126 in
2200 4071 2718 4128 testamentum

1430 4181 1841 4234 aeternum:

1172 4296 1279 4345 11.
1336 4270 1602 4343 Dicens
1647 4269 1867 4341 :Tibi
1927 4270 2121 4341 dabo
2192 4288 2458 4341 terram
2517 4267 2720 4342 Cha-

1429 4403 1613 4451 naan
1640 4379 2049 4451 funiculum
2077 4380 2376 4452 haeredit
2405 4379 2546 4452 atis
2601 4402 2721 4451 ve·

1427 4505 1630 4558 strae:

1169 4616 1279 4666 12.
1332 4592 1526 4667 Cum
1556 4609 1803 4664 essent
1831 4614 2140 4664 numero
2169 4592 2397 4672 brevi.
2428 4592 2717 4688 paucis-

1426 4699 1593 4772 simi
1636 4719 1708 4772 et
1750 4700 2004 4771 incolae
2029 4701 2187 4790 ejus
2239 4720 2258 4773 ε

1170 4813 1284 4884 13.·
1342 4812 1435 4883 Et
1519 4810 2101 4906 pertransierunt
2187 4813 2279 4881 de
2334 4828 2553 4904 gente
2641 4810 2714 4882 in

1432 4934 1750 5010 gentem.
1779 4917 1957 4988 etde
1981 4937 2204 5009 regno
2233 4916 2324 4986 ad
2358 4918 2718 5009 populum

1439 5026 1750 5097 aiterum
1797 5047 1815 5093 :

1229 5298 1370 5356 ¹1⁸a.
1401 5312 1501 5368 ιιι,
1534 5298 1597 5355 4.

1229 5386 1257 5426 ⁸
1284 5390 1499 5448 Genes.
1528 5402 1673 5452 nn,
1707 5388 1795 5443 16.

1226 5478 1322 5536 ⁸11
1350 5477 1493 5552 Bag.
1522 5490 1569 5547 1,
1598 5476 1709 5545 ¹⁴3
1739 5475 1765 5535 1
1791 5475 2054 5551 Paralip.
2085 5493 2243 5549 xxvi,
2271 5480 2363 5537 22.

1223 5571 1251 5607 ⁴
1276 5570 1491 5628 Ganos.
1519 5581 1732 5635 mvn,
1763 5567 1856 5626 ³0.

2444 1917 2726 1968 narrate

2854 1498 2962 1564 ¹4·
3019 1479 3185 1548 Non
3225 1480 3521 1571 reliquit
3545 1481 3915 1551 hominem
3959 1503 4215 1550 nocere
4244 1481 4387 1550 eis:

3106 1605 3177 1655 et
3206 1587 3561 1678 corripuit
3595 1610 3725 1678 pro
3764 1589 3868 1657 eis
3918 1610 4142 1681 reges.

2077 1688 2501 1758 annuntiate
2543 1688 2729 1757 inter
2849 1697 2956 1763 15.
3014 1694 3258 1764 Nolite
3348 1714 3644 1787 tangere
3711 1695 4051 1784 :christos
4137 1718 4393 1775 meos,

3106 1820 3177 1871 et
3208 1802 3281 1872 in
3337 1802 3713 1894 prophetis
3753 1803 3937 1874 meis
3979 1803 4199 1874 nolite
4236 1826 4396 1873 ma-

3103 1910 3422 2002 lignari⁸.

2846 2019 2951 2088 16.
3010 2019 3103 2088 Et
3130 2018 3412 2090 vocavit
3468 2020 3734 2091 samem
3796 2043 4015 2113 super
4060 2039 4384 2091 terram:

3103 2144 3172 2196 et
3188 2148 3405 2197 omne
3430 2129 3971 2199 firmamentum
4000 2129 4204 2220 panis
4223 2152 4390 2199 con-

3105 2233 3326 2303 trivit.

2845 2365 2950 2433 ¹7·
3003 2342 3205 2412 Misit
3244 2360 3411 2413 ante
3451 2364 3577 2412 eos
3630 2342 3906 2413 virum:
3977 2342 4047 2413 in
4093 2365 4383 2414 servum

3103 2451 3588 2520 venumdatus
3628 2470 3735 2520 est
3756 2451 4026 2542 Joseph
4072 2465 4115 2518 ⁸.

2849 2560 2953 2630 18.
3013 2558 3609 2629 Humiliaverunt
3655 2559 3723 2627 in
3751 2559 4227 2650 compedibus
4254 2581 4382 2650 pe-

3101 2666 3229 2734 des
3259 2666 3453 2755 ejus;
3488 2667 3758 2737 ferrum
3793 2665 4204 2757 pertransiit
4234 2665 4385 2735 ani-

3104 2794 3298 2843 mam
3329 2772 3488 2863 ejus
3513 2792 3563 2842 ι.

2844 2901 2950 2971 ¹9·
3007 2882 3253 2952 Donec
3282 2879 3565 2950 veniret
3593 2881 3894 2951 verbum
3947 2879 4131 2959 eius,

3015 2987 3412 3080 Eloquium
3524 2986 3816 3059 Domini
3905 2986 4380 3060 inflammavit

3098 3117 3269 3166 eum
3316 3119 3333 3164 ε

2831 3225 2947 3273 2ο.
3001 3204 3202 3275 Misit
3261 3226 3406 3285 rex,
3477 3221 3550 3274 et
3607 3204 3821 3274 solvit
3889 3226 4106 3274 eum:
4175 3204 4380 3296 prin-

3098 3334 3266 3405 ceps
3360 3313 3847 3407 populorum,
3942 3331 4012 3383 et
4104 3312 4384 3384 dimisit

3101 3434 3334 3491 eum0.

2833 3552 2952 3600 21.
3004 3527 3409 3600 Constituit
3465 3551 3635 3600 eum
3689 3530 4075 3599 dominum
4118 3528 4385 3599 domus

3099 3659 3276 3719 suat,
3355 3655 3426 3708 et
3474 3636 3872 3730 principem
3933 3635 4176 3707 omnis
4225 3658 4387 3730 pos·

3097 3744 3444 3814 sessionis
3485 3766 3636 3815 suoe
3679 3765 3696 3814 ε

2834 3873 2949 3923 22.
3008 3853 3109 3925 Ut
3176 3853 3498 3924 erudiret
3557 3851 3919 3944 principes
3975 3852 4130 3941 ejus
4197 3850 4384 3923 sicut

3101 3959 3608 4053 semetipsum.
3662 3978 3732 4031 et
3780 3981 3990 4030 senes
4019 3960 4175 4050 ejus
4224 3982 4385 4052 pru·

3097 4065 3422 4139 dentiam
3454 4067 3773 4137 doceret.

2835 4176 2954 4247 23.
2994 4175 3086 4246 Et
3144 4173 3437 4245 intravit
3499 4174 3717 4245 lsrael
3759 4174 3832 4245 in
3891 4176 4383 4267 AEgyptum⁷z

3099 4298 3171 4353 et
3232 4280 3460 4354 Jacob
3515 4283 3753 4353 accola
3838 4282 3974 4353 suit
4042 4282 4113 4352 in
4200 4298 4386 4354 terra

3100 4387 3361 4462 cham.

2832 4520 2950 4587 ²4·
3009 4498 3105 4569 Et
3186 4496 3386 4568 auxit
3445 4498 3800 4592 populum
3865 4519 4084 4568 suum
4168 4496 4386 4567 vehe-

3099 4623 3404 4684 menter.
3449 4621 3519 4676 et
3592 4605 3903 4676 firmavit
3950 4625 4121 4675 eum
4169 4625 4390 4698 super

3099 4711 3439 4783 inimicos
3478 4710 3636 4799 ejus
3656 4726 3704 4778 ⁸.

2834 4825 2952 4894 25.
3003 4818 3382 4894 Convertit
3425 4840 3551 4890 cor
3614 4840 3895 4897 eorum.
3945 4838 4029 4892 ut
4096 4819 4385 4892 odirent

3099 4926 3455 5020 populum
3513 4925 3698 5016 ejus,
3764 4943 3836 4997 et
3897 4927 4150 4998 dolum
4192 4924 4385 4997 face·

3101 5048 3261 5103 rent
3292 5032 3366 5102 in
3409 5053 3660 5102 servos
3688 5031 3870 5121 ejus.

2900 5301 2928 5340 ⁸
2955 5304 3172 5362 Genea.
3204 5317 3405 5371 xxxix,
3433 5301 3525 5357 20.

2898 5396 2925 5432 ⁸
2954 5394 3169 5452 cena.
3201 5406 3318 5458 ιιι,
3339 5393 3425 5448 14.

2900 5478 2927 5516 ”
2955 5482 3170 5540 Genes.
3203 5493 3358 5548 xxm,
3387 5480 3443 5535 6.

2899 5567 2928 5607 ⁸
2954 5566 3136 5627 Exod.
3166 5583 3208 5635 1,
3234 5567 3273 5622 7
3303 5585 3321 5635 ς
3352 5569 3483 5625 Act.
3514 5581 3616 5633 vn.
3655 5567 3735 5621 17.
