<?xml version="1.0" encoding="UTF-8"?>
<!DOCTYPE html PUBLIC "-//W3C//DTD XHTML 1.0 Transitional//EN"
    "http://www.w3.org/TR/xhtml1/DTD/xhtml1-transitional.dtd">
<html xmlns="http://www.w3.org/1999/xhtml" xml:lang="en" lang="en">
 <head>
  <title>
</title>
<meta http-equiv="Content-Type" content="text/html;charset=utf-8" />
  <meta name='ocr-system' content='tesseract 3.04.00' />
  <meta name='ocr-capabilities' content='ocr_page ocr_carea ocr_par ocr_line ocrx_word'/>
</head>
<body>
  <div class='ocr_page' id='page_1' title='image "balbertimagnira02chgoog_0493.png"; bbox 0 0 5008 6329; ppageno 0'>
   <div class='ocr_carea' id='block_1_1' title="bbox 1785 335 3436 406">
    <p class='ocr_par' dir='ltr' id='par_1_1' title="bbox 1785 335 3436 406">
     <span class='ocr_line' id='line_1_1' title="bbox 1785 335 3436 406; baseline -0.001 -1"><span class='ocrx_word' id='word_1_1' title='bbox 1785 336 2491 406; x_wconf 83' lang='lat' dir='ltr'><strong>COMMENTARIUS</strong></span> <span class='ocrx_word' id='word_1_2' title='bbox 2543 336 2636 403; x_wconf 83' lang='grc' dir='ltr'><strong>ΙΝ</strong></span> <span class='ocrx_word' id='word_1_3' title='bbox 2683 336 3118 405; x_wconf 85' lang='lat' dir='ltr'>PSALMUM</span> <span class='ocrx_word' id='word_1_4' title='bbox 3168 335 3436 404; x_wconf 88' lang='lat' dir='ltr'>CXLII.</span> 
     </span>
    </p>
   </div>
   <div class='ocr_carea' id='block_1_2' title="bbox 1000 506 2566 2874">
    <p class='ocr_par' dir='ltr' id='par_1_2' title="bbox 1011 506 2566 912">
     <span class='ocr_line' id='line_1_2' title="bbox 1013 506 2566 600; baseline 0.003 -30"><span class='ocrx_word' id='word_1_5' title='bbox 1013 506 1198 594; x_wconf 87' lang='lat' dir='ltr'><strong>quod</strong></span> <span class='ocrx_word' id='word_1_6' title='bbox 1240 509 1535 597; x_wconf 77' lang='lat' dir='ltr'>pertinet</span> <span class='ocrx_word' id='word_1_7' title='bbox 1601 512 1686 579; x_wconf 91' lang='lat' dir='ltr'><strong>ad</strong></span> <span class='ocrx_word' id='word_1_8' title='bbox 1752 512 2228 590; x_wconf 86' lang='lat' dir='ltr'><strong>intentionem,</strong></span> <span class='ocrx_word' id='word_1_9' title='bbox 2290 512 2445 600; x_wconf 86' lang='lat' dir='ltr'><strong>quia</strong></span> <span class='ocrx_word' id='word_1_10' title='bbox 2493 517 2566 574; x_wconf 92' lang='lat' dir='ltr'><strong>ut</strong></span> 
     </span>
     <span class='ocr_line' id='line_1_3' title="bbox 1013 615 2559 706; baseline 0.001 -28"><span class='ocrx_word' id='word_1_11' title='bbox 1013 615 1276 703; x_wconf 84' lang='lat' dir='ltr'>possint</span> <span class='ocrx_word' id='word_1_12' title='bbox 1340 639 1690 686; x_wconf 84' lang='lat' dir='ltr'><strong>excaecare</strong></span> <span class='ocrx_word' id='word_1_13' title='bbox 1739 642 1754 685; x_wconf 89' lang='lat'>:</span> <span class='ocrx_word' id='word_1_14' title='bbox 1837 628 1902 686; x_wconf 86' lang='lat' dir='ltr'><strong>et</strong></span> <span class='ocrx_word' id='word_1_15' title='bbox 1966 625 2339 706; x_wconf 83' lang='lat' dir='ltr'><strong>tanguntur</strong></span> <span class='ocrx_word' id='word_1_16' title='bbox 2402 615 2559 681; x_wconf 92' lang='lat' dir='ltr'><strong>duo.</strong></span> 
     </span>
     <span class='ocr_line' id='line_1_4' title="bbox 1017 722 2561 807; baseline 0.003 -20"><span class='ocrx_word' id='word_1_17' title='bbox 1017 722 1274 807; x_wconf 82' lang='lat' dir='ltr'><strong>PrimO,</strong></span> <span class='ocrx_word' id='word_1_18' title='bbox 1311 727 1600 794; x_wconf 88' lang='lat' dir='ltr'><strong>intentio</strong></span> <span class='ocrx_word' id='word_1_19' title='bbox 1644 727 1726 793; x_wconf 90' lang='lat' dir='ltr'><strong>de</strong></span> <span class='ocrx_word' id='word_1_20' title='bbox 1758 725 2184 792; x_wconf 86' lang='lat' dir='ltr'><strong>excaecando.</strong></span> <span class='ocrx_word' id='word_1_21' title='bbox 2224 723 2561 804; x_wconf 83' lang='lat' dir='ltr'><strong>SecundO,</strong></span> 
     </span>
     <span class='ocr_line' id='line_1_5' title="bbox 1011 832 2559 912; baseline -0.001 -13"><span class='ocrx_word' id='word_1_22' title='bbox 1011 832 1094 899; x_wconf 89' lang='lat' dir='ltr'><strong>de</strong></span> <span class='ocrx_word' id='word_1_23' title='bbox 1124 835 1356 911; x_wconf 88' lang='lat' dir='ltr'><strong>mod0,</strong></span> <span class='ocrx_word' id='word_1_24' title='bbox 1396 836 1514 912; x_wconf 90' lang='lat' dir='ltr'><strong>ibi,</strong></span> <span class='ocrx_word' id='word_1_25' title='bbox 1566 860 1598 899; x_wconf 75' lang='grc' dir='ltr'><strong>α</strong></span> <span class='ocrx_word' id='word_1_26' title='bbox 1641 835 1842 902; x_wconf 82' lang='lat' dir='ltr'><em>Sicut</em></span> <span class='ocrx_word' id='word_1_27' title='bbox 1879 844 2185 900; x_wconf 85' lang='lat' dir='ltr'><strong>mortuos</strong></span> <span class='ocrx_word' id='word_1_28' title='bbox 2234 835 2486 900; x_wconf 78' lang='lat' dir='ltr'><strong>saeeuli.</strong></span> <span class='ocrx_word' id='word_1_29' title='bbox 2528 859 2559 898; x_wconf 73' lang='grc' dir='ltr'><strong>ι)</strong></span> 
     </span>
    </p>

    <p class='ocr_par' dir='ltr' id='par_1_3' title="bbox 1000 941 2565 2874">
     <span class='ocr_line' id='line_1_6' title="bbox 1098 941 2565 1033; baseline 0 -25"><span class='ocrx_word' id='word_1_30' title='bbox 1098 942 1218 1009; x_wconf 85' lang='lat' dir='ltr'><strong>Ait</strong></span> <span class='ocrx_word' id='word_1_31' title='bbox 1245 965 1409 1032; x_wconf 84' lang='lat' dir='ltr'><strong>ergo</strong></span> <span class='ocrx_word' id='word_1_32' title='bbox 1449 965 1464 1008; x_wconf 76' lang='grc' dir='ltr'>ε</span> <span class='ocrx_word' id='word_1_33' title='bbox 1531 941 1645 1009; x_wconf 91' lang='lat' dir='ltr'><strong>Sic</strong></span> <span class='ocrx_word' id='word_1_34' title='bbox 1685 950 2019 1031; x_wconf 88' lang='lat' dir='ltr'><strong>quantum</strong></span> <span class='ocrx_word' id='word_1_35' title='bbox 2077 943 2162 1009; x_wconf 89' lang='lat' dir='ltr'><strong>ad</strong></span> <span class='ocrx_word' id='word_1_36' title='bbox 2209 945 2390 1033; x_wconf 92' lang='lat' dir='ltr'><strong>ipsos</strong></span> <span class='ocrx_word' id='word_1_37' title='bbox 2442 942 2565 1009; x_wconf 87' lang='lat' dir='ltr'><strong>hu-</strong></span> 
     </span>
     <span class='ocr_line' id='line_1_7' title="bbox 1009 1048 2561 1141; baseline 0 -25"><span class='ocrx_word' id='word_1_38' title='bbox 1009 1050 1241 1117; x_wconf 89' lang='lat' dir='ltr'><strong>milior</strong></span> <span class='ocrx_word' id='word_1_39' title='bbox 1278 1048 1364 1115; x_wconf 89' lang='lat' dir='ltr'><strong>ad</strong></span> <span class='ocrx_word' id='word_1_40' title='bbox 1403 1057 1698 1128; x_wconf 88' lang='lat' dir='ltr'><strong>terrena,</strong></span> <span class='ocrx_word' id='word_1_41' title='bbox 1749 1059 1817 1118; x_wconf 91' lang='lat' dir='ltr'><strong>et</strong></span> <span class='ocrx_word' id='word_1_42' title='bbox 1881 1052 2086 1118; x_wconf 84' lang='lat' dir='ltr'><strong>etiarn</strong></span> <span class='ocrx_word' id='word_1_43' title='bbox 2135 1051 2561 1141; x_wconf 87' lang='lat' dir='ltr'><strong>quantumin</strong></span> 
     </span>
     <span class='ocr_line' id='line_1_8' title="bbox 1007 1156 2556 1237; baseline 0.001 -14"><span class='ocrx_word' id='word_1_44' title='bbox 1007 1180 1078 1223; x_wconf 91' lang='lat' dir='ltr'><strong>se</strong></span> <span class='ocrx_word' id='word_1_45' title='bbox 1110 1165 1235 1235; x_wconf 90' lang='lat' dir='ltr'><strong>est,</strong></span> <span class='ocrx_word' id='word_1_46' title='bbox 1286 1185 1317 1218; x_wconf 92' lang='lat'>«</span> <span class='ocrx_word' id='word_1_47' title='bbox 1350 1156 1720 1225; x_wconf 84' lang='lat' dir='ltr'><strong>collocavit</strong></span> <span class='ocrx_word' id='word_1_48' title='bbox 1741 1180 1868 1237; x_wconf 86' lang='lat' dir='ltr'><strong>me,</strong></span> <span class='ocrx_word' id='word_1_49' title='bbox 1908 1184 1940 1223; x_wconf 82' lang='grc'>»</span> <span class='ocrx_word' id='word_1_50' title='bbox 1976 1159 2071 1226; x_wconf 88' lang='lat' dir='ltr'><strong>sic</strong></span> <span class='ocrx_word' id='word_1_51' title='bbox 2101 1156 2556 1232; x_wconf 86' lang='lat' dir='ltr'><strong>humiliatum,</strong></span> 
     </span>
     <span class='ocr_line' id='line_1_9' title="bbox 1013 1262 2564 1354; baseline 0.003 -28"><span class='ocrx_word' id='word_1_52' title='bbox 1013 1291 1045 1326; x_wconf 91' lang='lat'>«</span> <span class='ocrx_word' id='word_1_53' title='bbox 1090 1265 1161 1330; x_wconf 87' lang='lat' dir='ltr'><strong>in</strong></span> <span class='ocrx_word' id='word_1_54' title='bbox 1200 1262 1531 1345; x_wconf 76' lang='lat' dir='ltr'><strong><em>obscuris,</em></strong></span> <span class='ocrx_word' id='word_1_55' title='bbox 1578 1291 1612 1332; x_wconf 74' lang='grc' dir='ltr'><strong>ιο</strong></span> <span class='ocrx_word' id='word_1_56' title='bbox 1658 1289 1798 1334; x_wconf 93' lang='lat' dir='ltr'><strong>non</strong></span> <span class='ocrx_word' id='word_1_57' title='bbox 1837 1268 2011 1333; x_wconf 91' lang='lat' dir='ltr'><strong>sicut</strong></span> <span class='ocrx_word' id='word_1_58' title='bbox 2041 1266 2261 1342; x_wconf 81' lang='lat' dir='ltr'><strong>viVOS,</strong></span> <span class='ocrx_word' id='word_1_59' title='bbox 2298 1267 2564 1354; x_wconf 90' lang='lat' dir='ltr'><strong>quista·</strong></span> 
     </span>
     <span class='ocr_line' id='line_1_10' title="bbox 1006 1373 2564 1466; baseline 0.001 -28"><span class='ocrx_word' id='word_1_60' title='bbox 1006 1374 1131 1439; x_wconf 91' lang='lat' dir='ltr'><strong>tim</strong></span> <span class='ocrx_word' id='word_1_61' title='bbox 1206 1373 1364 1442; x_wconf 91' lang='lat' dir='ltr'><strong>inde</strong></span> <span class='ocrx_word' id='word_1_62' title='bbox 1423 1375 1696 1466; x_wconf 91' lang='lat' dir='ltr'><strong>prodire</strong></span> <span class='ocrx_word' id='word_1_63' title='bbox 1770 1383 2081 1464; x_wconf 84' lang='lat' dir='ltr'><strong>possunt,</strong></span> <span class='ocrx_word' id='word_1_64' title='bbox 2144 1373 2261 1441; x_wconf 91' lang='lat' dir='ltr'><strong>sed</strong></span> <span class='ocrx_word' id='word_1_65' title='bbox 2324 1400 2355 1438; x_wconf 75' lang='grc' dir='ltr'><strong>α</strong></span> <span class='ocrx_word' id='word_1_66' title='bbox 2388 1375 2564 1441; x_wconf 80' lang='lat' dir='ltr'><strong>sieut</strong></span> 
     </span>
     <span class='ocr_line' id='line_1_11' title="bbox 1004 1482 2554 1573; baseline -0.001 -25"><span class='ocrx_word' id='word_1_67' title='bbox 1004 1491 1312 1549; x_wconf 84' lang='lat' dir='ltr'><strong>mortuos</strong></span> <span class='ocrx_word' id='word_1_68' title='bbox 1338 1484 1601 1565; x_wconf 62' lang='lat' dir='ltr'><strong>saeculi,</strong></span> <span class='ocrx_word' id='word_1_69' title='bbox 1641 1510 1673 1545; x_wconf 87' lang='lat'>»</span> <span class='ocrx_word' id='word_1_70' title='bbox 1701 1484 1816 1573; x_wconf 89' lang='lat' dir='ltr'><strong>qui</strong></span> <span class='ocrx_word' id='word_1_71' title='bbox 1849 1484 1917 1549; x_wconf 93' lang='lat' dir='ltr'><strong>in</strong></span> <span class='ocrx_word' id='word_1_72' title='bbox 1949 1482 2080 1549; x_wconf 92' lang='lat' dir='ltr'><strong>illis</strong></span> <span class='ocrx_word' id='word_1_73' title='bbox 2104 1491 2554 1572; x_wconf 81' lang='lat' dir='ltr'><strong>perseverant.</strong></span> 
     </span>
     <span class='ocr_line' id='line_1_12' title="bbox 1000 1590 2562 1666; baseline 0.001 -10"><span class='ocrx_word' id='word_1_74' title='bbox 1000 1590 1252 1659; x_wconf 87' lang='lat' dir='ltr'><strong>Thren.</strong></span> <span class='ocrx_word' id='word_1_75' title='bbox 1317 1614 1414 1666; x_wconf 77' lang='grc' dir='ltr'>ιιι,</span> <span class='ocrx_word' id='word_1_76' title='bbox 1481 1593 1521 1657; x_wconf 89' lang='grc'>6</span> <span class='ocrx_word' id='word_1_77' title='bbox 1557 1613 1571 1657; x_wconf 90' lang='lat'>:</span> <span class='ocrx_word' id='word_1_78' title='bbox 1616 1592 1703 1658; x_wconf 90' lang='lat' dir='ltr'><strong>In</strong></span> <span class='ocrx_word' id='word_1_79' title='bbox 1768 1590 2134 1658; x_wconf 80' lang='lat' dir='ltr'><strong><em>tenebrosis</em></strong></span> <span class='ocrx_word' id='word_1_80' title='bbox 2206 1592 2562 1658; x_wconf 84' lang='lat' dir='ltr'><strong>collocavit</strong></span> 
     </span>
     <span class='ocr_line' id='line_1_13' title="bbox 1002 1698 2558 1790; baseline 0.001 -26"><span class='ocrx_word' id='word_1_81' title='bbox 1002 1720 1133 1778; x_wconf 89' lang='lat' dir='ltr'><strong>me,</strong></span> <span class='ocrx_word' id='word_1_82' title='bbox 1177 1700 1383 1787; x_wconf 84' lang='lat' dir='ltr'><strong>quasi</strong></span> <span class='ocrx_word' id='word_1_83' title='bbox 1410 1708 1718 1766; x_wconf 87' lang='lat' dir='ltr'><strong>mortuos</strong></span> <span class='ocrx_word' id='word_1_84' title='bbox 1772 1701 2237 1790; x_wconf 82' lang='lat' dir='ltr'><strong>sempiternos.</strong></span> <span class='ocrx_word' id='word_1_85' title='bbox 2291 1698 2459 1766; x_wconf 82' lang='lat' dir='ltr'><strong>Vere</strong></span> <span class='ocrx_word' id='word_1_86' title='bbox 2493 1699 2558 1765; x_wconf 89' lang='lat' dir='ltr'><strong>in</strong></span> 
     </span>
     <span class='ocr_line' id='line_1_14' title="bbox 1001 1805 2552 1895; baseline -0.001 -23"><span class='ocrx_word' id='word_1_87' title='bbox 1001 1805 1301 1873; x_wconf 83' lang='lat' dir='ltr'><strong>tenebris</strong></span> <span class='ocrx_word' id='word_1_88' title='bbox 1324 1814 1484 1873; x_wconf 89' lang='lat' dir='ltr'><strong>sunt</strong></span> <span class='ocrx_word' id='word_1_89' title='bbox 1511 1814 1919 1895; x_wconf 75' lang='lat' dir='ltr'><strong>peccatores.</strong></span> <span class='ocrx_word' id='word_1_90' title='bbox 1953 1805 2280 1873; x_wconf 87' lang='lat' dir='ltr'><strong>Proverb.</strong></span> <span class='ocrx_word' id='word_1_91' title='bbox 2311 1829 2400 1884; x_wconf 82' lang='lat' dir='ltr'><strong>iv,</strong></span> <span class='ocrx_word' id='word_1_92' title='bbox 2434 1808 2510 1873; x_wconf 86' lang='lat'><strong>19</strong></span> <span class='ocrx_word' id='word_1_93' title='bbox 2538 1828 2552 1871; x_wconf 89' lang='lat'>:</span> 
     </span>
     <span class='ocr_line' id='line_1_15' title="bbox 1014 1911 2560 2002; baseline 0 -23"><span class='ocrx_word' id='word_1_94' title='bbox 1014 1913 1136 1980; x_wconf 87' lang='lat' dir='ltr'><strong>Via</strong></span> <span class='ocrx_word' id='word_1_95' title='bbox 1169 1913 1545 2001; x_wconf 80' lang='lat' dir='ltr'><strong>impiorum</strong></span> <span class='ocrx_word' id='word_1_96' title='bbox 1604 1911 1978 1980; x_wconf 84' lang='lat' dir='ltr'><strong>tenebrosa.</strong></span> <span class='ocrx_word' id='word_1_97' title='bbox 2042 1911 2217 1991; x_wconf 82' lang='lat' dir='ltr'><strong>Quia</strong></span> <span class='ocrx_word' id='word_1_98' title='bbox 2257 1913 2379 2002; x_wconf 90' lang='lat' dir='ltr'><strong>ipsi</strong></span> <span class='ocrx_word' id='word_1_99' title='bbox 2422 1935 2560 1979; x_wconf 92' lang='lat' dir='ltr'><strong>non</strong></span> 
     </span>
     <span class='ocr_line' id='line_1_16' title="bbox 1002 2023 2552 2115; baseline 0.002 -24"><span class='ocrx_word' id='word_1_100' title='bbox 1002 2023 1320 2115; x_wconf 86' lang='lat' dir='ltr'><strong>diligunt,</strong></span> <span class='ocrx_word' id='word_1_101' title='bbox 1385 2025 1515 2092; x_wconf 91' lang='lat' dir='ltr'><strong>nisi</strong></span> <span class='ocrx_word' id='word_1_102' title='bbox 1583 2025 1922 2093; x_wconf 77' lang='lat' dir='ltr'><strong>tenebras.</strong></span> <span class='ocrx_word' id='word_1_103' title='bbox 1974 2024 2174 2092; x_wconf 90' lang='lat' dir='ltr'><strong>Joan.</strong></span> <span class='ocrx_word' id='word_1_104' title='bbox 2254 2048 2351 2105; x_wconf 84' lang='lat'><strong>111,</strong></span> <span class='ocrx_word' id='word_1_105' title='bbox 2411 2026 2493 2092; x_wconf 81' lang='lat'><strong>‘20</strong></span> <span class='ocrx_word' id='word_1_106' title='bbox 2537 2045 2552 2094; x_wconf 88' lang='lat'>:</span> 
     </span>
     <span class='ocr_line' id='line_1_17' title="bbox 1009 2131 2559 2221; baseline 0.001 -24"><span class='ocrx_word' id='word_1_107' title='bbox 1009 2132 1144 2215; x_wconf 84' lang='lat' dir='ltr'><strong>Qui</strong></span> <span class='ocrx_word' id='word_1_108' title='bbox 1174 2132 1360 2198; x_wconf 89' lang='lat' dir='ltr'><strong>male</strong></span> <span class='ocrx_word' id='word_1_109' title='bbox 1399 2133 1574 2221; x_wconf 75' lang='lat' dir='ltr'><strong>aqit,</strong></span> <span class='ocrx_word' id='word_1_110' title='bbox 1636 2132 1784 2199; x_wconf 85' lang='lat' dir='ltr'><strong>odit</strong></span> <span class='ocrx_word' id='word_1_111' title='bbox 1835 2132 2077 2208; x_wconf 82' lang='lat' dir='ltr'><strong>lucem.</strong></span> <span class='ocrx_word' id='word_1_112' title='bbox 2127 2132 2344 2200; x_wconf 86' lang='lat' dir='ltr'><strong>Nemo</strong></span> <span class='ocrx_word' id='word_1_113' title='bbox 2377 2131 2559 2199; x_wconf 80' lang='lat' dir='ltr'><strong>vadit</strong></span> 
     </span>
     <span class='ocr_line' id='line_1_18' title="bbox 1004 2238 2560 2330; baseline 0.001 -25"><span class='ocrx_word' id='word_1_114' title='bbox 1004 2239 1296 2306; x_wconf 89' lang='lat' dir='ltr'><strong>libenter</strong></span> <span class='ocrx_word' id='word_1_115' title='bbox 1337 2262 1457 2330; x_wconf 82' lang='lat' dir='ltr'><strong>per</strong></span> <span class='ocrx_word' id='word_1_116' title='bbox 1485 2240 1671 2307; x_wconf 81' lang='lat' dir='ltr'><strong>viam</strong></span> <span class='ocrx_word' id='word_1_117' title='bbox 1739 2263 1946 2330; x_wconf 88' lang='lat' dir='ltr'><strong>quam</strong></span> <span class='ocrx_word' id='word_1_118' title='bbox 1998 2241 2163 2309; x_wconf 90' lang='lat' dir='ltr'><strong>odit.</strong></span> <span class='ocrx_word' id='word_1_119' title='bbox 2218 2238 2314 2306; x_wconf 91' lang='lat' dir='ltr'><strong>lbi</strong></span> <span class='ocrx_word' id='word_1_120' title='bbox 2346 2238 2560 2307; x_wconf 85' lang='lat' dir='ltr'><strong>collo-</strong></span> 
     </span>
     <span class='ocr_line' id='line_1_19' title="bbox 1006 2346 2559 2438; baseline 0 -24"><span class='ocrx_word' id='word_1_121' title='bbox 1006 2356 1271 2428; x_wconf 88' lang='lat' dir='ltr'><strong>cantur,</strong></span> <span class='ocrx_word' id='word_1_122' title='bbox 1308 2347 1395 2414; x_wconf 93' lang='lat' dir='ltr'><strong>ibi</strong></span> <span class='ocrx_word' id='word_1_123' title='bbox 1433 2346 1757 2437; x_wconf 80' lang='lat' dir='ltr'><strong>placitum</strong></span> <span class='ocrx_word' id='word_1_124' title='bbox 1814 2358 1907 2415; x_wconf 84' lang='lat' dir='ltr'><strong>est</strong></span> <span class='ocrx_word' id='word_1_125' title='bbox 1944 2350 2064 2422; x_wconf 84' lang='lat' dir='ltr'><strong>eis,</strong></span> <span class='ocrx_word' id='word_1_126' title='bbox 2101 2357 2445 2438; x_wconf 78' lang='lat' dir='ltr'><strong>tamquam</strong></span> <span class='ocrx_word' id='word_1_127' title='bbox 2491 2349 2559 2414; x_wconf 91' lang='lat' dir='ltr'><strong>in</strong></span> 
     </span>
     <span class='ocr_line' id='line_1_20' title="bbox 1003 2454 2554 2546; baseline 0.001 -23"><span class='ocrx_word' id='word_1_128' title='bbox 1003 2456 1156 2523; x_wconf 89' lang='lat' dir='ltr'><strong>luce</strong></span> <span class='ocrx_word' id='word_1_129' title='bbox 1186 2454 1393 2523; x_wconf 83' lang='lat' dir='ltr'><strong>clara.</strong></span> <span class='ocrx_word' id='word_1_130' title='bbox 1443 2457 1692 2546; x_wconf 77' lang='lat' dir='ltr'><strong>Supra,</strong></span> <span class='ocrx_word' id='word_1_131' title='bbox 1728 2458 1796 2523; x_wconf 92' lang='lat' dir='ltr'><strong>in</strong></span> <span class='ocrx_word' id='word_1_132' title='bbox 1850 2456 2027 2524; x_wconf 77' lang='lat' dir='ltr'><strong>l‘sal.</strong></span> <span class='ocrx_word' id='word_1_133' title='bbox 2064 2479 2384 2527; x_wconf 75' lang='lat' dir='ltr'><strong>cxxxviii.</strong></span> <span class='ocrx_word' id='word_1_134' title='bbox 2430 2459 2494 2523; x_wconf 89' lang='lat' dir='ltr'><strong>tt</strong></span> <span class='ocrx_word' id='word_1_135' title='bbox 2539 2479 2554 2524; x_wconf 74' lang='grc' dir='ltr'>ε</span> 
     </span>
     <span class='ocr_line' id='line_1_21' title="bbox 1003 2565 2554 2635; baseline -0.001 -1"><span class='ocrx_word' id='word_1_136' title='bbox 1003 2569 1098 2634; x_wconf 83' lang='lat' dir='ltr'><strong>Et</strong></span> <span class='ocrx_word' id='word_1_137' title='bbox 1128 2590 1268 2634; x_wconf 75' lang='lat' dir='ltr'><strong>nox</strong></span> <span class='ocrx_word' id='word_1_138' title='bbox 1306 2565 1742 2634; x_wconf 86' lang='lat' dir='ltr'><strong>illuminati-o</strong></span> <span class='ocrx_word' id='word_1_139' title='bbox 1773 2591 1926 2634; x_wconf 85' lang='lat' dir='ltr'><strong>mea</strong></span> <span class='ocrx_word' id='word_1_140' title='bbox 1966 2569 2036 2634; x_wconf 83' lang='lat' dir='ltr'><strong>in</strong></span> <span class='ocrx_word' id='word_1_141' title='bbox 2075 2567 2337 2635; x_wconf 87' lang='lat' dir='ltr'><strong>deliciis</strong></span> <span class='ocrx_word' id='word_1_142' title='bbox 2369 2568 2554 2633; x_wconf 85' lang='lat' dir='ltr'><strong>meis.</strong></span> 
     </span>
     <span class='ocr_line' id='line_1_22' title="bbox 1004 2671 2555 2766; baseline -0.001 -26"><span class='ocrx_word' id='word_1_143' title='bbox 1004 2671 1211 2740; x_wconf 81' lang='lat' dir='ltr'><strong>Micli.</strong></span> <span class='ocrx_word' id='word_1_144' title='bbox 1258 2696 1356 2752; x_wconf 88' lang='grc' dir='ltr'>ιιι,</span> <span class='ocrx_word' id='word_1_145' title='bbox 1394 2679 1433 2740; x_wconf 82' lang='lat' dir='ltr'><strong>ti</strong></span> <span class='ocrx_word' id='word_1_146' title='bbox 1479 2696 1494 2740; x_wconf 75' lang='grc' dir='ltr'>ε</span> <span class='ocrx_word' id='word_1_147' title='bbox 1532 2677 1690 2742; x_wconf 72' lang='lat' dir='ltr'><strong>Noae</strong></span> <span class='ocrx_word' id='word_1_148' title='bbox 1727 2674 1916 2741; x_wconf 85' lang='lat' dir='ltr'><strong>vobis</strong></span> <span class='ocrx_word' id='word_1_149' title='bbox 1937 2698 2067 2766; x_wconf 88' lang='lat' dir='ltr'><strong>pro</strong></span> <span class='ocrx_word' id='word_1_150' title='bbox 2116 2676 2368 2742; x_wconf 77' lang='lat' dir='ltr'><strong>visione</strong></span> <span class='ocrx_word' id='word_1_151' title='bbox 2404 2677 2555 2753; x_wconf 88' lang='lat' dir='ltr'><strong>erit,</strong></span> 
     </span>
     <span class='ocr_line' id='line_1_23' title="bbox 1003 2781 2246 2874; baseline 0.001 -25"><span class='ocrx_word' id='word_1_152' title='bbox 1003 2792 1067 2849; x_wconf 81' lang='lat' dir='ltr'><strong>et</strong></span> <span class='ocrx_word' id='word_1_153' title='bbox 1106 2781 1396 2850; x_wconf 63' lang='lat' dir='ltr'><strong>tenebrae</strong></span> <span class='ocrx_word' id='word_1_154' title='bbox 1426 2783 1615 2850; x_wconf 85' lang='lat' dir='ltr'><strong>vobis</strong></span> <span class='ocrx_word' id='word_1_155' title='bbox 1646 2806 1776 2874; x_wconf 87' lang='lat' dir='ltr'><strong>pro</strong></span> <span class='ocrx_word' id='word_1_156' title='bbox 1806 2784 2246 2851; x_wconf 76' lang='lat' dir='ltr'><strong>divinatione.</strong></span> 
     </span>
    </p>
   </div>
   <div class='ocr_carea' id='block_1_3' title="bbox 999 3101 2576 5571">
    <p class='ocr_par' dir='ltr' id='par_1_4' title="bbox 999 3101 2560 3947">
     <span class='ocr_line' id='line_1_24' title="bbox 1097 3101 2558 3193; baseline 0.001 -23"><span class='ocrx_word' id='word_1_157' title='bbox 1097 3130 1129 3164; x_wconf 89' lang='lat'>«</span> <span class='ocrx_word' id='word_1_158' title='bbox 1173 3104 1270 3170; x_wconf 86' lang='lat' dir='ltr'><strong>Et</strong></span> <span class='ocrx_word' id='word_1_159' title='bbox 1310 3103 1643 3170; x_wconf 75' lang='lat' dir='ltr'><strong>anxiatus</strong></span> <span class='ocrx_word' id='word_1_160' title='bbox 1672 3111 1790 3170; x_wconf 89' lang='lat' dir='ltr'><strong>est.</strong></span> <span class='ocrx_word' id='word_1_161' title='bbox 1831 3126 1864 3168; x_wconf 70' lang='grc' dir='ltr'>ι</span> <span class='ocrx_word' id='word_1_162' title='bbox 1908 3101 2036 3170; x_wconf 87' lang='lat' dir='ltr'><strong>Hic</strong></span> <span class='ocrx_word' id='word_1_163' title='bbox 2066 3103 2364 3193; x_wconf 80' lang='lat' dir='ltr'><strong>tangitur</strong></span> <span class='ocrx_word' id='word_1_164' title='bbox 2392 3104 2558 3171; x_wconf 91' lang='lat' dir='ltr'><strong>inte·</strong></span> 
     </span>
     <span class='ocr_line' id='line_1_25' title="bbox 1001 3210 2558 3301; baseline 0.001 -23"><span class='ocrx_word' id='word_1_165' title='bbox 1001 3212 1143 3278; x_wconf 90' lang='lat' dir='ltr'><strong>rior</strong></span> <span class='ocrx_word' id='word_1_166' title='bbox 1180 3210 1560 3287; x_wconf 86' lang='lat' dir='ltr'><strong>tribulatio,</strong></span> <span class='ocrx_word' id='word_1_167' title='bbox 1604 3219 1881 3301; x_wconf 83' lang='lat' dir='ltr'><strong>propter</strong></span> <span class='ocrx_word' id='word_1_168' title='bbox 1920 3233 2125 3301; x_wconf 88' lang='lat' dir='ltr'><strong>quam</strong></span> <span class='ocrx_word' id='word_1_169' title='bbox 2152 3232 2417 3278; x_wconf 89' lang='lat' dir='ltr'><strong>necesse</strong></span> <span class='ocrx_word' id='word_1_170' title='bbox 2455 3219 2558 3279; x_wconf 83' lang='lat' dir='ltr'><strong>est</strong></span> 
     </span>
     <span class='ocr_line' id='line_1_26' title="bbox 1000 3318 2549 3409; baseline -0.002 -22"><span class='ocrx_word' id='word_1_171' title='bbox 1000 3340 1224 3391; x_wconf 89' lang='lat' dir='ltr'><strong>orare.</strong></span> <span class='ocrx_word' id='word_1_172' title='bbox 1259 3325 1327 3386; x_wconf 86' lang='lat' dir='ltr'><strong>et</strong></span> <span class='ocrx_word' id='word_1_173' title='bbox 1369 3329 1621 3409; x_wconf 87' lang='lat' dir='ltr'><strong>petere.</strong></span> <span class='ocrx_word' id='word_1_174' title='bbox 1673 3318 2075 3409; x_wconf 83' lang='lat' dir='ltr'><strong>Tanguntur</strong></span> <span class='ocrx_word' id='word_1_175' title='bbox 2138 3329 2361 3386; x_wconf 84' lang='lat' dir='ltr'><strong>autern</strong></span> <span class='ocrx_word' id='word_1_176' title='bbox 2402 3319 2549 3386; x_wconf 87' lang='lat' dir='ltr'><strong>tria.</strong></span> 
     </span>
     <span class='ocr_line' id='line_1_27' title="bbox 1003 3426 2560 3509; baseline 0.001 -15"><span class='ocrx_word' id='word_1_177' title='bbox 1003 3426 1266 3509; x_wconf 86' lang='lat' dir='ltr'><strong>Primo,</strong></span> <span class='ocrx_word' id='word_1_178' title='bbox 1313 3427 1599 3495; x_wconf 91' lang='lat' dir='ltr'><strong>interior</strong></span> <span class='ocrx_word' id='word_1_179' title='bbox 1627 3428 1937 3495; x_wconf 78' lang='lat' dir='ltr'><strong>anxietas</strong></span> <span class='ocrx_word' id='word_1_180' title='bbox 1967 3435 2034 3495; x_wconf 87' lang='lat' dir='ltr'><strong>et</strong></span> <span class='ocrx_word' id='word_1_181' title='bbox 2064 3426 2381 3495; x_wconf 81' lang='lat' dir='ltr'><strong>turbatio.</strong></span> <span class='ocrx_word' id='word_1_182' title='bbox 2429 3426 2560 3495; x_wconf 83' lang='lat' dir='ltr'><strong>Se-</strong></span> 
     </span>
     <span class='ocr_line' id='line_1_28' title="bbox 999 3530 2560 3623; baseline -0.001 -23"><span class='ocrx_word' id='word_1_183' title='bbox 999 3531 1253 3609; x_wconf 86' lang='lat' dir='ltr'><strong>cundo,</strong></span> <span class='ocrx_word' id='word_1_184' title='bbox 1308 3531 1554 3599; x_wconf 88' lang='lat' dir='ltr'><strong>modus</strong></span> <span class='ocrx_word' id='word_1_185' title='bbox 1612 3530 2021 3599; x_wconf 84' lang='lat' dir='ltr'><strong>turbationis</strong></span> <span class='ocrx_word' id='word_1_186' title='bbox 2074 3541 2142 3599; x_wconf 87' lang='lat' dir='ltr'><strong>et</strong></span> <span class='ocrx_word' id='word_1_187' title='bbox 2179 3530 2354 3608; x_wconf 85' lang='lat' dir='ltr'><strong>linis,</strong></span> <span class='ocrx_word' id='word_1_188' title='bbox 2399 3534 2560 3623; x_wconf 87' lang='lat' dir='ltr'><strong>quia</strong></span> 
     </span>
     <span class='ocr_line' id='line_1_29' title="bbox 1000 3639 2559 3731; baseline -0.001 -24"><span class='ocrx_word' id='word_1_189' title='bbox 1000 3639 1087 3708; x_wconf 89' lang='lat' dir='ltr'><strong>ad</strong></span> <span class='ocrx_word' id='word_1_190' title='bbox 1118 3640 1618 3731; x_wconf 80' lang='lat' dir='ltr'><strong>poenitentiain,</strong></span> <span class='ocrx_word' id='word_1_191' title='bbox 1671 3639 1791 3717; x_wconf 89' lang='lat' dir='ltr'><strong>ibi,</strong></span> <span class='ocrx_word' id='word_1_192' title='bbox 1856 3665 1889 3705; x_wconf 76' lang='grc' dir='ltr'><strong>α</strong></span> <span class='ocrx_word' id='word_1_193' title='bbox 1935 3640 2020 3706; x_wconf 86' lang='lat' dir='ltr'><strong>In</strong></span> <span class='ocrx_word' id='word_1_194' title='bbox 2056 3663 2161 3708; x_wconf 91' lang='lat' dir='ltr'><strong>me</strong></span> <span class='ocrx_word' id='word_1_195' title='bbox 2207 3640 2559 3708; x_wconf 82' lang='lat' dir='ltr'><strong>turbatum</strong></span> 
     </span>
     <span class='ocr_line' id='line_1_30' title="bbox 999 3748 2554 3829; baseline -0.001 -13"><span class='ocrx_word' id='word_1_196' title='bbox 999 3758 1119 3817; x_wconf 85' lang='lat' dir='ltr'><strong>est.</strong></span> <span class='ocrx_word' id='word_1_197' title='bbox 1171 3773 1205 3814; x_wconf 66' lang='lat' dir='ltr'><strong>n</strong></span> <span class='ocrx_word' id='word_1_198' title='bbox 1237 3748 1492 3826; x_wconf 89' lang='lat' dir='ltr'><strong>Tertio,</strong></span> <span class='ocrx_word' id='word_1_199' title='bbox 1545 3770 1750 3817; x_wconf 87' lang='lat' dir='ltr'><strong>causa</strong></span> <span class='ocrx_word' id='word_1_200' title='bbox 1780 3757 1847 3817; x_wconf 89' lang='lat' dir='ltr'><strong>et</strong></span> <span class='ocrx_word' id='word_1_201' title='bbox 1916 3749 2086 3818; x_wconf 88' lang='lat' dir='ltr'><strong>ratio</strong></span> <span class='ocrx_word' id='word_1_202' title='bbox 2127 3749 2554 3829; x_wconf 86' lang='lat' dir='ltr'><strong>turbationis,</strong></span> 
     </span>
     <span class='ocr_line' id='line_1_31' title="bbox 1004 3858 1983 3947; baseline -0.008 -21"><span class='ocrx_word' id='word_1_203' title='bbox 1004 3858 1123 3939; x_wconf 91' lang='lat' dir='ltr'><strong>ibi,</strong></span> <span class='ocrx_word' id='word_1_204' title='bbox 1165 3866 1230 3935; x_wconf 64' lang='lat' dir='ltr'><strong>y.</strong></span> <span class='ocrx_word' id='word_1_205' title='bbox 1266 3860 1307 3926; x_wconf 82' lang='lat'><strong>5</strong></span> <span class='ocrx_word' id='word_1_206' title='bbox 1352 3879 1368 3925; x_wconf 73' lang='grc' dir='ltr'>ε</span> <span class='ocrx_word' id='word_1_207' title='bbox 1409 3884 1444 3921; x_wconf 76' lang='grc' dir='ltr'><strong>α</strong></span> <span class='ocrx_word' id='word_1_208' title='bbox 1476 3859 1746 3926; x_wconf 83' lang='lat' dir='ltr'><strong>Memor</strong></span> <span class='ocrx_word' id='word_1_209' title='bbox 1768 3858 1908 3947; x_wconf 78' lang='lat' dir='ltr'><strong>lui.</strong></span> <span class='ocrx_word' id='word_1_210' title='bbox 1952 3885 1983 3919; x_wconf 70' lang='grc' dir='ltr'><strong>ι»</strong></span> 
     </span>
    </p>

    <p class='ocr_par' dir='ltr' id='par_1_5' title="bbox 1004 3964 2576 5571">
     <span class='ocr_line' id='line_1_32' title="bbox 1097 3964 2563 4058; baseline 0 -24"><span class='ocrx_word' id='word_1_211' title='bbox 1097 3966 1280 4035; x_wconf 86' lang='lat' dir='ltr'><strong>Dicit</strong></span> <span class='ocrx_word' id='word_1_212' title='bbox 1300 3990 1467 4058; x_wconf 87' lang='lat' dir='ltr'><strong>ergo</strong></span> <span class='ocrx_word' id='word_1_213' title='bbox 1505 3989 1521 4034; x_wconf 76' lang='grc' dir='ltr'><strong><em>ε</em></strong></span> <span class='ocrx_word' id='word_1_214' title='bbox 1561 3964 1677 4035; x_wconf 90' lang='lat' dir='ltr'><strong>Sic</strong></span> <span class='ocrx_word' id='word_1_215' title='bbox 1705 3967 2005 4035; x_wconf 84' lang='lat' dir='ltr'><strong>exterius</strong></span> <span class='ocrx_word' id='word_1_216' title='bbox 2033 3975 2424 4058; x_wconf 87' lang='lat' dir='ltr'><strong>persecutus</strong></span> <span class='ocrx_word' id='word_1_217' title='bbox 2462 3973 2563 4036; x_wconf 86' lang='lat' dir='ltr'><strong>est</strong></span> 
     </span>
     <span class='ocr_line' id='line_1_33' title="bbox 1004 4076 2558 4166; baseline -0.001 -21"><span class='ocrx_word' id='word_1_218' title='bbox 1004 4077 1353 4155; x_wconf 85' lang='lat' dir='ltr'><strong>inimicus,</strong></span> <span class='ocrx_word' id='word_1_219' title='bbox 1393 4104 1426 4137; x_wconf 76' lang='lat' dir='ltr'><strong>&lt;c</strong></span> <span class='ocrx_word' id='word_1_220' title='bbox 1476 4085 1542 4142; x_wconf 85' lang='lat' dir='ltr'><strong>et</strong></span> <span class='ocrx_word' id='word_1_221' title='bbox 1566 4076 1858 4166; x_wconf 87' lang='lat' dir='ltr'><strong>spiritus</strong></span> <span class='ocrx_word' id='word_1_222' title='bbox 1903 4097 2093 4142; x_wconf 88' lang='lat' dir='ltr'><strong>meus</strong></span> <span class='ocrx_word' id='word_1_223' title='bbox 2125 4097 2331 4166; x_wconf 85' lang='lat' dir='ltr'><strong>super</strong></span> <span class='ocrx_word' id='word_1_224' title='bbox 2367 4097 2494 4155; x_wconf 89' lang='lat' dir='ltr'><strong>me,</strong></span> <span class='ocrx_word' id='word_1_225' title='bbox 2526 4102 2558 4136; x_wconf 72' lang='grc' dir='ltr'><strong>»ι</strong></span> 
     </span>
     <span class='ocr_line' id='line_1_34' title="bbox 1005 4181 2560 4260; baseline -0.005 -6"><span class='ocrx_word' id='word_1_226' title='bbox 1005 4191 1328 4254; x_wconf 85' lang='lat' dir='ltr'><strong>extensus</strong></span> <span class='ocrx_word' id='word_1_227' title='bbox 1375 4190 1444 4250; x_wconf 87' lang='lat' dir='ltr'><strong>et</strong></span> <span class='ocrx_word' id='word_1_228' title='bbox 1511 4181 1844 4260; x_wconf 89' lang='lat' dir='ltr'><strong>elevatus,</strong></span> <span class='ocrx_word' id='word_1_229' title='bbox 1908 4207 1941 4248; x_wconf 71' lang='lat' dir='ltr'><strong>e</strong></span> <span class='ocrx_word' id='word_1_230' title='bbox 1985 4183 2315 4250; x_wconf 67' lang='lat' dir='ltr'><strong>anxiatus</strong></span> <span class='ocrx_word' id='word_1_231' title='bbox 2369 4190 2487 4249; x_wconf 83' lang='lat' dir='ltr'><strong>est.</strong></span> <span class='ocrx_word' id='word_1_232' title='bbox 2526 4206 2560 4247; x_wconf 66' lang='lat' dir='ltr'><strong>n</strong></span> 
     </span>
     <span class='ocr_line' id='line_1_35' title="bbox 1007 4289 2566 4382; baseline -0.001 -22"><span class='ocrx_word' id='word_1_233' title='bbox 1007 4292 1173 4361; x_wconf 81' lang='lat' dir='ltr'><strong>Ilaec</strong></span> <span class='ocrx_word' id='word_1_234' title='bbox 1218 4299 1320 4358; x_wconf 87' lang='lat' dir='ltr'><strong>est</strong></span> <span class='ocrx_word' id='word_1_235' title='bbox 1375 4289 1789 4382; x_wconf 77' lang='lat' dir='ltr'><strong>synderesiS,</strong></span> <span class='ocrx_word' id='word_1_236' title='bbox 1849 4312 2001 4380; x_wconf 81' lang='lat' dir='ltr'><strong>quae</strong></span> <span class='ocrx_word' id='word_1_237' title='bbox 2065 4313 2266 4382; x_wconf 82' lang='lat' dir='ltr'><strong>super</strong></span> <span class='ocrx_word' id='word_1_238' title='bbox 2329 4313 2566 4359; x_wconf 89' lang='lat' dir='ltr'><strong>omnes</strong></span> 
     </span>
     <span class='ocr_line' id='line_1_36' title="bbox 1007 4394 2569 4478; baseline -0.001 -12"><span class='ocrx_word' id='word_1_239' title='bbox 1007 4399 1258 4467; x_wconf 80' lang='lat' dir='ltr'><strong>animae</strong></span> <span class='ocrx_word' id='word_1_240' title='bbox 1288 4397 1472 4465; x_wconf 82' lang='lat' dir='ltr'><strong>vires</strong></span> <span class='ocrx_word' id='word_1_241' title='bbox 1511 4396 1840 4465; x_wconf 83' lang='lat' dir='ltr'><strong>elevatur.</strong></span> <span class='ocrx_word' id='word_1_242' title='bbox 1902 4394 2147 4467; x_wconf 81' lang='lat' dir='ltr'><strong>Ezecli.</strong></span> <span class='ocrx_word' id='word_1_243' title='bbox 2183 4420 2228 4478; x_wconf 87' lang='lat'><strong>1,</strong></span> <span class='ocrx_word' id='word_1_244' title='bbox 2279 4398 2357 4464; x_wconf 88' lang='grc'><strong>10</strong></span> <span class='ocrx_word' id='word_1_245' title='bbox 2390 4419 2405 4465; x_wconf 89' lang='lat'>:</span> <span class='ocrx_word' id='word_1_246' title='bbox 2449 4397 2569 4467; x_wconf 90' lang='lat' dir='ltr'><strong>Si-</strong></span> 
     </span>
     <span class='ocr_line' id='line_1_37' title="bbox 1011 4505 2569 4597; baseline -0.001 -22"><span class='ocrx_word' id='word_1_247' title='bbox 1011 4506 1345 4575; x_wconf 86' lang='lat' dir='ltr'><strong>militudo</strong></span> <span class='ocrx_word' id='word_1_248' title='bbox 1402 4505 1641 4575; x_wconf 86' lang='lat' dir='ltr'><strong>vultus</strong></span> <span class='ocrx_word' id='word_1_249' title='bbox 1691 4528 1955 4581; x_wconf 87' lang='lat' dir='ltr'><strong>eorum.</strong></span> <span class='ocrx_word' id='word_1_250' title='bbox 2015 4507 2230 4597; x_wconf 80' lang='lat' dir='ltr'><strong>facies</strong></span> <span class='ocrx_word' id='word_1_251' title='bbox 2273 4507 2569 4574; x_wconf 79' lang='lat' dir='ltr'><strong>hominis</strong></span> 
     </span>
     <span class='ocr_line' id='line_1_38' title="bbox 1010 4613 2565 4706; baseline 0 -24"><span class='ocrx_word' id='word_1_252' title='bbox 1010 4625 1077 4682; x_wconf 86' lang='lat' dir='ltr'><strong>et</strong></span> <span class='ocrx_word' id='word_1_253' title='bbox 1092 4614 1311 4705; x_wconf 76' lang='lat' dir='ltr'><strong>facies</strong></span> <span class='ocrx_word' id='word_1_254' title='bbox 1335 4613 1551 4681; x_wconf 87' lang='lat' dir='ltr'><strong>leonis</strong></span> <span class='ocrx_word' id='word_1_255' title='bbox 1574 4636 1618 4680; x_wconf 90' lang='lat' dir='ltr'><strong>a</strong></span> <span class='ocrx_word' id='word_1_256' title='bbox 1635 4613 1896 4681; x_wconf 71' lang='lat' dir='ltr'><strong>dextris</strong></span> <span class='ocrx_word' id='word_1_257' title='bbox 1917 4615 2223 4706; x_wconf 89' lang='lat' dir='ltr'><strong>ipsorum</strong></span> <span class='ocrx_word' id='word_1_258' title='bbox 2244 4623 2565 4705; x_wconf 84' lang='lat' dir='ltr'><strong>quatuor,</strong></span> 
     </span>
     <span class='ocr_line' id='line_1_39' title="bbox 1008 4718 2568 4813; baseline 0.001 -25"><span class='ocrx_word' id='word_1_259' title='bbox 1008 4723 1228 4810; x_wconf 79' lang='lat' dir='ltr'><strong>facies</strong></span> <span class='ocrx_word' id='word_1_260' title='bbox 1276 4730 1513 4789; x_wconf 87' lang='lat' dir='ltr'><strong>autem</strong></span> <span class='ocrx_word' id='word_1_261' title='bbox 1563 4718 1751 4788; x_wconf 81' lang='lat' dir='ltr'><strong>bovis</strong></span> <span class='ocrx_word' id='word_1_262' title='bbox 1806 4743 1850 4787; x_wconf 91' lang='lat' dir='ltr'><strong>a</strong></span> <span class='ocrx_word' id='word_1_263' title='bbox 1914 4721 2213 4789; x_wconf 81' lang='lat' dir='ltr'><strong>sinistris</strong></span> <span class='ocrx_word' id='word_1_264' title='bbox 2266 4722 2568 4813; x_wconf 88' lang='lat' dir='ltr'><strong>ipsorum</strong></span> 
     </span>
     <span class='ocr_line' id='line_1_40' title="bbox 1013 4826 2574 4920; baseline 0.001 -26"><span class='ocrx_word' id='word_1_265' title='bbox 1013 4838 1347 4918; x_wconf 86' lang='lat' dir='ltr'><strong>quatuor,</strong></span> <span class='ocrx_word' id='word_1_266' title='bbox 1372 4835 1439 4894; x_wconf 84' lang='lat' dir='ltr'><strong>et</strong></span> <span class='ocrx_word' id='word_1_267' title='bbox 1464 4827 1685 4916; x_wconf 76' lang='lat' dir='ltr'><strong>facies</strong></span> <span class='ocrx_word' id='word_1_268' title='bbox 1741 4827 2000 4918; x_wconf 77' lang='lat' dir='ltr'><strong>aquilae</strong></span> <span class='ocrx_word' id='word_1_269' title='bbox 2048 4826 2335 4920; x_wconf 81' lang='lat' dir='ltr'><strong>desuper</strong></span> <span class='ocrx_word' id='word_1_270' title='bbox 2389 4829 2574 4919; x_wconf 80' lang='lat' dir='ltr'><strong>ipso-</strong></span> 
     </span>
     <span class='ocr_line' id='line_1_41' title="bbox 1013 4933 2574 5029; baseline 0.001 -25"><span class='ocrx_word' id='word_1_271' title='bbox 1013 4958 1170 5004; x_wconf 85' lang='lat' dir='ltr'><strong>rum</strong></span> <span class='ocrx_word' id='word_1_272' title='bbox 1200 4945 1524 5029; x_wconf 79' lang='lat' dir='ltr'><strong>quatuor.</strong></span> <span class='ocrx_word' id='word_1_273' title='bbox 1573 4935 1706 5005; x_wconf 83' lang='lat' dir='ltr'><strong>l‘er</strong></span> <span class='ocrx_word' id='word_1_274' title='bbox 1734 4933 2088 5006; x_wconf 88' lang='lat' dir='ltr'><strong>hominem</strong></span> <span class='ocrx_word' id='word_1_275' title='bbox 2130 4938 2235 5006; x_wconf 85' lang='lat' dir='ltr'><strong>vis</strong></span> <span class='ocrx_word' id='word_1_276' title='bbox 2275 4937 2574 5006; x_wconf 85' lang='lat' dir='ltr'><strong>rationa-</strong></span> 
     </span>
     <span class='ocr_line' id='line_1_42' title="bbox 1014 5042 2570 5136; baseline 0.003 -25"><span class='ocrx_word' id='word_1_277' title='bbox 1014 5043 1123 5124; x_wconf 89' lang='lat' dir='ltr'><strong>lis,</strong></span> <span class='ocrx_word' id='word_1_278' title='bbox 1165 5065 1289 5135; x_wconf 89' lang='lat' dir='ltr'><strong>per</strong></span> <span class='ocrx_word' id='word_1_279' title='bbox 1333 5042 1589 5113; x_wconf 83' lang='lat' dir='ltr'><strong>bovem</strong></span> <span class='ocrx_word' id='word_1_280' title='bbox 1638 5043 2210 5136; x_wconf 89' lang='lat' dir='ltr'><strong>concupiscibilis,</strong></span> <span class='ocrx_word' id='word_1_281' title='bbox 2259 5068 2380 5135; x_wconf 86' lang='lat' dir='ltr'><strong>per</strong></span> <span class='ocrx_word' id='word_1_282' title='bbox 2420 5044 2570 5115; x_wconf 92' lang='lat' dir='ltr'><strong>leo-</strong></span> 
     </span>
     <span class='ocr_line' id='line_1_43' title="bbox 1015 5150 2565 5246; baseline 0.001 -25"><span class='ocrx_word' id='word_1_283' title='bbox 1015 5176 1174 5222; x_wconf 90' lang='lat' dir='ltr'><strong>nem</strong></span> <span class='ocrx_word' id='word_1_284' title='bbox 1224 5150 1611 5237; x_wconf 80' lang='lat' dir='ltr'><strong>irascibilis,</strong></span> <span class='ocrx_word' id='word_1_285' title='bbox 1656 5176 1778 5245; x_wconf 88' lang='lat' dir='ltr'><strong>per</strong></span> <span class='ocrx_word' id='word_1_286' title='bbox 1822 5153 2122 5245; x_wconf 88' lang='lat' dir='ltr'><strong>aquilam</strong></span> <span class='ocrx_word' id='word_1_287' title='bbox 2160 5155 2565 5246; x_wconf 76' lang='lat' dir='ltr'><strong>synderesiS,</strong></span> 
     </span>
     <span class='ocr_line' id='line_1_44' title="bbox 1016 5261 2564 5352; baseline 0.004 -25"><span class='ocrx_word' id='word_1_288' title='bbox 1016 5283 1167 5351; x_wconf 83' lang='lat' dir='ltr'><strong>quae</strong></span> <span class='ocrx_word' id='word_1_289' title='bbox 1209 5283 1417 5352; x_wconf 87' lang='lat' dir='ltr'><strong>super</strong></span> <span class='ocrx_word' id='word_1_290' title='bbox 1453 5282 1695 5328; x_wconf 91' lang='lat' dir='ltr'><strong>omnes</strong></span> <span class='ocrx_word' id='word_1_291' title='bbox 1741 5262 1991 5330; x_wconf 75' lang='lat' dir='ltr'><strong>anima&gt;</strong></span> <span class='ocrx_word' id='word_1_292' title='bbox 2022 5261 2201 5331; x_wconf 83' lang='lat' dir='ltr'><strong>vires</strong></span> <span class='ocrx_word' id='word_1_293' title='bbox 2240 5262 2564 5333; x_wconf 80' lang='lat' dir='ltr'><strong>elevatur.</strong></span> 
     </span>
     <span class='ocr_line' id='line_1_45' title="bbox 1017 5369 2573 5466; baseline 0.004 -30"><span class='ocrx_word' id='word_1_294' title='bbox 1017 5369 1126 5437; x_wconf 83' lang='lat' dir='ltr'><strong>Ad</strong></span> <span class='ocrx_word' id='word_1_295' title='bbox 1164 5369 1461 5438; x_wconf 85' lang='lat' dir='ltr'><strong>Roman.</strong></span> <span class='ocrx_word' id='word_1_296' title='bbox 1511 5392 1658 5449; x_wconf 81' lang='lat' dir='ltr'><strong>vni,</strong></span> <span class='ocrx_word' id='word_1_297' title='bbox 1711 5372 1797 5438; x_wconf 80' lang='lat'><strong>26</strong></span> <span class='ocrx_word' id='word_1_298' title='bbox 1840 5392 1857 5437; x_wconf 90' lang='lat'>:</span> <span class='ocrx_word' id='word_1_299' title='bbox 1918 5373 2225 5464; x_wconf 78' lang='lat' dir='ltr'><strong>Spiritus</strong></span> <span class='ocrx_word' id='word_1_300' title='bbox 2258 5374 2573 5466; x_wconf 83' lang='lat' dir='ltr'><strong>postulat</strong></span> 
     </span>
     <span class='ocr_line' id='line_1_46' title="bbox 1013 5476 2576 5571; baseline 0.004 -25"><span class='ocrx_word' id='word_1_301' title='bbox 1013 5500 1144 5569; x_wconf 86' lang='lat' dir='ltr'><strong>pro</strong></span> <span class='ocrx_word' id='word_1_302' title='bbox 1172 5476 1371 5547; x_wconf 84' lang='lat' dir='ltr'><strong>nobis</strong></span> <span class='ocrx_word' id='word_1_303' title='bbox 1394 5476 1769 5571; x_wconf 75' lang='lat' dir='ltr'><strong>qemitibus</strong></span> <span class='ocrx_word' id='word_1_304' title='bbox 1798 5478 2399 5551; x_wconf 85' lang='lat' dir='ltr'><strong>inenarrabilibus.</strong></span> <span class='ocrx_word' id='word_1_305' title='bbox 2447 5483 2576 5552; x_wconf 87' lang='lat' dir='ltr'><strong>Ba-</strong></span> 
     </span>
    </p>
   </div>
   <div class='ocr_carea' id='block_1_4' title="bbox 1094 5706 1940 5785">
    <p class='ocr_par' dir='ltr' id='par_1_6' title="bbox 1094 5706 1940 5785">
     <span class='ocr_line' id='line_1_47' title="bbox 1094 5706 1940 5785; baseline 0.004 -19"><span class='ocrx_word' id='word_1_306' title='bbox 1094 5706 1116 5745; x_wconf 82' lang='lat'>¹</span> <span class='ocrx_word' id='word_1_307' title='bbox 1146 5708 1233 5766; x_wconf 73' lang='lat' dir='ltr'><strong>Gt.</strong></span> <span class='ocrx_word' id='word_1_308' title='bbox 1265 5709 1600 5782; x_wconf 78' lang='lat' dir='ltr'><strong>Genes.·m,</strong></span> <span class='ocrx_word' id='word_1_309' title='bbox 1629 5712 1696 5769; x_wconf 68' lang='lat'><strong>¹4</strong></span> <span class='ocrx_word' id='word_1_310' title='bbox 1725 5715 1786 5768; x_wconf 87' lang='lat' dir='ltr'><strong>et</strong></span> <span class='ocrx_word' id='word_1_311' title='bbox 1813 5728 1940 5785; x_wconf 80' lang='lat' dir='ltr'><strong>seq.</strong></span> 
     </span>
    </p>
   </div>
   <div class='ocr_carea' id='block_1_5' title="bbox 4096 334 4224 402">
    <p class='ocr_par' dir='ltr' id='par_1_7' title="bbox 4096 334 4224 402">
     <span class='ocr_line' id='line_1_48' title="bbox 4096 334 4224 402; baseline 0.016 -2"><span class='ocrx_word' id='word_1_312' title='bbox 4096 334 4224 402; x_wconf 73' lang='lat'><strong>483</strong></span> 
     </span>
    </p>
   </div>
   <div class='ocr_carea' id='block_1_6' title="bbox 2670 508 4224 928">
    <p class='ocr_par' dir='ltr' id='par_1_8' title="bbox 2670 508 4224 928">
     <span class='ocr_line' id='line_1_49' title="bbox 2674 508 4224 599; baseline -0.003 -20"><span class='ocrx_word' id='word_1_313' title='bbox 2674 509 2863 590; x_wconf 86' lang='lat' dir='ltr'><strong>ruch,</strong></span> <span class='ocrx_word' id='word_1_314' title='bbox 2909 531 3004 590; x_wconf 90' lang='lat'><strong>111,</strong></span> <span class='ocrx_word' id='word_1_315' title='bbox 3046 510 3073 574; x_wconf 93' lang='lat'><strong>1</strong></span> <span class='ocrx_word' id='word_1_316' title='bbox 3125 530 3140 573; x_wconf 73' lang='grc' dir='ltr'>ε</span> <span class='ocrx_word' id='word_1_317' title='bbox 3174 509 3430 575; x_wconf 85' lang='lat' dir='ltr'><strong>Anima</strong></span> <span class='ocrx_word' id='word_1_318' title='bbox 3471 508 3542 573; x_wconf 85' lang='lat' dir='ltr'><strong>in</strong></span> <span class='ocrx_word' id='word_1_319' title='bbox 3586 510 3950 598; x_wconf 79' lang='lat' dir='ltr'><strong>anqustiis,</strong></span> <span class='ocrx_word' id='word_1_320' title='bbox 3985 517 4049 576; x_wconf 87' lang='lat' dir='ltr'><strong>et</strong></span> <span class='ocrx_word' id='word_1_321' title='bbox 4075 511 4224 599; x_wconf 85' lang='lat' dir='ltr'><strong>spi-</strong></span> 
     </span>
     <span class='ocr_line' id='line_1_50' title="bbox 2672 615 4215 694; baseline -0.001 -9"><span class='ocrx_word' id='word_1_322' title='bbox 2672 621 2845 685; x_wconf 84' lang='lat' dir='ltr'><strong>ritus</strong></span> <span class='ocrx_word' id='word_1_323' title='bbox 2874 618 3125 683; x_wconf 72' lang='lat' dir='ltr'><strong>anxius</strong></span> <span class='ocrx_word' id='word_1_324' title='bbox 3181 616 3439 683; x_wconf 80' lang='lat' dir='ltr'><strong>clamat</strong></span> <span class='ocrx_word' id='word_1_325' title='bbox 3490 615 3587 681; x_wconf 85' lang='lat' dir='ltr'><strong>ad</strong></span> <span class='ocrx_word' id='word_1_326' title='bbox 3641 626 3726 682; x_wconf 82' lang='lat' dir='ltr'><strong>te.</strong></span> <span class='ocrx_word' id='word_1_327' title='bbox 3779 615 4078 694; x_wconf 83' lang='lat' dir='ltr'><strong>Isa.1.x1‚</strong></span> <span class='ocrx_word' id='word_1_328' title='bbox 4128 620 4158 683; x_wconf 93' lang='lat'>1</span> <span class='ocrx_word' id='word_1_329' title='bbox 4199 639 4215 684; x_wconf 76' lang='grc' dir='ltr'><strong><em>ε</em></strong></span> 
     </span>
     <span class='ocr_line' id='line_1_51' title="bbox 2670 722 4215 818; baseline -0.003 -22"><span class='ocrx_word' id='word_1_330' title='bbox 2670 726 2971 818; x_wconf 77' lang='lat' dir='ltr'><strong>Spiritus</strong></span> <span class='ocrx_word' id='word_1_331' title='bbox 3001 725 3286 792; x_wconf 80' lang='lat' dir='ltr'><strong>Domini</strong></span> <span class='ocrx_word' id='word_1_332' title='bbox 3311 747 3513 814; x_wconf 81' lang='lat' dir='ltr'><strong>super</strong></span> <span class='ocrx_word' id='word_1_333' title='bbox 3539 747 3663 791; x_wconf 89' lang='lat' dir='ltr'><strong>me.</strong></span> <span class='ocrx_word' id='word_1_334' title='bbox 3692 722 3942 791; x_wconf 88' lang='lat' dir='ltr'><strong>Thr-en.</strong></span> <span class='ocrx_word' id='word_1_335' title='bbox 3968 747 4063 808; x_wconf 83' lang='grc' dir='ltr'>ιιι,</span> <span class='ocrx_word' id='word_1_336' title='bbox 4090 727 4215 792; x_wconf 83' lang='lat'><strong>28:</strong></span> 
     </span>
     <span class='ocr_line' id='line_1_52' title="bbox 2675 835 3799 928; baseline -0.002 -23"><span class='ocrx_word' id='word_1_337' title='bbox 2675 837 2961 920; x_wconf 82' lang='lat' dir='ltr'><strong>Tacebit,</strong></span> <span class='ocrx_word' id='word_1_338' title='bbox 3004 839 3170 928; x_wconf 85' lang='lat' dir='ltr'><strong>quia</strong></span> <span class='ocrx_word' id='word_1_339' title='bbox 3202 835 3451 904; x_wconf 84' lang='lat' dir='ltr'><strong>levavit</strong></span> <span class='ocrx_word' id='word_1_340' title='bbox 3479 857 3685 925; x_wconf 87' lang='lat' dir='ltr'><strong>super</strong></span> <span class='ocrx_word' id='word_1_341' title='bbox 3712 845 3799 903; x_wconf 86' lang='lat' dir='ltr'><strong>te.</strong></span> 
     </span>
    </p>
   </div>
   <div class='ocr_carea' id='block_1_7' title="bbox 2664 1046 4224 2327">
    <p class='ocr_par' dir='ltr' id='par_1_9' title="bbox 2664 1046 4224 2327">
     <span class='ocr_line' id='line_1_53' title="bbox 2760 1046 4215 1115; baseline 0.003 -7"><span class='ocrx_word' id='word_1_342' title='bbox 2760 1076 2792 1109; x_wconf 93' lang='lat'>«</span> <span class='ocrx_word' id='word_1_343' title='bbox 2828 1049 2909 1114; x_wconf 88' lang='lat' dir='ltr'><strong>In</strong></span> <span class='ocrx_word' id='word_1_344' title='bbox 2948 1070 3055 1113; x_wconf 88' lang='lat' dir='ltr'><strong>me</strong></span> <span class='ocrx_word' id='word_1_345' title='bbox 3091 1046 3471 1114; x_wconf 84' lang='lat' dir='ltr'><strong>turbatum.</strong></span> <span class='ocrx_word' id='word_1_346' title='bbox 3521 1071 3552 1111; x_wconf 83' lang='lat'><strong>»</strong></span> <span class='ocrx_word' id='word_1_347' title='bbox 3606 1046 3779 1114; x_wconf 88' lang='lat' dir='ltr'><strong>Ecce</strong></span> <span class='ocrx_word' id='word_1_348' title='bbox 3818 1047 4215 1115; x_wconf 89' lang='lat' dir='ltr'><strong>secundum.</strong></span> 
     </span>
     <span class='ocr_line' id='line_1_54' title="bbox 2670 1153 4219 1244; baseline 0.002 -24"><span class='ocrx_word' id='word_1_349' title='bbox 2670 1153 2873 1232; x_wconf 85' lang='lat' dir='ltr'><strong>Quasi</strong></span> <span class='ocrx_word' id='word_1_350' title='bbox 2910 1154 3160 1221; x_wconf 85' lang='lat' dir='ltr'><strong>diceret</strong></span> <span class='ocrx_word' id='word_1_351' title='bbox 3203 1176 3216 1219; x_wconf 90' lang='lat'>:</span> <span class='ocrx_word' id='word_1_352' title='bbox 3247 1153 3361 1222; x_wconf 90' lang='lat' dir='ltr'><strong>Sic</strong></span> <span class='ocrx_word' id='word_1_353' title='bbox 3397 1155 3714 1221; x_wconf 84' lang='lat' dir='ltr'><strong>anxiatus</strong></span> <span class='ocrx_word' id='word_1_354' title='bbox 3745 1163 3847 1222; x_wconf 90' lang='lat' dir='ltr'><strong>est</strong></span> <span class='ocrx_word' id='word_1_355' title='bbox 3875 1177 4078 1244; x_wconf 88' lang='lat' dir='ltr'><strong>super</strong></span> <span class='ocrx_word' id='word_1_356' title='bbox 4109 1178 4219 1223; x_wconf 90' lang='lat' dir='ltr'><strong>me</strong></span> 
     </span>
     <span class='ocr_line' id='line_1_55' title="bbox 2667 1261 4220 1349; baseline 0.001 -22"><span class='ocrx_word' id='word_1_357' title='bbox 2667 1261 2944 1349; x_wconf 89' lang='lat' dir='ltr'><strong>spiritus</strong></span> <span class='ocrx_word' id='word_1_358' title='bbox 3000 1282 3219 1338; x_wconf 79' lang='lat' dir='ltr'><strong>meuS‚</strong></span> <span class='ocrx_word' id='word_1_359' title='bbox 3265 1268 3332 1327; x_wconf 88' lang='lat' dir='ltr'><strong>et</strong></span> <span class='ocrx_word' id='word_1_360' title='bbox 3374 1285 3407 1325; x_wconf 76' lang='grc' dir='ltr'><strong>α</strong></span> <span class='ocrx_word' id='word_1_361' title='bbox 3441 1283 3557 1327; x_wconf 89' lang='lat' dir='ltr'><strong>eor</strong></span> <span class='ocrx_word' id='word_1_362' title='bbox 3594 1284 3822 1328; x_wconf 85' lang='lat' dir='ltr'><strong>meum</strong></span> <span class='ocrx_word' id='word_1_363' title='bbox 3862 1261 4220 1328; x_wconf 83' lang='lat' dir='ltr'><strong>turbatum</strong></span> 
     </span>
     <span class='ocr_line' id='line_1_56' title="bbox 2667 1369 4219 1460; baseline 0.001 -24"><span class='ocrx_word' id='word_1_364' title='bbox 2667 1380 2784 1447; x_wconf 89' lang='lat' dir='ltr'><strong>est,</strong></span> <span class='ocrx_word' id='word_1_365' title='bbox 2834 1396 2866 1432; x_wconf 90' lang='lat'>»</span> <span class='ocrx_word' id='word_1_366' title='bbox 2902 1369 2981 1436; x_wconf 89' lang='lat' dir='ltr'><strong>ad</strong></span> <span class='ocrx_word' id='word_1_367' title='bbox 3033 1371 3530 1460; x_wconf 86' lang='lat' dir='ltr'><strong>poenitentiam,</strong></span> <span class='ocrx_word' id='word_1_368' title='bbox 3597 1397 3630 1432; x_wconf 88' lang='lat'><strong><em>«</em></strong></span> <span class='ocrx_word' id='word_1_369' title='bbox 3667 1372 3737 1436; x_wconf 87' lang='lat' dir='ltr'><strong>in</strong></span> <span class='ocrx_word' id='word_1_370' title='bbox 3786 1393 3913 1437; x_wconf 88' lang='lat' dir='ltr'><strong>me.</strong></span> <span class='ocrx_word' id='word_1_371' title='bbox 3958 1400 3988 1431; x_wconf 86' lang='lat'>»</span> <span class='ocrx_word' id='word_1_372' title='bbox 4049 1369 4219 1438; x_wconf 89' lang='lat' dir='ltr'><strong>Ecce</strong></span> 
     </span>
     <span class='ocr_line' id='line_1_57' title="bbox 2667 1476 4215 1549; baseline 0.004 -6"><span class='ocrx_word' id='word_1_373' title='bbox 2667 1476 2844 1544; x_wconf 90' lang='lat' dir='ltr'><strong>bona</strong></span> <span class='ocrx_word' id='word_1_374' title='bbox 2876 1479 3180 1544; x_wconf 82' lang='lat' dir='ltr'><strong>anxietas</strong></span> <span class='ocrx_word' id='word_1_375' title='bbox 3221 1486 3287 1545; x_wconf 91' lang='lat' dir='ltr'><strong>et</strong></span> <span class='ocrx_word' id='word_1_376' title='bbox 3343 1478 3638 1545; x_wconf 85' lang='lat' dir='ltr'><strong>tristitia.</strong></span> <span class='ocrx_word' id='word_1_377' title='bbox 3675 1476 3737 1541; x_wconf 87' lang='grc' dir='ltr'><strong>ΙΙ</strong></span> <span class='ocrx_word' id='word_1_378' title='bbox 3792 1477 3877 1544; x_wconf 92' lang='lat' dir='ltr'><strong>ad</strong></span> <span class='ocrx_word' id='word_1_379' title='bbox 3907 1476 4215 1549; x_wconf 82' lang='lat' dir='ltr'><strong>Corinth.</strong></span> 
     </span>
     <span class='ocr_line' id='line_1_58' title="bbox 2666 1586 4221 1669; baseline 0.003 -20"><span class='ocrx_word' id='word_1_380' title='bbox 2666 1609 2780 1661; x_wconf 81' lang='lat' dir='ltr'><strong>vn,</strong></span> <span class='ocrx_word' id='word_1_381' title='bbox 2829 1588 2951 1653; x_wconf 74' lang='lat'><strong>10:</strong></span> <span class='ocrx_word' id='word_1_382' title='bbox 3011 1587 3175 1669; x_wconf 79' lang='lat' dir='ltr'><strong>Quae</strong></span> <span class='ocrx_word' id='word_1_383' title='bbox 3211 1586 3586 1653; x_wconf 81' lang='lat' dir='ltr'><strong>secundum</strong></span> <span class='ocrx_word' id='word_1_384' title='bbox 3637 1588 3861 1654; x_wconf 88' lang='lat' dir='ltr'><strong>Deum</strong></span> <span class='ocrx_word' id='word_1_385' title='bbox 3936 1588 4221 1653; x_wconf 80' lang='lat' dir='ltr'><strong>tristitia</strong></span> 
     </span>
     <span class='ocr_line' id='line_1_59' title="bbox 2665 1692 4224 1784; baseline 0.001 -25"><span class='ocrx_word' id='word_1_386' title='bbox 2665 1703 2781 1765; x_wconf 85' lang='lat' dir='ltr'><strong>est.</strong></span> <span class='ocrx_word' id='word_1_387' title='bbox 2810 1696 3287 1783; x_wconf 66' lang='lat' dir='ltr'><strong>poenitentiam</strong></span> <span class='ocrx_word' id='word_1_388' title='bbox 3306 1695 3374 1759; x_wconf 89' lang='lat' dir='ltr'><strong>in</strong></span> <span class='ocrx_word' id='word_1_389' title='bbox 3401 1692 3700 1760; x_wconf 88' lang='lat' dir='ltr'><strong>salutem</strong></span> <span class='ocrx_word' id='word_1_390' title='bbox 3728 1693 4047 1760; x_wconf 84' lang='lat' dir='ltr'><strong>stabilem</strong></span> <span class='ocrx_word' id='word_1_391' title='bbox 4070 1715 4224 1784; x_wconf 88' lang='lat' dir='ltr'><strong>ope-</strong></span> 
     </span>
     <span class='ocr_line' id='line_1_60' title="bbox 2665 1800 4220 1880; baseline 0.001 -13"><span class='ocrx_word' id='word_1_392' title='bbox 2665 1814 2885 1870; x_wconf 87' lang='lat' dir='ltr'><strong>ratur.</strong></span> <span class='ocrx_word' id='word_1_393' title='bbox 2915 1800 3168 1869; x_wconf 87' lang='lat' dir='ltr'><strong>Jerem.</strong></span> <span class='ocrx_word' id='word_1_394' title='bbox 3206 1825 3300 1880; x_wconf 75' lang='grc' dir='ltr'><strong>ιν,</strong></span> <span class='ocrx_word' id='word_1_395' title='bbox 3346 1803 3424 1869; x_wconf 88' lang='lat'><strong>19</strong></span> <span class='ocrx_word' id='word_1_396' title='bbox 3470 1824 3486 1867; x_wconf 75' lang='grc' dir='ltr'><strong><em>ε</em></strong></span> <span class='ocrx_word' id='word_1_397' title='bbox 3527 1802 3785 1870; x_wconf 83' lang='lat' dir='ltr'><strong>Sensus</strong></span> <span class='ocrx_word' id='word_1_398' title='bbox 3825 1801 4047 1868; x_wconf 87' lang='lat' dir='ltr'><strong>cordis</strong></span> <span class='ocrx_word' id='word_1_399' title='bbox 4086 1803 4220 1869; x_wconf 84' lang='lat' dir='ltr'><strong>mei</strong></span> 
     </span>
     <span class='ocr_line' id='line_1_61' title="bbox 2665 1910 4218 1998; baseline 0.002 -21"><span class='ocrx_word' id='word_1_400' title='bbox 2665 1912 2926 1979; x_wconf 82' lang='lat' dir='ltr'><strong>turbati</strong></span> <span class='ocrx_word' id='word_1_401' title='bbox 2951 1923 3114 1979; x_wconf 88' lang='lat' dir='ltr'><strong>sunt</strong></span> <span class='ocrx_word' id='word_1_402' title='bbox 3146 1913 3214 1979; x_wconf 88' lang='lat' dir='ltr'><strong>in</strong></span> <span class='ocrx_word' id='word_1_403' title='bbox 3264 1935 3392 1979; x_wconf 89' lang='lat' dir='ltr'><strong>me.</strong></span> <span class='ocrx_word' id='word_1_404' title='bbox 3437 1911 3523 1978; x_wconf 85' lang='lat' dir='ltr'><strong>Et</strong></span> <span class='ocrx_word' id='word_1_405' title='bbox 3581 1910 4218 1998; x_wconf 78' lang='lat' dir='ltr'><strong>hociustissimum.</strong></span> 
     </span>
     <span class='ocr_line' id='line_1_62' title="bbox 2664 2020 4222 2111; baseline 0 -24"><span class='ocrx_word' id='word_1_406' title='bbox 2664 2020 3030 2111; x_wconf 86' lang='lat' dir='ltr'><strong>Gregorius</strong></span> <span class='ocrx_word' id='word_1_407' title='bbox 3073 2042 3088 2086; x_wconf 76' lang='grc' dir='ltr'><strong><em>ε</em></strong></span> <span class='ocrx_word' id='word_1_408' title='bbox 3128 2045 3161 2085; x_wconf 76' lang='grc' dir='ltr'><strong>α</strong></span> <span class='ocrx_word' id='word_1_409' title='bbox 3197 2020 3470 2087; x_wconf 86' lang='lat' dir='ltr'><strong>Justum</strong></span> <span class='ocrx_word' id='word_1_410' title='bbox 3514 2029 3616 2088; x_wconf 86' lang='lat' dir='ltr'><strong>est</strong></span> <span class='ocrx_word' id='word_1_411' title='bbox 3655 2021 3829 2086; x_wconf 91' lang='lat' dir='ltr'><strong>utin</strong></span> <span class='ocrx_word' id='word_1_412' title='bbox 3859 2042 3930 2087; x_wconf 85' lang='lat' dir='ltr'><strong>se</strong></span> <span class='ocrx_word' id='word_1_413' title='bbox 3960 2041 4222 2087; x_wconf 87' lang='lat' dir='ltr'><strong>moero-</strong></span> 
     </span>
     <span class='ocr_line' id='line_1_63' title="bbox 2666 2125 4219 2218; baseline 0.002 -28"><span class='ocrx_word' id='word_1_414' title='bbox 2666 2156 2698 2191; x_wconf 92' lang='lat'><strong><em>«</em></strong></span> <span class='ocrx_word' id='word_1_415' title='bbox 2745 2152 2847 2194; x_wconf 83' lang='lat' dir='ltr'><strong>res</strong></span> <span class='ocrx_word' id='word_1_416' title='bbox 2883 2129 3205 2209; x_wconf 81' lang='lat' dir='ltr'><strong>inveniat,</strong></span> <span class='ocrx_word' id='word_1_417' title='bbox 3242 2128 3356 2218; x_wconf 88' lang='lat' dir='ltr'><strong>qui</strong></span> <span class='ocrx_word' id='word_1_418' title='bbox 3404 2125 3638 2195; x_wconf 75' lang='lat' dir='ltr'><strong>relicto</strong></span> <span class='ocrx_word' id='word_1_419' title='bbox 3668 2149 3833 2194; x_wconf 87' lang='lat' dir='ltr'><strong>vero</strong></span> <span class='ocrx_word' id='word_1_420' title='bbox 3865 2125 4115 2217; x_wconf 85' lang='lat' dir='ltr'><strong>gaudio</strong></span> <span class='ocrx_word' id='word_1_421' title='bbox 4150 2127 4219 2193; x_wconf 93' lang='lat' dir='ltr'><strong>in</strong></span> 
     </span>
     <span class='ocr_line' id='line_1_64' title="bbox 2673 2236 3572 2327; baseline 0.007 -31"><span class='ocrx_word' id='word_1_422' title='bbox 2673 2267 2702 2296; x_wconf 69' lang='grc' dir='ltr'><strong>«ι</strong></span> <span class='ocrx_word' id='word_1_423' title='bbox 2733 2259 2804 2303; x_wconf 91' lang='lat' dir='ltr'><strong>se</strong></span> <span class='ocrx_word' id='word_1_424' title='bbox 2843 2236 3089 2327; x_wconf 83' lang='lat' dir='ltr'><strong>gaudia</strong></span> <span class='ocrx_word' id='word_1_425' title='bbox 3129 2236 3498 2325; x_wconf 85' lang='lat' dir='ltr'><strong>quaerebat.</strong></span> <span class='ocrx_word' id='word_1_426' title='bbox 3539 2261 3572 2302; x_wconf 70' lang='lat' dir='ltr'><strong>s</strong></span> 
     </span>
    </p>
   </div>
   <div class='ocr_carea' id='block_1_8' title="bbox 2657 2555 4222 4044">
    <p class='ocr_par' dir='ltr' id='par_1_10' title="bbox 2657 2555 4218 2965">
     <span class='ocr_line' id='line_1_65' title="bbox 2756 2555 4218 2650; baseline 0.003 -29"><span class='ocrx_word' id='word_1_427' title='bbox 2756 2583 2787 2621; x_wconf 75' lang='grc' dir='ltr'><strong>α</strong></span> <span class='ocrx_word' id='word_1_428' title='bbox 2829 2557 3093 2623; x_wconf 80' lang='lat' dir='ltr'><strong>Memor</strong></span> <span class='ocrx_word' id='word_1_429' title='bbox 3117 2557 3233 2647; x_wconf 80' lang='lat' dir='ltr'><strong>fui</strong></span> <span class='ocrx_word' id='word_1_430' title='bbox 3262 2555 3554 2623; x_wconf 86' lang='lat' dir='ltr'><strong>dierum.</strong></span> <span class='ocrx_word' id='word_1_431' title='bbox 3595 2583 3626 2621; x_wconf 71' lang='grc' dir='ltr'>ι</span> <span class='ocrx_word' id='word_1_432' title='bbox 3676 2557 3804 2626; x_wconf 81' lang='lat' dir='ltr'><strong>llic</strong></span> <span class='ocrx_word' id='word_1_433' title='bbox 3835 2561 4051 2650; x_wconf 84' lang='lat' dir='ltr'><strong>tangit</strong></span> <span class='ocrx_word' id='word_1_434' title='bbox 4082 2558 4218 2626; x_wconf 84' lang='lat' dir='ltr'><strong>hu-</strong></span> 
     </span>
     <span class='ocr_line' id='line_1_66' title="bbox 2657 2669 4208 2756; baseline 0.003 -22"><span class='ocrx_word' id='word_1_435' title='bbox 2657 2669 2771 2756; x_wconf 87' lang='lat' dir='ltr'><strong>jus</strong></span> <span class='ocrx_word' id='word_1_436' title='bbox 2808 2669 3165 2736; x_wconf 81' lang='lat' dir='ltr'><strong>anxietatis</strong></span> <span class='ocrx_word' id='word_1_437' title='bbox 3194 2691 3496 2744; x_wconf 86' lang='lat' dir='ltr'><strong>causam.</strong></span> <span class='ocrx_word' id='word_1_438' title='bbox 3531 2677 3598 2737; x_wconf 86' lang='lat' dir='ltr'><strong>et</strong></span> <span class='ocrx_word' id='word_1_439' title='bbox 3643 2670 4208 2739; x_wconf 83' lang='lat' dir='ltr'><strong>consolationem.</strong></span> 
     </span>
     <span class='ocr_line' id='line_1_67' title="bbox 2667 2776 4214 2866; baseline 0.002 -23"><span class='ocrx_word' id='word_1_440' title='bbox 2667 2776 2747 2843; x_wconf 88' lang='lat' dir='ltr'><strong>Et</strong></span> <span class='ocrx_word' id='word_1_441' title='bbox 2777 2777 3020 2866; x_wconf 87' lang='lat' dir='ltr'><strong>primo,</strong></span> <span class='ocrx_word' id='word_1_442' title='bbox 3057 2799 3356 2845; x_wconf 89' lang='lat' dir='ltr'><strong>causam.</strong></span> <span class='ocrx_word' id='word_1_443' title='bbox 3432 2776 3776 2861; x_wconf 83' lang='lat' dir='ltr'><strong>Secundo,</strong></span> <span class='ocrx_word' id='word_1_444' title='bbox 3809 2780 4214 2848; x_wconf 89' lang='lat' dir='ltr'><strong>consolatio·</strong></span> 
     </span>
     <span class='ocr_line' id='line_1_68' title="bbox 2666 2884 3777 2965; baseline 0.002 -12"><span class='ocrx_word' id='word_1_445' title='bbox 2666 2909 2848 2965; x_wconf 89' lang='lat' dir='ltr'><strong>nem,</strong></span> <span class='ocrx_word' id='word_1_446' title='bbox 2883 2884 3000 2963; x_wconf 87' lang='lat' dir='ltr'><strong>ibi,</strong></span> <span class='ocrx_word' id='word_1_447' title='bbox 3046 2913 3082 2948; x_wconf 79' lang='grc' dir='ltr'><strong>α</strong></span> <span class='ocrx_word' id='word_1_448' title='bbox 3114 2886 3493 2954; x_wconf 82' lang='lat' dir='ltr'><strong>Meditatus</strong></span> <span class='ocrx_word' id='word_1_449' title='bbox 3527 2910 3708 2955; x_wconf 85' lang='lat' dir='ltr'><strong>sum.</strong></span> <span class='ocrx_word' id='word_1_450' title='bbox 3744 2915 3777 2948; x_wconf 75' lang='grc' dir='ltr'><strong>ιο</strong></span> 
     </span>
    </p>

    <p class='ocr_par' dir='ltr' id='par_1_11' title="bbox 2663 2992 4222 4044">
     <span class='ocr_line' id='line_1_69' title="bbox 2757 2992 4220 3088; baseline 0.005 -28"><span class='ocrx_word' id='word_1_451' title='bbox 2757 2994 2930 3062; x_wconf 90' lang='lat' dir='ltr'><strong>Dicit</strong></span> <span class='ocrx_word' id='word_1_452' title='bbox 2960 3016 3123 3085; x_wconf 83' lang='lat' dir='ltr'><strong>ergo</strong></span> <span class='ocrx_word' id='word_1_453' title='bbox 3157 3015 3173 3061; x_wconf 74' lang='grc' dir='ltr'><strong><em>ε</em></strong></span> <span class='ocrx_word' id='word_1_454' title='bbox 3214 2992 3329 3063; x_wconf 90' lang='lat' dir='ltr'><strong>Sic</strong></span> <span class='ocrx_word' id='word_1_455' title='bbox 3346 2995 3664 3064; x_wconf 82' lang='lat' dir='ltr'><strong>anxiatus</strong></span> <span class='ocrx_word' id='word_1_456' title='bbox 3694 3005 3797 3064; x_wconf 89' lang='lat' dir='ltr'><strong>est</strong></span> <span class='ocrx_word' id='word_1_457' title='bbox 3826 2998 4127 3088; x_wconf 88' lang='lat' dir='ltr'><strong>spiritus.</strong></span> <span class='ocrx_word' id='word_1_458' title='bbox 4153 3008 4220 3067; x_wconf 90' lang='lat' dir='ltr'><strong>et</strong></span> 
     </span>
     <span class='ocr_line' id='line_1_70' title="bbox 2666 3100 4222 3196; baseline 0.002 -25"><span class='ocrx_word' id='word_1_459' title='bbox 2666 3100 3011 3171; x_wconf 87' lang='lat' dir='ltr'><strong>turbatum</strong></span> <span class='ocrx_word' id='word_1_460' title='bbox 3048 3110 3150 3171; x_wconf 90' lang='lat' dir='ltr'><strong>est</strong></span> <span class='ocrx_word' id='word_1_461' title='bbox 3194 3124 3337 3183; x_wconf 88' lang='lat' dir='ltr'><strong>cor,</strong></span> <span class='ocrx_word' id='word_1_462' title='bbox 3372 3104 3530 3194; x_wconf 88' lang='lat' dir='ltr'><strong>quia</strong></span> <span class='ocrx_word' id='word_1_463' title='bbox 3565 3130 3599 3166; x_wconf 75' lang='grc' dir='ltr'>κ</span> <span class='ocrx_word' id='word_1_464' title='bbox 3642 3126 3903 3173; x_wconf 90' lang='lat' dir='ltr'><strong>memor</strong></span> <span class='ocrx_word' id='word_1_465' title='bbox 3925 3106 4045 3196; x_wconf 85' lang='lat' dir='ltr'><strong>sui</strong></span> <span class='ocrx_word' id='word_1_466' title='bbox 4072 3105 4222 3174; x_wconf 87' lang='lat' dir='ltr'><strong>die-</strong></span> 
     </span>
     <span class='ocr_line' id='line_1_71' title="bbox 2667 3210 4219 3302; baseline 0.003 -24"><span class='ocrx_word' id='word_1_467' title='bbox 2667 3234 2821 3278; x_wconf 80' lang='lat' dir='ltr'><strong>rum</strong></span> <span class='ocrx_word' id='word_1_468' title='bbox 2886 3211 3359 3302; x_wconf 85' lang='lat' dir='ltr'><strong>antiquorum,</strong></span> <span class='ocrx_word' id='word_1_469' title='bbox 3409 3238 3439 3275; x_wconf 75' lang='lat' dir='ltr'><strong>n</strong></span> <span class='ocrx_word' id='word_1_470' title='bbox 3492 3210 3912 3302; x_wconf 84' lang='lat' dir='ltr'><strong>judiciorum</strong></span> <span class='ocrx_word' id='word_1_471' title='bbox 3962 3215 4219 3284; x_wconf 81' lang='lat' dir='ltr'><strong>scilicet</strong></span> 
     </span>
     <span class='ocr_line' id='line_1_72' title="bbox 2664 3318 4222 3410; baseline 0.004 -26"><span class='ocrx_word' id='word_1_472' title='bbox 2664 3327 2938 3385; x_wconf 90' lang='lat' dir='ltr'><strong>tuorum</strong></span> <span class='ocrx_word' id='word_1_473' title='bbox 2969 3318 3434 3409; x_wconf 86' lang='lat' dir='ltr'><strong>antiquorum,</strong></span> <span class='ocrx_word' id='word_1_474' title='bbox 3461 3318 3710 3408; x_wconf 90' lang='lat' dir='ltr'><strong>quibus</strong></span> <span class='ocrx_word' id='word_1_475' title='bbox 3740 3328 3879 3387; x_wconf 89' lang='lat' dir='ltr'><strong>tam</strong></span> <span class='ocrx_word' id='word_1_476' title='bbox 3910 3329 4222 3410; x_wconf 83' lang='lat' dir='ltr'><strong>potenter</strong></span> 
     </span>
     <span class='ocr_line' id='line_1_73' title="bbox 2664 3423 4220 3515; baseline 0.001 -22"><span class='ocrx_word' id='word_1_477' title='bbox 2664 3425 3047 3493; x_wconf 82' lang='lat' dir='ltr'><strong>daemonem</strong></span> <span class='ocrx_word' id='word_1_478' title='bbox 3080 3425 3148 3492; x_wconf 93' lang='lat' dir='ltr'><strong>in</strong></span> <span class='ocrx_word' id='word_1_479' title='bbox 3205 3423 3378 3493; x_wconf 84' lang='lat' dir='ltr'><strong>coelo</strong></span> <span class='ocrx_word' id='word_1_480' title='bbox 3419 3436 3811 3515; x_wconf 82' lang='lat' dir='ltr'><strong>peccantem</strong></span> <span class='ocrx_word' id='word_1_481' title='bbox 3859 3427 4220 3497; x_wconf 87' lang='lat' dir='ltr'><strong>crudeliter</strong></span> 
     </span>
     <span class='ocr_line' id='line_1_74' title="bbox 2664 3530 4215 3627; baseline 0.004 -29"><span class='ocrx_word' id='word_1_482' title='bbox 2664 3533 2987 3624; x_wconf 81' lang='lat' dir='ltr'><strong>punivisti</strong></span> <span class='ocrx_word' id='word_1_483' title='bbox 3030 3534 3073 3601; x_wconf 88' lang='lat'><strong>¹.</strong></span> <span class='ocrx_word' id='word_1_484' title='bbox 3105 3530 3385 3601; x_wconf 89' lang='lat' dir='ltr'><strong>Zachar.</strong></span> <span class='ocrx_word' id='word_1_485' title='bbox 3436 3555 3578 3609; x_wconf 76' lang='lat' dir='ltr'><strong>xiii,</strong></span> <span class='ocrx_word' id='word_1_486' title='bbox 3614 3536 3653 3602; x_wconf 80' lang='lat'>5</span> <span class='ocrx_word' id='word_1_487' title='bbox 3690 3555 3705 3600; x_wconf 76' lang='grc' dir='ltr'>ε</span> <span class='ocrx_word' id='word_1_488' title='bbox 3757 3537 3981 3603; x_wconf 88' lang='lat' dir='ltr'><strong>Ilomo</strong></span> <span class='ocrx_word' id='word_1_489' title='bbox 4024 3538 4215 3627; x_wconf 79' lang='lat' dir='ltr'><strong>aqri·</strong></span> 
     </span>
     <span class='ocr_line' id='line_1_75' title="bbox 2664 3638 4213 3733; baseline 0.003 -28"><span class='ocrx_word' id='word_1_490' title='bbox 2664 3638 2816 3706; x_wconf 87' lang='lat' dir='ltr'><strong>cola</strong></span> <span class='ocrx_word' id='word_1_491' title='bbox 2845 3662 2967 3730; x_wconf 73' lang='lat' dir='ltr'><strong>eqo</strong></span> <span class='ocrx_word' id='word_1_492' title='bbox 2993 3659 3172 3715; x_wconf 88' lang='lat' dir='ltr'><strong>sum,</strong></span> <span class='ocrx_word' id='word_1_493' title='bbox 3216 3638 3547 3728; x_wconf 86' lang='lat' dir='ltr'><strong>quoniam</strong></span> <span class='ocrx_word' id='word_1_494' title='bbox 3569 3638 3796 3707; x_wconf 76' lang='lat' dir='ltr'><strong>Adam</strong></span> <span class='ocrx_word' id='word_1_495' title='bbox 3819 3642 4213 3733; x_wconf 68' lang='lat' dir='ltr'><strong>exemplum</strong></span> 
     </span>
     <span class='ocr_line' id='line_1_76' title="bbox 2663 3744 4210 3818; baseline 0.003 -5"><span class='ocrx_word' id='word_1_496' title='bbox 2663 3768 2889 3814; x_wconf 90' lang='lat' dir='ltr'><strong>meum</strong></span> <span class='ocrx_word' id='word_1_497' title='bbox 2946 3744 3031 3813; x_wconf 87' lang='lat' dir='ltr'><strong>ab</strong></span> <span class='ocrx_word' id='word_1_498' title='bbox 3089 3744 3552 3813; x_wconf 85' lang='lat' dir='ltr'><strong>adolescentia</strong></span> <span class='ocrx_word' id='word_1_499' title='bbox 3635 3769 3813 3816; x_wconf 88' lang='lat' dir='ltr'><strong>mea.</strong></span> <span class='ocrx_word' id='word_1_500' title='bbox 3889 3747 3968 3817; x_wconf 93' lang='lat' dir='ltr'><strong>ln</strong></span> <span class='ocrx_word' id='word_1_501' title='bbox 4024 3748 4210 3818; x_wconf 85' lang='lat' dir='ltr'><strong>Psal.</strong></span> 
     </span>
     <span class='ocr_line' id='line_1_77' title="bbox 2663 3854 4214 3945; baseline 0.003 -24"><span class='ocrx_word' id='word_1_502' title='bbox 2663 3876 2891 3932; x_wconf 78' lang='lat' dir='ltr'><strong>cxviii,</strong></span> <span class='ocrx_word' id='word_1_503' title='bbox 2927 3856 3036 3931; x_wconf 81' lang='lat'><strong>52,</strong></span> <span class='ocrx_word' id='word_1_504' title='bbox 3070 3875 3320 3945; x_wconf 81' lang='lat' dir='ltr'><strong>supra:</strong></span> <span class='ocrx_word' id='word_1_505' title='bbox 3352 3855 3619 3921; x_wconf 86' lang='lat' dir='ltr'><strong>Memor</strong></span> <span class='ocrx_word' id='word_1_506' title='bbox 3642 3855 3763 3943; x_wconf 82' lang='lat' dir='ltr'><strong>sui</strong></span> <span class='ocrx_word' id='word_1_507' title='bbox 3778 3854 4214 3945; x_wconf 83' lang='lat' dir='ltr'><strong>judiciorum</strong></span> 
     </span>
     <span class='ocr_line' id='line_1_78' title="bbox 2666 3962 3693 4044; baseline 0 -15"><span class='ocrx_word' id='word_1_508' title='bbox 2666 3973 2944 4031; x_wconf 86' lang='lat' dir='ltr'><strong>tuorum</strong></span> <span class='ocrx_word' id='word_1_509' title='bbox 2973 3986 3017 4030; x_wconf 92' lang='lat' dir='ltr'><strong>a</strong></span> <span class='ocrx_word' id='word_1_510' title='bbox 3051 3962 3331 4044; x_wconf 78' lang='lat' dir='ltr'><strong>saeeulo,</strong></span> <span class='ocrx_word' id='word_1_511' title='bbox 3372 3962 3693 4031; x_wconf 83' lang='lat' dir='ltr'><strong>Domine.</strong></span> 
     </span>
    </p>
   </div>
   <div class='ocr_carea' id='block_1_9' title="bbox 2668 4178 4234 5580">
    <p class='ocr_par' dir='ltr' id='par_1_12' title="bbox 2668 4178 4225 4702">
     <span class='ocr_line' id='line_1_79' title="bbox 2757 4178 4224 4273; baseline 0.007 -32"><span class='ocrx_word' id='word_1_512' title='bbox 2757 4209 2789 4241; x_wconf 87' lang='lat'>«</span> <span class='ocrx_word' id='word_1_513' title='bbox 2808 4179 3184 4248; x_wconf 81' lang='lat' dir='ltr'><strong>Meditatus</strong></span> <span class='ocrx_word' id='word_1_514' title='bbox 3207 4201 3434 4247; x_wconf 76' lang='lat' dir='ltr'><strong>sum.»</strong></span> <span class='ocrx_word' id='word_1_515' title='bbox 3456 4178 3585 4248; x_wconf 84' lang='lat' dir='ltr'><strong>Hic</strong></span> <span class='ocrx_word' id='word_1_516' title='bbox 3613 4182 3836 4273; x_wconf 81' lang='lat' dir='ltr'><strong>tangit</strong></span> <span class='ocrx_word' id='word_1_517' title='bbox 3864 4182 4224 4252; x_wconf 85' lang='lat' dir='ltr'><strong>anxietatis</strong></span> 
     </span>
     <span class='ocr_line' id='line_1_80' title="bbox 2668 4286 4224 4379; baseline 0.002 -22"><span class='ocrx_word' id='word_1_518' title='bbox 2668 4313 2807 4358; x_wconf 82' lang='lat' dir='ltr'><strong>suae</strong></span> <span class='ocrx_word' id='word_1_519' title='bbox 2872 4287 3412 4357; x_wconf 83' lang='lat' dir='ltr'><strong>consolationem</strong></span> <span class='ocrx_word' id='word_1_520' title='bbox 3506 4286 3874 4379; x_wconf 85' lang='lat' dir='ltr'><strong>duplicem,</strong></span> <span class='ocrx_word' id='word_1_521' title='bbox 3970 4289 4224 4362; x_wconf 86' lang='lat' dir='ltr'><strong>scilicet</strong></span> 
     </span>
     <span class='ocr_line' id='line_1_81' title="bbox 2670 4393 4225 4489; baseline 0.001 -23"><span class='ocrx_word' id='word_1_522' title='bbox 2670 4419 2952 4488; x_wconf 88' lang='lat' dir='ltr'><strong>operum</strong></span> <span class='ocrx_word' id='word_1_523' title='bbox 3015 4395 3136 4464; x_wconf 89' lang='lat' dir='ltr'><strong>Dei</strong></span> <span class='ocrx_word' id='word_1_524' title='bbox 3177 4393 3722 4466; x_wconf 88' lang='lat' dir='ltr'><strong>recordationem</strong></span> <span class='ocrx_word' id='word_1_525' title='bbox 3787 4399 4035 4489; x_wconf 90' lang='lat' dir='ltr'><strong>primo.</strong></span> <span class='ocrx_word' id='word_1_526' title='bbox 4092 4398 4225 4468; x_wconf 88' lang='lat' dir='ltr'><strong>Se-</strong></span> 
     </span>
     <span class='ocr_line' id='line_1_82' title="bbox 2671 4501 4222 4586; baseline 0.001 -13"><span class='ocrx_word' id='word_1_527' title='bbox 2671 4503 2920 4583; x_wconf 89' lang='lat' dir='ltr'><strong>cund0,</strong></span> <span class='ocrx_word' id='word_1_528' title='bbox 2961 4501 3453 4572; x_wconf 89' lang='lat' dir='ltr'><strong>recordationis</strong></span> <span class='ocrx_word' id='word_1_529' title='bbox 3482 4504 4071 4575; x_wconf 87' lang='lat' dir='ltr'><strong>continuationem</strong></span> <span class='ocrx_word' id='word_1_530' title='bbox 4102 4506 4222 4586; x_wconf 91' lang='lat' dir='ltr'><strong>ibi,</strong></span> 
     </span>
     <span class='ocr_line' id='line_1_83' title="bbox 2679 4611 3145 4702; baseline -0.006 -22"><span class='ocrx_word' id='word_1_531' title='bbox 2679 4641 2712 4676; x_wconf 76' lang='grc' dir='ltr'><strong>α</strong></span> <span class='ocrx_word' id='word_1_532' title='bbox 2733 4614 2812 4681; x_wconf 82' lang='lat' dir='ltr'><strong>In</strong></span> <span class='ocrx_word' id='word_1_533' title='bbox 2840 4611 3071 4702; x_wconf 77' lang='lat' dir='ltr'><strong>sactis.</strong></span> <span class='ocrx_word' id='word_1_534' title='bbox 3112 4637 3145 4672; x_wconf 69' lang='lat' dir='ltr'><strong>»v</strong></span> 
     </span>
    </p>

    <p class='ocr_par' dir='ltr' id='par_1_13' title="bbox 2670 4718 4234 5580">
     <span class='ocr_line' id='line_1_84' title="bbox 2765 4718 4222 4812; baseline 0.001 -23"><span class='ocrx_word' id='word_1_535' title='bbox 2765 4721 2940 4789; x_wconf 89' lang='lat' dir='ltr'><strong>Dicit</strong></span> <span class='ocrx_word' id='word_1_536' title='bbox 2965 4742 3129 4812; x_wconf 84' lang='lat' dir='ltr'><strong>ergo</strong></span> <span class='ocrx_word' id='word_1_537' title='bbox 3174 4742 3191 4788; x_wconf 73' lang='grc' dir='ltr'><strong>ε</strong></span> <span class='ocrx_word' id='word_1_538' title='bbox 3227 4718 3343 4789; x_wconf 88' lang='lat' dir='ltr'><strong>Sic</strong></span> <span class='ocrx_word' id='word_1_539' title='bbox 3382 4743 3651 4790; x_wconf 89' lang='lat' dir='ltr'><strong>memor</strong></span> <span class='ocrx_word' id='word_1_540' title='bbox 3702 4721 3967 4791; x_wconf 90' lang='lat' dir='ltr'><strong>dierum</strong></span> <span class='ocrx_word' id='word_1_541' title='bbox 3999 4722 4222 4803; x_wconf 88' lang='lat' dir='ltr'><strong>timui,</strong></span> 
     </span>
     <span class='ocr_line' id='line_1_85' title="bbox 2670 4828 4234 4920; baseline 0.003 -22"><span class='ocrx_word' id='word_1_542' title='bbox 2670 4828 2787 4898; x_wconf 86' lang='lat' dir='ltr'><strong>sed</strong></span> <span class='ocrx_word' id='word_1_543' title='bbox 2817 4836 2969 4920; x_wconf 88' lang='lat' dir='ltr'><strong>post</strong></span> <span class='ocrx_word' id='word_1_544' title='bbox 2996 4828 3063 4895; x_wconf 91' lang='lat' dir='ltr'><strong>in</strong></span> <span class='ocrx_word' id='word_1_545' title='bbox 3110 4828 3653 4898; x_wconf 88' lang='lat' dir='ltr'><strong>consolationem</strong></span> <span class='ocrx_word' id='word_1_546' title='bbox 3704 4854 3956 4911; x_wconf 87' lang='lat' dir='ltr'><strong>meam,</strong></span> <span class='ocrx_word' id='word_1_547' title='bbox 4029 4859 4062 4900; x_wconf 70' lang='grc' dir='ltr'>ι</span> <span class='ocrx_word' id='word_1_548' title='bbox 4097 4857 4234 4903; x_wconf 86' lang='lat' dir='ltr'><strong>me-</strong></span> 
     </span>
     <span class='ocr_line' id='line_1_86' title="bbox 2673 4937 4224 5034; baseline 0.005 -29"><span class='ocrx_word' id='word_1_549' title='bbox 2673 4937 2937 5005; x_wconf 87' lang='lat' dir='ltr'><strong>ditatus</strong></span> <span class='ocrx_word' id='word_1_550' title='bbox 2959 4959 3116 5004; x_wconf 89' lang='lat' dir='ltr'><strong>sum</strong></span> <span class='ocrx_word' id='word_1_551' title='bbox 3167 4937 3238 5005; x_wconf 82' lang='lat' dir='ltr'><strong>in</strong></span> <span class='ocrx_word' id='word_1_552' title='bbox 3262 4937 3582 5006; x_wconf 85' lang='lat' dir='ltr'><strong>omnibus</strong></span> <span class='ocrx_word' id='word_1_553' title='bbox 3627 4941 3949 5034; x_wconf 81' lang='lat' dir='ltr'><strong>operibus</strong></span> <span class='ocrx_word' id='word_1_554' title='bbox 3978 4944 4147 5021; x_wconf 85' lang='lat' dir='ltr'><strong>tuis,</strong></span> <span class='ocrx_word' id='word_1_555' title='bbox 4191 4969 4224 5010; x_wconf 69' lang='grc' dir='ltr'>ι</span> 
     </span>
     <span class='ocr_line' id='line_1_87' title="bbox 2676 5050 4225 5143; baseline 0.006 -27"><span class='ocrx_word' id='word_1_556' title='bbox 2676 5071 2825 5141; x_wconf 81' lang='lat' dir='ltr'><strong>quoe</strong></span> <span class='ocrx_word' id='word_1_557' title='bbox 2882 5055 3041 5117; x_wconf 85' lang='lat' dir='ltr'><strong>sunt</strong></span> <span class='ocrx_word' id='word_1_558' title='bbox 3100 5050 3376 5141; x_wconf 83' lang='lat' dir='ltr'><strong>proprie</strong></span> <span class='ocrx_word' id='word_1_559' title='bbox 3434 5072 3643 5143; x_wconf 88' lang='lat' dir='ltr'><strong>opera</strong></span> <span class='ocrx_word' id='word_1_560' title='bbox 3690 5054 4225 5125; x_wconf 59' lang='lat' dir='ltr'><strong>misericordiae:</strong></span> 
     </span>
     <span class='ocr_line' id='line_1_88' title="bbox 2676 5157 4231 5253; baseline 0.001 -25"><span class='ocrx_word' id='word_1_561' title='bbox 2676 5167 2741 5228; x_wconf 89' lang='lat' dir='ltr'><strong>et</strong></span> <span class='ocrx_word' id='word_1_562' title='bbox 2778 5157 2909 5226; x_wconf 90' lang='lat' dir='ltr'><strong>boc</strong></span> <span class='ocrx_word' id='word_1_563' title='bbox 2936 5158 3286 5241; x_wconf 87' lang='lat' dir='ltr'><strong>continue,</strong></span> <span class='ocrx_word' id='word_1_564' title='bbox 3334 5159 3495 5250; x_wconf 84' lang='lat' dir='ltr'><strong>quia</strong></span> <span class='ocrx_word' id='word_1_565' title='bbox 3534 5167 3602 5228; x_wconf 86' lang='lat' dir='ltr'><strong>et</strong></span> <span class='ocrx_word' id='word_1_566' title='bbox 3650 5188 3684 5224; x_wconf 78' lang='grc' dir='ltr'><strong>α</strong></span> <span class='ocrx_word' id='word_1_567' title='bbox 3727 5161 3802 5228; x_wconf 83' lang='lat' dir='ltr'><strong>in</strong></span> <span class='ocrx_word' id='word_1_568' title='bbox 3846 5162 4057 5253; x_wconf 77' lang='lat' dir='ltr'><strong>lactis</strong></span> <span class='ocrx_word' id='word_1_569' title='bbox 4084 5185 4231 5230; x_wconf 86' lang='lat' dir='ltr'><strong>ma-</strong></span> 
     </span>
     <span class='ocr_line' id='line_1_89' title="bbox 2675 5268 4230 5349; baseline 0.003 -12"><span class='ocrx_word' id='word_1_570' title='bbox 2675 5290 2891 5337; x_wconf 82' lang='lat' dir='ltr'><strong>nuum</strong></span> <span class='ocrx_word' id='word_1_571' title='bbox 2961 5275 3243 5335; x_wconf 87' lang='lat' dir='ltr'><strong>tuarum</strong></span> <span class='ocrx_word' id='word_1_572' title='bbox 3299 5268 3713 5349; x_wconf 81' lang='lat' dir='ltr'><strong>meditabar,</strong></span> <span class='ocrx_word' id='word_1_573' title='bbox 3774 5294 3808 5335; x_wconf 66' lang='lat' dir='ltr'><strong>n</strong></span> <span class='ocrx_word' id='word_1_574' title='bbox 3861 5292 4000 5339; x_wconf 89' lang='lat' dir='ltr'><strong>non</strong></span> <span class='ocrx_word' id='word_1_575' title='bbox 4056 5273 4230 5341; x_wconf 88' lang='lat' dir='ltr'><strong>sicut</strong></span> 
     </span>
     <span class='ocr_line' id='line_1_90' title="bbox 2678 5377 4229 5473; baseline 0.003 -26"><span class='ocrx_word' id='word_1_576' title='bbox 2678 5380 2800 5461; x_wconf 90' lang='lat' dir='ltr'><strong>illi,</strong></span> <span class='ocrx_word' id='word_1_577' title='bbox 2836 5378 3085 5469; x_wconf 87' lang='lat' dir='ltr'><strong>quibus</strong></span> <span class='ocrx_word' id='word_1_578' title='bbox 3116 5377 3388 5459; x_wconf 84' lang='lat' dir='ltr'><strong>dicitur,</strong></span> <span class='ocrx_word' id='word_1_579' title='bbox 3422 5377 3555 5448; x_wconf 87' lang='lat' dir='ltr'><strong>lsa.</strong></span> <span class='ocrx_word' id='word_1_580' title='bbox 3591 5402 3662 5460; x_wconf 80' lang='lat' dir='ltr'><strong>v,</strong></span> <span class='ocrx_word' id='word_1_581' title='bbox 3702 5380 3826 5449; x_wconf 87' lang='lat'><strong>12:</strong></span> <span class='ocrx_word' id='word_1_582' title='bbox 3863 5381 4053 5473; x_wconf 87' lang='lat' dir='ltr'><strong>Opus</strong></span> <span class='ocrx_word' id='word_1_583' title='bbox 4084 5384 4229 5451; x_wconf 89' lang='lat' dir='ltr'><strong>Do-</strong></span> 
     </span>
     <span class='ocr_line' id='line_1_91' title="bbox 2678 5486 4231 5580; baseline 0.001 -25"><span class='ocrx_word' id='word_1_584' title='bbox 2678 5486 3019 5555; x_wconf 76' lang='lat' dir='ltr'><strong>minirum</strong></span> <span class='ocrx_word' id='word_1_585' title='bbox 3082 5487 3441 5579; x_wconf 82' lang='lat' dir='ltr'><strong>respicitis,</strong></span> <span class='ocrx_word' id='word_1_586' title='bbox 3490 5495 3555 5556; x_wconf 82' lang='lat' dir='ltr'><strong>et</strong></span> <span class='ocrx_word' id='word_1_587' title='bbox 3620 5508 3830 5580; x_wconf 87' lang='lat' dir='ltr'><strong>opera</strong></span> <span class='ocrx_word' id='word_1_588' title='bbox 3892 5510 4231 5559; x_wconf 83' lang='lat' dir='ltr'><strong>manuum</strong></span> 
     </span>
    </p>
   </div>
  </div>
 </body>
</html>
