<?xml version="1.0" encoding="UTF-8"?>
<!DOCTYPE html PUBLIC "-//W3C//DTD XHTML 1.0 Transitional//EN"
    "http://www.w3.org/TR/xhtml1/DTD/xhtml1-transitional.dtd">
<html xmlns="http://www.w3.org/1999/xhtml" xml:lang="en" lang="en">
 <head>
  <title>
</title>
<meta http-equiv="Content-Type" content="text/html;charset=utf-8" />
  <meta name='ocr-system' content='tesseract 3.04.00' />
  <meta name='ocr-capabilities' content='ocr_page ocr_carea ocr_par ocr_line ocrx_word'/>
</head>
<body>
  <div class='ocr_page' id='page_1' title='image "balbertimagnira02chgoog_0263.png"; bbox 0 0 5008 6329; ppageno 0'>
   <div class='ocr_carea' id='block_1_1' title="bbox 925 2371 1047 2438">
    <p class='ocr_par' dir='ltr' id='par_1_1' title="bbox 925 2371 1047 2438">
     <span class='ocr_line' id='line_1_1' title="bbox 925 2371 1047 2438; baseline -0.025 0"><span class='ocrx_word' id='word_1_1' title='bbox 925 2371 1047 2438; x_wconf 67' lang='lat'>24</span> 
     </span>
    </p>
   </div>
   <div class='ocr_carea' id='block_1_2' title="bbox 1915 308 3619 406">
    <p class='ocr_par' dir='ltr' id='par_1_2' title="bbox 1915 308 3619 406">
     <span class='ocr_line' id='line_1_2' title="bbox 1915 308 3619 406; baseline -0.018 0"><span class='ocrx_word' id='word_1_2' title='bbox 1915 322 2639 406; x_wconf 84' lang='lat' dir='ltr'><strong>COMMENTARIUS</strong></span> <span class='ocrx_word' id='word_1_3' title='bbox 2686 318 2780 386; x_wconf 91' lang='lat' dir='ltr'>IN</span> <span class='ocrx_word' id='word_1_4' title='bbox 2828 310 3260 382; x_wconf 80' lang='lat' dir='ltr'>PSALMUM</span> <span class='ocrx_word' id='word_1_5' title='bbox 3312 308 3619 378; x_wconf 82' lang='lat' dir='ltr'>CXVIII.</span> 
     </span>
    </p>
   </div>
   <div class='ocr_carea' id='block_1_3' title="bbox 1174 486 2747 2092">
    <p class='ocr_par' dir='ltr' id='par_1_3' title="bbox 1174 486 2746 1012">
     <span class='ocr_line' id='line_1_3' title="bbox 1174 486 2746 587; baseline -0.023 -5"><span class='ocrx_word' id='word_1_6' title='bbox 1174 523 1250 582; x_wconf 90' lang='lat' dir='ltr'>ut</span> <span class='ocrx_word' id='word_1_7' title='bbox 1281 509 1712 587; x_wconf 78' lang='lat' dir='ltr'><strong>exaudiatur,</strong></span> <span class='ocrx_word' id='word_1_8' title='bbox 1747 504 2005 573; x_wconf 87' lang='lat' dir='ltr'>scilicet</span> <span class='ocrx_word' id='word_1_9' title='bbox 2036 494 2437 569; x_wconf 83' lang='lat' dir='ltr'>exercitatio</span> <span class='ocrx_word' id='word_1_10' title='bbox 2462 490 2533 556; x_wconf 91' lang='lat' dir='ltr'>in</span> <span class='ocrx_word' id='word_1_11' title='bbox 2564 486 2746 552; x_wconf 91' lang='lat' dir='ltr'>bono</span> 
     </span>
     <span class='ocr_line' id='line_1_4' title="bbox 1175 590 2739 708; baseline -0.023 -20"><span class='ocrx_word' id='word_1_12' title='bbox 1175 618 1890 708; x_wconf 81' lang='lat' dir='ltr'>cumimpugnaretur</span> <span class='ocrx_word' id='word_1_13' title='bbox 1934 632 1949 677; x_wconf 73' lang='grc' dir='ltr'>ε</span> <span class='ocrx_word' id='word_1_14' title='bbox 2004 615 2069 676; x_wconf 89' lang='lat' dir='ltr'>et</span> <span class='ocrx_word' id='word_1_15' title='bbox 2134 604 2516 691; x_wconf 82' lang='lat' dir='ltr'>tanguntur</span> <span class='ocrx_word' id='word_1_16' title='bbox 2580 590 2739 657; x_wconf 91' lang='lat' dir='ltr'>duo.</span> 
     </span>
     <span class='ocr_line' id='line_1_5' title="bbox 1175 698 2745 806; baseline -0.024 -10"><span class='ocrx_word' id='word_1_17' title='bbox 1175 728 1438 806; x_wconf 86' lang='lat' dir='ltr'>Primo,</span> <span class='ocrx_word' id='word_1_18' title='bbox 1472 720 1866 791; x_wconf 84' lang='lat' dir='ltr'>exercitatio</span> <span class='ocrx_word' id='word_1_19' title='bbox 1907 715 2014 783; x_wconf 91' lang='lat' dir='ltr'>sui</span> <span class='ocrx_word' id='word_1_20' title='bbox 2071 714 2141 777; x_wconf 92' lang='lat' dir='ltr'>in</span> <span class='ocrx_word' id='word_1_21' title='bbox 2197 708 2408 773; x_wconf 92' lang='lat' dir='ltr'>bono.</span> <span class='ocrx_word' id='word_1_22' title='bbox 2478 698 2745 765; x_wconf 89' lang='lat' dir='ltr'>Secun-</span> 
     </span>
     <span class='ocr_line' id='line_1_6' title="bbox 1176 808 2738 923; baseline -0.024 -16"><span class='ocrx_word' id='word_1_23' title='bbox 1176 837 1289 917; x_wconf 87' lang='lat' dir='ltr'>de,</span> <span class='ocrx_word' id='word_1_24' title='bbox 1337 834 1583 902; x_wconf 87' lang='lat' dir='ltr'>modus</span> <span class='ocrx_word' id='word_1_25' title='bbox 1613 853 1749 923; x_wconf 90' lang='lat' dir='ltr'>quo</span> <span class='ocrx_word' id='word_1_26' title='bbox 1804 821 2271 896; x_wconf 77' lang='lat' dir='ltr'>exercebatur,</span> <span class='ocrx_word' id='word_1_27' title='bbox 2322 811 2442 890; x_wconf 87' lang='lat' dir='ltr'>ibi,</span> <span class='ocrx_word' id='word_1_28' title='bbox 2481 817 2548 887; x_wconf 56' lang='grc' dir='ltr'>ᾗ.</span> <span class='ocrx_word' id='word_1_29' title='bbox 2602 808 2738 874; x_wconf 76' lang='lat'>24:</span> 
     </span>
     <span class='ocr_line' id='line_1_7' title="bbox 1181 930 2218 1012; baseline -0.018 -5"><span class='ocrx_word' id='word_1_30' title='bbox 1181 970 1216 1007; x_wconf 78' lang='lat' dir='ltr'>t&lt;</span> <span class='ocrx_word' id='word_1_31' title='bbox 1258 943 1443 1012; x_wconf 84' lang='lat' dir='ltr'>Nam</span> <span class='ocrx_word' id='word_1_32' title='bbox 1475 949 1537 1006; x_wconf 82' lang='lat' dir='ltr'>et</span> <span class='ocrx_word' id='word_1_33' title='bbox 1563 930 1957 1005; x_wconf 77' lang='lat' dir='ltr'>testimonia</span> <span class='ocrx_word' id='word_1_34' title='bbox 1989 935 2136 993; x_wconf 81' lang='lat' dir='ltr'>tua.</span> <span class='ocrx_word' id='word_1_35' title='bbox 2184 946 2218 987; x_wconf 70' lang='lat' dir='ltr'>n</span> 
     </span>
    </p>

    <p class='ocr_par' dir='ltr' id='par_1_4' title="bbox 1175 1027 2747 2092">
     <span class='ocr_line' id='line_1_8' title="bbox 1265 1027 2741 1137; baseline -0.022 -17"><span class='ocrx_word' id='word_1_36' title='bbox 1265 1051 1449 1119; x_wconf 80' lang='lat' dir='ltr'><strong>Dicit</strong></span> <span class='ocrx_word' id='word_1_37' title='bbox 1477 1068 1642 1137; x_wconf 86' lang='lat' dir='ltr'>ergo</span> <span class='ocrx_word' id='word_1_38' title='bbox 1680 1042 1840 1112; x_wconf 88' lang='lat' dir='ltr'>:Sic</span> <span class='ocrx_word' id='word_1_39' title='bbox 1870 1035 2332 1129; x_wconf 83' lang='lat' dir='ltr'>loquebantur</span> <span class='ocrx_word' id='word_1_40' title='bbox 2378 1027 2741 1096; x_wconf 84' lang='lat' dir='ltr'>adversum</span> 
     </span>
     <span class='ocr_line' id='line_1_9' title="bbox 1178 1145 2746 1251; baseline -0.02 -21"><span class='ocrx_word' id='word_1_41' title='bbox 1178 1185 1290 1230; x_wconf 90' lang='lat' dir='ltr'>me</span> <span class='ocrx_word' id='word_1_42' title='bbox 1320 1160 1448 1251; x_wconf 90' lang='lat' dir='ltr'>ipsi</span> <span class='ocrx_word' id='word_1_43' title='bbox 1463 1155 1728 1247; x_wconf 88' lang='lat' dir='ltr'>judices</span> <span class='ocrx_word' id='word_1_44' title='bbox 1762 1145 2269 1243; x_wconf 86' lang='lat' dir='ltr'>exprobrando,</span> <span class='ocrx_word' id='word_1_45' title='bbox 2303 1147 2746 1210; x_wconf 89' lang='lat' dir='ltr'>contemnen-</span> 
     </span>
     <span class='ocr_line' id='line_1_10' title="bbox 1184 1250 2744 1352; baseline -0.021 -15"><span class='ocrx_word' id='word_1_46' title='bbox 1184 1270 1272 1337; x_wconf 94' lang='lat' dir='ltr'>do</span> <span class='ocrx_word' id='word_1_47' title='bbox 1308 1290 1323 1334; x_wconf 75' lang='grc' dir='ltr'><strong><em>ε</em></strong></span> <span class='ocrx_word' id='word_1_48' title='bbox 1361 1274 1435 1335; x_wconf 91' lang='lat' dir='ltr'>tu</span> <span class='ocrx_word' id='word_1_49' title='bbox 1466 1272 1697 1333; x_wconf 91' lang='lat' dir='ltr'>autem</span> <span class='ocrx_word' id='word_1_50' title='bbox 1735 1258 1950 1352; x_wconf 80' lang='lat' dir='ltr'>quid?</span> <span class='ocrx_word' id='word_1_51' title='bbox 1978 1256 2151 1324; x_wconf 91' lang='lat' dir='ltr'>Ecce</span> <span class='ocrx_word' id='word_1_52' title='bbox 2187 1274 2202 1319; x_wconf 72' lang='grc' dir='ltr'><strong><em>ε</em></strong></span> <span class='ocrx_word' id='word_1_53' title='bbox 2233 1275 2267 1316; x_wconf 72' lang='grc' dir='ltr'><strong>α</strong></span> <span class='ocrx_word' id='word_1_54' title='bbox 2301 1250 2554 1318; x_wconf 83' lang='lat' dir='ltr'>Servus</span> <span class='ocrx_word' id='word_1_55' title='bbox 2583 1253 2744 1309; x_wconf 78' lang='lat' dir='ltr'>tuus</span> 
     </span>
     <span class='ocr_line' id='line_1_11' title="bbox 1181 1347 2745 1453; baseline -0.022 -8"><span class='ocrx_word' id='word_1_56' title='bbox 1181 1373 1648 1453; x_wconf 71' lang='lat' dir='ltr'>exercebatur,</span> <span class='ocrx_word' id='word_1_57' title='bbox 1670 1396 1700 1433; x_wconf 72' lang='lat' dir='ltr'>n</span> <span class='ocrx_word' id='word_1_58' title='bbox 1736 1361 2158 1439; x_wconf 85' lang='lat' dir='ltr'>meditando,</span> <span class='ocrx_word' id='word_1_59' title='bbox 2197 1384 2228 1421; x_wconf 80' lang='grc' dir='ltr'><strong>α</strong></span> <span class='ocrx_word' id='word_1_60' title='bbox 2257 1361 2328 1424; x_wconf 85' lang='lat' dir='ltr'>in</span> <span class='ocrx_word' id='word_1_61' title='bbox 2360 1354 2499 1420; x_wconf 80' lang='lat' dir='ltr'>tuis</span> <span class='ocrx_word' id='word_1_62' title='bbox 2516 1347 2745 1439; x_wconf 77' lang='lat' dir='ltr'>justi-</span> 
     </span>
     <span class='ocr_line' id='line_1_12' title="bbox 1177 1454 2747 1573; baseline -0.022 -20"><span class='ocrx_word' id='word_1_63' title='bbox 1177 1480 1647 1573; x_wconf 76' lang='lat' dir='ltr'>ficationibus,</span> <span class='ocrx_word' id='word_1_64' title='bbox 1685 1505 1718 1540; x_wconf 67' lang='grc' dir='ltr'>ι»</span> <span class='ocrx_word' id='word_1_65' title='bbox 1762 1473 2055 1568; x_wconf 83' lang='lat' dir='ltr'>qualiter</span> <span class='ocrx_word' id='word_1_66' title='bbox 2083 1467 2339 1536; x_wconf 87' lang='lat' dir='ltr'>scilicet</span> <span class='ocrx_word' id='word_1_67' title='bbox 2367 1459 2566 1552; x_wconf 90' lang='lat' dir='ltr'>plene</span> <span class='ocrx_word' id='word_1_68' title='bbox 2584 1454 2747 1522; x_wconf 83' lang='lat' dir='ltr'>vili-</span> 
     </span>
     <span class='ocr_line' id='line_1_13' title="bbox 1179 1571 2744 1664; baseline -0.02 -6"><span class='ocrx_word' id='word_1_69' title='bbox 1179 1592 1523 1658; x_wconf 85' lang='lat' dir='ltr'>ficaretur.</span> <span class='ocrx_word' id='word_1_70' title='bbox 1569 1584 1702 1664; x_wconf 92' lang='lat' dir='ltr'>Qui</span> <span class='ocrx_word' id='word_1_71' title='bbox 1734 1583 1916 1651; x_wconf 91' lang='lat' dir='ltr'>enim</span> <span class='ocrx_word' id='word_1_72' title='bbox 1959 1577 2106 1644; x_wconf 84' lang='lat' dir='ltr'>haec</span> <span class='ocrx_word' id='word_1_73' title='bbox 2133 1571 2525 1651; x_wconf 85' lang='lat' dir='ltr'>meditatur,</span> <span class='ocrx_word' id='word_1_74' title='bbox 2603 1583 2744 1630; x_wconf 90' lang='lat' dir='ltr'>non</span> 
     </span>
     <span class='ocr_line' id='line_1_14' title="bbox 1178 1682 2743 1775; baseline -0.02 -10"><span class='ocrx_word' id='word_1_75' title='bbox 1178 1696 1502 1775; x_wconf 85' lang='lat' dir='ltr'>vincitur,</span> <span class='ocrx_word' id='word_1_76' title='bbox 1581 1688 1700 1758; x_wconf 91' lang='lat' dir='ltr'>sed</span> <span class='ocrx_word' id='word_1_77' title='bbox 1756 1684 2161 1754; x_wconf 75' lang='lat' dir='ltr'>fortificatur</span> <span class='ocrx_word' id='word_1_78' title='bbox 2208 1682 2448 1746; x_wconf 86' lang='lat' dir='ltr'>contra</span> <span class='ocrx_word' id='word_1_79' title='bbox 2503 1689 2743 1739; x_wconf 90' lang='lat' dir='ltr'>omnes</span> 
     </span>
     <span class='ocr_line' id='line_1_15' title="bbox 1178 1782 2740 1891; baseline -0.019 -17"><span class='ocrx_word' id='word_1_80' title='bbox 1178 1805 1522 1874; x_wconf 88' lang='lat' dir='ltr'>inimicos.</span> <span class='ocrx_word' id='word_1_81' title='bbox 1560 1801 1867 1891; x_wconf 86' lang='lat' dir='ltr'>Sapient.</span> <span class='ocrx_word' id='word_1_82' title='bbox 1912 1815 2035 1875; x_wconf 83' lang='lat' dir='ltr'>vn,</span> <span class='ocrx_word' id='word_1_83' title='bbox 2070 1790 2155 1859; x_wconf 88' lang='grc'>30</span> <span class='ocrx_word' id='word_1_84' title='bbox 2201 1812 2216 1856; x_wconf 92' lang='lat'><strong>:</strong></span> <span class='ocrx_word' id='word_1_85' title='bbox 2279 1782 2740 1878; x_wconf 81' lang='lat' dir='ltr'>Sapientiam,</span> 
     </span>
     <span class='ocr_line' id='line_1_16' title="bbox 1177 1889 2746 1996; baseline -0.02 -11"><span class='ocrx_word' id='word_1_86' title='bbox 1177 1914 1570 1984; x_wconf 84' lang='lat' dir='ltr'>meditantis</span> <span class='ocrx_word' id='word_1_87' title='bbox 1609 1907 1734 1976; x_wconf 89' lang='lat' dir='ltr'>Dei</span> <span class='ocrx_word' id='word_1_88' title='bbox 1756 1900 2309 1996; x_wconf 81' lang='lat' dir='ltr'>justificationes,</span> <span class='ocrx_word' id='word_1_89' title='bbox 2349 1915 2488 1963; x_wconf 90' lang='lat' dir='ltr'>non</span> <span class='ocrx_word' id='word_1_90' title='bbox 2536 1889 2746 1958; x_wconf 77' lang='lat' dir='ltr'>vineit</span> 
     </span>
     <span class='ocr_line' id='line_1_17' title="bbox 1175 2021 1484 2092; baseline -0.019 1"><span class='ocrx_word' id='word_1_91' title='bbox 1175 2021 1484 2092; x_wconf 80' lang='lat' dir='ltr'>malitia.</span> 
     </span>
    </p>
   </div>
   <div class='ocr_carea' id='block_1_4' title="bbox 1181 2312 2764 5426">
    <p class='ocr_par' dir='ltr' id='par_1_5' title="bbox 1181 2312 2750 2863">
     <span class='ocr_line' id='line_1_18' title="bbox 1279 2312 2742 2407; baseline -0.019 -2"><span class='ocrx_word' id='word_1_92' title='bbox 1279 2365 1312 2405; x_wconf 70' lang='grc' dir='ltr'>ι</span> <span class='ocrx_word' id='word_1_93' title='bbox 1345 2338 1528 2407; x_wconf 89' lang='lat' dir='ltr'>Nam</span> <span class='ocrx_word' id='word_1_94' title='bbox 1559 2342 1621 2401; x_wconf 81' lang='lat' dir='ltr'>et</span> <span class='ocrx_word' id='word_1_95' title='bbox 1653 2326 2072 2398; x_wconf 77' lang='lat' dir='ltr'>testimonia.</span> <span class='ocrx_word' id='word_1_96' title='bbox 2110 2348 2146 2389; x_wconf 70' lang='grc' dir='ltr'><strong>ι</strong></span> <span class='ocrx_word' id='word_1_97' title='bbox 2181 2320 2311 2389; x_wconf 89' lang='lat' dir='ltr'>llic</span> <span class='ocrx_word' id='word_1_98' title='bbox 2336 2312 2742 2392; x_wconf 88' lang='lat' dir='ltr'>secundum,</span> 
     </span>
     <span class='ocr_line' id='line_1_19' title="bbox 1181 2420 2749 2515; baseline -0.022 1"><span class='ocrx_word' id='word_1_99' title='bbox 1181 2443 1430 2515; x_wconf 91' lang='lat' dir='ltr'>modus</span> <span class='ocrx_word' id='word_1_100' title='bbox 1460 2439 1713 2510; x_wconf 87' lang='lat' dir='ltr'>scilicet</span> <span class='ocrx_word' id='word_1_101' title='bbox 1738 2457 1811 2503; x_wconf 93' lang='lat' dir='ltr'>se</span> <span class='ocrx_word' id='word_1_102' title='bbox 1847 2427 2208 2501; x_wconf 86' lang='lat' dir='ltr'>exercendi</span> <span class='ocrx_word' id='word_1_103' title='bbox 2245 2448 2260 2494; x_wconf 72' lang='grc' dir='ltr'>ε</span> <span class='ocrx_word' id='word_1_104' title='bbox 2323 2431 2391 2491; x_wconf 90' lang='lat' dir='ltr'>et</span> <span class='ocrx_word' id='word_1_105' title='bbox 2444 2420 2749 2510; x_wconf 85' lang='lat' dir='ltr'>tangitur</span> 
     </span>
     <span class='ocr_line' id='line_1_20' title="bbox 1183 2534 2750 2625; baseline -0.019 1"><span class='ocrx_word' id='word_1_106' title='bbox 1183 2558 1254 2625; x_wconf 91' lang='lat' dir='ltr'>in</span> <span class='ocrx_word' id='word_1_107' title='bbox 1282 2555 1578 2624; x_wconf 90' lang='lat' dir='ltr'>duobus.</span> <span class='ocrx_word' id='word_1_108' title='bbox 1611 2550 1689 2617; x_wconf 93' lang='lat' dir='ltr'>In</span> <span class='ocrx_word' id='word_1_109' title='bbox 1734 2542 2182 2613; x_wconf 76' lang='lat' dir='ltr'>meditatione</span> <span class='ocrx_word' id='word_1_110' title='bbox 2230 2534 2543 2605; x_wconf 82' lang='lat' dir='ltr'>utilitatis</span> <span class='ocrx_word' id='word_1_111' title='bbox 2597 2553 2750 2622; x_wconf 87' lang='lat' dir='ltr'>per·</span> 
     </span>
     <span class='ocr_line' id='line_1_21' title="bbox 1181 2638 2747 2738; baseline -0.019 -6"><span class='ocrx_word' id='word_1_112' title='bbox 1181 2660 1580 2738; x_wconf 75' lang='lat' dir='ltr'>secutioniS,</span> <span class='ocrx_word' id='word_1_113' title='bbox 1628 2662 1693 2722; x_wconf 91' lang='lat' dir='ltr'>et</span> <span class='ocrx_word' id='word_1_114' title='bbox 1749 2649 2113 2718; x_wconf 87' lang='lat' dir='ltr'>dilectione</span> <span class='ocrx_word' id='word_1_115' title='bbox 2180 2641 2487 2711; x_wconf 89' lang='lat' dir='ltr'>interiori</span> <span class='ocrx_word' id='word_1_116' title='bbox 2537 2638 2747 2728; x_wconf 90' lang='lat' dir='ltr'>ipsius</span> 
     </span>
     <span class='ocr_line' id='line_1_22' title="bbox 1184 2766 1662 2863; baseline -0.021 -22"><span class='ocrx_word' id='word_1_117' title='bbox 1184 2766 1662 2863; x_wconf 89' lang='lat' dir='ltr'>persecutoris.</span> 
     </span>
    </p>

    <p class='ocr_par' dir='ltr' id='par_1_6' title="bbox 1181 2863 2764 5426">
     <span class='ocr_line' id='line_1_23' title="bbox 1275 2863 2750 2956; baseline -0.018 -8"><span class='ocrx_word' id='word_1_118' title='bbox 1275 2880 1393 2948; x_wconf 80' lang='lat' dir='ltr'>Ait</span> <span class='ocrx_word' id='word_1_119' title='bbox 1424 2878 1610 2945; x_wconf 89' lang='lat' dir='ltr'>enim</span> <span class='ocrx_word' id='word_1_120' title='bbox 1649 2893 1666 2942; x_wconf 71' lang='grc' dir='ltr'>ε</span> <span class='ocrx_word' id='word_1_121' title='bbox 1712 2871 1827 2938; x_wconf 90' lang='lat' dir='ltr'>Sic</span> <span class='ocrx_word' id='word_1_122' title='bbox 1857 2868 2026 2950; x_wconf 82' lang='lat' dir='ltr'>dixi,</span> <span class='ocrx_word' id='word_1_123' title='bbox 2072 2863 2258 2956; x_wconf 92' lang='lat' dir='ltr'>quod</span> <span class='ocrx_word' id='word_1_124' title='bbox 2296 2881 2537 2929; x_wconf 82' lang='lat' dir='ltr'>servus</span> <span class='ocrx_word' id='word_1_125' title='bbox 2591 2866 2750 2924; x_wconf 89' lang='lat' dir='ltr'>tuus</span> 
     </span>
     <span class='ocr_line' id='line_1_24' title="bbox 1183 2967 2753 3069; baseline -0.017 -12"><span class='ocrx_word' id='word_1_126' title='bbox 1183 2985 1629 3058; x_wconf 85' lang='lat' dir='ltr'>exercebatur</span> <span class='ocrx_word' id='word_1_127' title='bbox 1684 2981 1753 3047; x_wconf 93' lang='lat' dir='ltr'>in</span> <span class='ocrx_word' id='word_1_128' title='bbox 1800 2968 2406 3069; x_wconf 78' lang='lat' dir='ltr'>justificationibus</span> <span class='ocrx_word' id='word_1_129' title='bbox 2467 2967 2631 3045; x_wconf 90' lang='lat' dir='ltr'>tuis,</span> <span class='ocrx_word' id='word_1_130' title='bbox 2686 2970 2753 3031; x_wconf 89' lang='lat' dir='ltr'>et</span> 
     </span>
     <span class='ocr_line' id='line_1_25' title="bbox 1181 3070 2753 3171; baseline -0.018 -8"><span class='ocrx_word' id='word_1_131' title='bbox 1181 3095 1358 3163; x_wconf 89' lang='lat' dir='ltr'>bene</span> <span class='ocrx_word' id='word_1_132' title='bbox 1399 3113 1419 3156; x_wconf 76' lang='lat' dir='ltr'>t</span> <span class='ocrx_word' id='word_1_133' title='bbox 1468 3118 1502 3152; x_wconf 71' lang='grc' dir='ltr'>ι(</span> <span class='ocrx_word' id='word_1_134' title='bbox 1536 3087 1744 3171; x_wconf 86' lang='lat' dir='ltr'>Nam,</span> <span class='ocrx_word' id='word_1_135' title='bbox 1783 3112 1815 3145; x_wconf 86' lang='lat'>»</span> <span class='ocrx_word' id='word_1_136' title='bbox 1852 3082 1920 3150; x_wconf 92' lang='lat' dir='ltr'>id</span> <span class='ocrx_word' id='word_1_137' title='bbox 1960 3090 2086 3159; x_wconf 87' lang='lat' dir='ltr'>est,</span> <span class='ocrx_word' id='word_1_138' title='bbox 2121 3079 2282 3171; x_wconf 85' lang='lat' dir='ltr'>quia</span> <span class='ocrx_word' id='word_1_139' title='bbox 2330 3103 2363 3137; x_wconf 74' lang='grc' dir='ltr'>ι</span> <span class='ocrx_word' id='word_1_140' title='bbox 2393 3070 2753 3141; x_wconf 75' lang='lat' dir='ltr'>meditatio</span> 
     </span>
     <span class='ocr_line' id='line_1_26' title="bbox 1183 3180 2750 3274; baseline -0.017 -3"><span class='ocrx_word' id='word_1_141' title='bbox 1183 3226 1336 3271; x_wconf 85' lang='lat' dir='ltr'>mea</span> <span class='ocrx_word' id='word_1_142' title='bbox 1369 3208 1467 3267; x_wconf 80' lang='lat' dir='ltr'>est</span> <span class='ocrx_word' id='word_1_143' title='bbox 1487 3193 1878 3264; x_wconf 74' lang='lat' dir='ltr'>testimonia</span> <span class='ocrx_word' id='word_1_144' title='bbox 1911 3199 2058 3270; x_wconf 81' lang='lat' dir='ltr'>tua,</span> <span class='ocrx_word' id='word_1_145' title='bbox 2089 3214 2123 3251; x_wconf 70' lang='lat' dir='ltr'>n</span> <span class='ocrx_word' id='word_1_146' title='bbox 2157 3186 2224 3254; x_wconf 95' lang='lat' dir='ltr'>id</span> <span class='ocrx_word' id='word_1_147' title='bbox 2247 3190 2373 3263; x_wconf 88' lang='lat' dir='ltr'>est,</span> <span class='ocrx_word' id='word_1_148' title='bbox 2398 3180 2750 3274; x_wconf 85' lang='lat' dir='ltr'>martyria,</span> 
     </span>
     <span class='ocr_line' id='line_1_27' title="bbox 1186 3287 2756 3403; baseline -0.015 -25"><span class='ocrx_word' id='word_1_149' title='bbox 1186 3309 1544 3403; x_wconf 81' lang='lat' dir='ltr'>passiones</span> <span class='ocrx_word' id='word_1_150' title='bbox 1598 3302 1880 3383; x_wconf 87' lang='lat' dir='ltr'>scilicet,</span> <span class='ocrx_word' id='word_1_151' title='bbox 1928 3304 1994 3366; x_wconf 90' lang='lat' dir='ltr'>et</span> <span class='ocrx_word' id='word_1_152' title='bbox 2044 3292 2412 3385; x_wconf 85' lang='lat' dir='ltr'>vituperia,</span> <span class='ocrx_word' id='word_1_153' title='bbox 2466 3289 2630 3382; x_wconf 87' lang='lat' dir='ltr'>quia</span> <span class='ocrx_word' id='word_1_154' title='bbox 2679 3287 2756 3354; x_wconf 87' lang='lat' dir='ltr'>li·</span> 
     </span>
     <span class='ocr_line' id='line_1_28' title="bbox 1187 3401 2754 3494; baseline -0.016 -2"><span class='ocrx_word' id='word_1_155' title='bbox 1187 3444 1348 3493; x_wconf 89' lang='lat' dir='ltr'>nem</span> <span class='ocrx_word' id='word_1_156' title='bbox 1385 3415 1772 3494; x_wconf 89' lang='lat' dir='ltr'>considero,</span> <span class='ocrx_word' id='word_1_157' title='bbox 1835 3417 1903 3480; x_wconf 87' lang='lat' dir='ltr'>et</span> <span class='ocrx_word' id='word_1_158' title='bbox 1950 3429 2308 3485; x_wconf 88' lang='lat' dir='ltr'>coronam,</span> <span class='ocrx_word' id='word_1_159' title='bbox 2376 3401 2754 3473; x_wconf 86' lang='lat' dir='ltr'>secundum</span> 
     </span>
     <span class='ocr_line' id='line_1_29' title="bbox 1192 3507 2761 3618; baseline -0.015 -20"><span class='ocrx_word' id='word_1_160' title='bbox 1192 3527 1361 3599; x_wconf 91' lang='lat' dir='ltr'>illud</span> <span class='ocrx_word' id='word_1_161' title='bbox 1390 3522 1731 3618; x_wconf 83' lang='lat' dir='ltr'>Apostoli,</span> <span class='ocrx_word' id='word_1_162' title='bbox 1774 3518 1840 3587; x_wconf 89' lang='lat' dir='ltr'>II</span> <span class='ocrx_word' id='word_1_163' title='bbox 1868 3517 1956 3586; x_wconf 91' lang='lat' dir='ltr'>ad</span> <span class='ocrx_word' id='word_1_164' title='bbox 1988 3510 2299 3584; x_wconf 87' lang='lat' dir='ltr'>Corinth.</span> <span class='ocrx_word' id='word_1_165' title='bbox 2354 3534 2450 3587; x_wconf 81' lang='grc' dir='ltr'>ιν.</span> <span class='ocrx_word' id='word_1_166' title='bbox 2488 3509 2570 3578; x_wconf 78' lang='lat'>¹7</span> <span class='ocrx_word' id='word_1_167' title='bbox 2609 3530 2625 3575; x_wconf 75' lang='grc' dir='ltr'><strong><em>ε</em></strong></span> <span class='ocrx_word' id='word_1_168' title='bbox 2672 3507 2761 3576; x_wconf 86' lang='lat' dir='ltr'>Id</span> 
     </span>
     <span class='ocr_line' id='line_1_30' title="bbox 1188 3623 2754 3726; baseline -0.017 -19"><span class='ocrx_word' id='word_1_169' title='bbox 1188 3638 1372 3707; x_wconf 79' lang='lat' dir='ltr'>enim</span> <span class='ocrx_word' id='word_1_170' title='bbox 1447 3630 1639 3726; x_wconf 79' lang='lat' dir='ltr'>quod</span> <span class='ocrx_word' id='word_1_171' title='bbox 1699 3629 1769 3695; x_wconf 80' lang='lat' dir='ltr'>in</span> <span class='ocrx_word' id='word_1_172' title='bbox 1832 3623 2159 3719; x_wconf 77' lang='lat' dir='ltr'>praesenti</span> <span class='ocrx_word' id='word_1_173' title='bbox 2217 3629 2315 3688; x_wconf 78' lang='lat' dir='ltr'>est</span> <span class='ocrx_word' id='word_1_174' title='bbox 2372 3624 2754 3686; x_wconf 79' lang='lat' dir='ltr'>momenta·</span> 
     </span>
     <span class='ocr_line' id='line_1_31' title="bbox 1191 3730 2756 3816; baseline -0.015 -2"><span class='ocrx_word' id='word_1_175' title='bbox 1191 3766 1394 3815; x_wconf 84' lang='lat' dir='ltr'>neum</span> <span class='ocrx_word' id='word_1_176' title='bbox 1427 3749 1493 3809; x_wconf 75' lang='lat' dir='ltr'>et</span> <span class='ocrx_word' id='word_1_177' title='bbox 1525 3740 1665 3807; x_wconf 83' lang='lat' dir='ltr'>leve</span> <span class='ocrx_word' id='word_1_178' title='bbox 1690 3730 2172 3804; x_wconf 75' lang='lat' dir='ltr'>tribulationis</span> <span class='ocrx_word' id='word_1_179' title='bbox 2216 3738 2490 3809; x_wconf 67' lang='lat' dir='ltr'>nostrae,</span> <span class='ocrx_word' id='word_1_180' title='bbox 2539 3746 2756 3816; x_wconf 78' lang='lat' dir='ltr'>supra</span> 
     </span>
     <span class='ocr_line' id='line_1_32' title="bbox 1192 3834 2759 3926; baseline -0.015 -4"><span class='ocrx_word' id='word_1_181' title='bbox 1192 3854 1478 3924; x_wconf 81' lang='lat' dir='ltr'>modum</span> <span class='ocrx_word' id='word_1_182' title='bbox 1519 3849 1591 3916; x_wconf 81' lang='lat' dir='ltr'>t&#39;n</span> <span class='ocrx_word' id='word_1_183' title='bbox 1636 3843 2072 3914; x_wconf 74' lang='lat' dir='ltr'>sublimitate</span> <span class='ocrx_word' id='word_1_184' title='bbox 2117 3849 2448 3906; x_wconf 74' lang='lat' dir='ltr'>aetermem</span> <span class='ocrx_word' id='word_1_185' title='bbox 2512 3834 2759 3926; x_wconf 78' lang='lat' dir='ltr'>qloriae</span> 
     </span>
     <span class='ocr_line' id='line_1_33' title="bbox 1187 3939 2758 4054; baseline -0.015 -25"><span class='ocrx_word' id='word_1_186' title='bbox 1187 3958 1464 4054; x_wconf 79' lang='lat' dir='ltr'>pondus</span> <span class='ocrx_word' id='word_1_187' title='bbox 1494 3962 1819 4048; x_wconf 78' lang='lat' dir='ltr'>operatur</span> <span class='ocrx_word' id='word_1_188' title='bbox 1857 3951 1929 4016; x_wconf 81' lang='lat' dir='ltr'>in</span> <span class='ocrx_word' id='word_1_189' title='bbox 1959 3946 2179 4015; x_wconf 78' lang='lat' dir='ltr'>nobis.</span> <span class='ocrx_word' id='word_1_190' title='bbox 2232 3942 2389 4029; x_wconf 82' lang='lat' dir='ltr'>vel,</span> <span class='ocrx_word' id='word_1_191' title='bbox 2452 3967 2487 4008; x_wconf 72' lang='grc' dir='ltr'>ι</span> <span class='ocrx_word' id='word_1_192' title='bbox 2540 3939 2758 4008; x_wconf 76' lang='lat' dir='ltr'>medi-</span> 
     </span>
     <span class='ocr_line' id='line_1_34' title="bbox 1196 4047 2754 4148; baseline -0.015 -11"><span class='ocrx_word' id='word_1_193' title='bbox 1196 4068 1370 4137; x_wconf 77' lang='lat' dir='ltr'>tatio</span> <span class='ocrx_word' id='word_1_194' title='bbox 1427 4087 1606 4148; x_wconf 85' lang='lat' dir='ltr'>mea,</span> <span class='ocrx_word' id='word_1_195' title='bbox 1656 4087 1688 4126; x_wconf 69' lang='grc' dir='ltr'><strong>ι</strong></span> <span class='ocrx_word' id='word_1_196' title='bbox 1743 4064 1846 4127; x_wconf 89' lang='lat' dir='ltr'>est</span> <span class='ocrx_word' id='word_1_197' title='bbox 1909 4055 2242 4147; x_wconf 85' lang='lat' dir='ltr'>martyria</span> <span class='ocrx_word' id='word_1_198' title='bbox 2306 4060 2452 4132; x_wconf 84' lang='lat' dir='ltr'>tua,</span> <span class='ocrx_word' id='word_1_199' title='bbox 2516 4047 2586 4117; x_wconf 90' lang='lat' dir='ltr'>id</span> <span class='ocrx_word' id='word_1_200' title='bbox 2626 4053 2754 4127; x_wconf 88' lang='lat' dir='ltr'>est,</span> 
     </span>
     <span class='ocr_line' id='line_1_35' title="bbox 1197 4154 2753 4267; baseline -0.016 -21"><span class='ocrx_word' id='word_1_201' title='bbox 1197 4175 1550 4267; x_wconf 82' lang='lat' dir='ltr'>martyria,</span> <span class='ocrx_word' id='word_1_202' title='bbox 1583 4179 1650 4238; x_wconf 91' lang='lat' dir='ltr'>et</span> <span class='ocrx_word' id='word_1_203' title='bbox 1690 4165 2042 4258; x_wconf 85' lang='lat' dir='ltr'>passiones</span> <span class='ocrx_word' id='word_1_204' title='bbox 2089 4182 2261 4254; x_wconf 85' lang='lat' dir='ltr'>quas</span> <span class='ocrx_word' id='word_1_205' title='bbox 2316 4154 2699 4226; x_wconf 83' lang='lat' dir='ltr'>sustinuisti</span> <span class='ocrx_word' id='word_1_206' title='bbox 2736 4175 2753 4221; x_wconf 75' lang='grc' dir='ltr'><strong><em>ε</em></strong></span> 
     </span>
     <span class='ocr_line' id='line_1_36' title="bbox 1194 4262 2757 4377; baseline -0.015 -24"><span class='ocrx_word' id='word_1_207' title='bbox 1194 4285 1311 4377; x_wconf 86' lang='lat' dir='ltr'>qui</span> <span class='ocrx_word' id='word_1_208' title='bbox 1368 4281 1552 4350; x_wconf 88' lang='lat' dir='ltr'>enim</span> <span class='ocrx_word' id='word_1_209' title='bbox 1612 4275 1727 4344; x_wconf 89' lang='lat' dir='ltr'>illa</span> <span class='ocrx_word' id='word_1_210' title='bbox 1784 4269 2174 4342; x_wconf 88' lang='lat' dir='ltr'>considerat</span> <span class='ocrx_word' id='word_1_211' title='bbox 2237 4289 2391 4360; x_wconf 82' lang='lat' dir='ltr'>quae</span> <span class='ocrx_word' id='word_1_212' title='bbox 2445 4262 2757 4333; x_wconf 88' lang='lat' dir='ltr'>Christus</span> 
     </span>
     <span class='ocr_line' id='line_1_37' title="bbox 1193 4370 2761 4468; baseline -0.014 -9"><span class='ocrx_word' id='word_1_213' title='bbox 1193 4386 1542 4465; x_wconf 83' lang='lat' dir='ltr'>sustinuit,</span> <span class='ocrx_word' id='word_1_214' title='bbox 1592 4380 1929 4452; x_wconf 86' lang='lat' dir='ltr'>sustinere</span> <span class='ocrx_word' id='word_1_215' title='bbox 1976 4398 2103 4468; x_wconf 91' lang='lat' dir='ltr'>pro</span> <span class='ocrx_word' id='word_1_216' title='bbox 2161 4372 2282 4443; x_wconf 91' lang='lat' dir='ltr'>illo</span> <span class='ocrx_word' id='word_1_217' title='bbox 2327 4370 2623 4451; x_wconf 76' lang='lat' dir='ltr'>affectat,</span> <span class='ocrx_word' id='word_1_218' title='bbox 2692 4377 2761 4438; x_wconf 88' lang='lat' dir='ltr'>et</span> 
     </span>
     <span class='ocr_line' id='line_1_38' title="bbox 1196 4479 2757 4590; baseline -0.013 -23"><span class='ocrx_word' id='word_1_219' title='bbox 1196 4497 1465 4590; x_wconf 76' lang='lat' dir='ltr'>quaerit.</span> <span class='ocrx_word' id='word_1_220' title='bbox 1503 4491 1528 4560; x_wconf 86' lang='lat' dir='ltr'>l</span> <span class='ocrx_word' id='word_1_221' title='bbox 1561 4485 1877 4560; x_wconf 76' lang='lat' dir='ltr'>Machab.</span> <span class='ocrx_word' id='word_1_222' title='bbox 1901 4507 2000 4563; x_wconf 79' lang='lat' dir='ltr'>vx,</span> <span class='ocrx_word' id='word_1_223' title='bbox 2030 4483 2116 4553; x_wconf 74' lang='lat'>34</span> <span class='ocrx_word' id='word_1_224' title='bbox 2141 4504 2161 4552; x_wconf 71' lang='grc' dir='ltr'><strong><em>ε</em></strong></span> <span class='ocrx_word' id='word_1_225' title='bbox 2191 4479 2610 4573; x_wconf 75' lang='lat' dir='ltr'>Elephantis</span> <span class='ocrx_word' id='word_1_226' title='bbox 2650 4501 2757 4548; x_wconf 75' lang='lat' dir='ltr'>os·</span> 
     </span>
     <span class='ocr_line' id='line_1_39' title="bbox 1192 4585 2764 4686; baseline -0.015 -11"><span class='ocrx_word' id='word_1_227' title='bbox 1192 4603 1555 4674; x_wconf 77' lang='lat' dir='ltr'>tenderunt</span> <span class='ocrx_word' id='word_1_228' title='bbox 1625 4593 2039 4686; x_wconf 73' lang='lat' dir='ltr'>sanquinem</span> <span class='ocrx_word' id='word_1_229' title='bbox 2085 4612 2235 4659; x_wconf 66' lang='lat' dir='ltr'>uve</span> <span class='ocrx_word' id='word_1_230' title='bbox 2267 4596 2337 4658; x_wconf 74' lang='lat' dir='ltr'>et</span> <span class='ocrx_word' id='word_1_231' title='bbox 2391 4586 2598 4670; x_wconf 75' lang='lat' dir='ltr'>mori,</span> <span class='ocrx_word' id='word_1_232' title='bbox 2665 4585 2764 4653; x_wconf 82' lang='lat' dir='ltr'>ad</span> 
     </span>
     <span class='ocr_line' id='line_1_40' title="bbox 1193 4693 2760 4794; baseline -0.016 -11"><span class='ocrx_word' id='word_1_233' title='bbox 1193 4706 1538 4782; x_wconf 77' lang='lat' dir='ltr'>acuendos</span> <span class='ocrx_word' id='word_1_234' title='bbox 1578 4703 1797 4774; x_wconf 78' lang='lat' dir='ltr'>cosin</span> <span class='ocrx_word' id='word_1_235' title='bbox 1827 4696 2188 4794; x_wconf 78' lang='lat' dir='ltr'>proelium.</span> <span class='ocrx_word' id='word_1_236' title='bbox 2265 4721 2300 4762; x_wconf 73' lang='grc' dir='ltr'>ι</span> <span class='ocrx_word' id='word_1_237' title='bbox 2365 4696 2462 4764; x_wconf 76' lang='lat' dir='ltr'>Et</span> <span class='ocrx_word' id='word_1_238' title='bbox 2533 4693 2760 4763; x_wconf 77' lang='lat' dir='ltr'>consi-</span> 
     </span>
     <span class='ocr_line' id='line_1_41' title="bbox 1199 4798 2759 4899; baseline -0.013 -12"><span class='ocrx_word' id='word_1_239' title='bbox 1199 4820 1378 4887; x_wconf 75' lang='lat' dir='ltr'>lium</span> <span class='ocrx_word' id='word_1_240' title='bbox 1398 4835 1653 4895; x_wconf 82' lang='lat' dir='ltr'>meum,</span> <span class='ocrx_word' id='word_1_241' title='bbox 1677 4838 1711 4872; x_wconf 66' lang='grc' dir='ltr'><strong>υ</strong></span> <span class='ocrx_word' id='word_1_242' title='bbox 1749 4804 2020 4899; x_wconf 81' lang='lat' dir='ltr'>supple,</span> <span class='ocrx_word' id='word_1_243' title='bbox 2039 4810 2144 4872; x_wconf 85' lang='lat' dir='ltr'>est</span> <span class='ocrx_word' id='word_1_244' title='bbox 2173 4798 2759 4891; x_wconf 70' lang='lat' dir='ltr'>«J‘ustifieationes</span> 
     </span>
     <span class='ocr_line' id='line_1_42' title="bbox 1191 4905 2755 5013; baseline -0.015 -16"><span class='ocrx_word' id='word_1_245' title='bbox 1191 4940 1354 5004; x_wconf 77' lang='lat' dir='ltr'>tnae,</span> <span class='ocrx_word' id='word_1_246' title='bbox 1384 4950 1418 4991; x_wconf 74' lang='grc' dir='ltr'>ι</span> <span class='ocrx_word' id='word_1_247' title='bbox 1441 4917 1966 5013; x_wconf 79' lang='lat' dir='ltr'>justificationes</span> <span class='ocrx_word' id='word_1_248' title='bbox 2007 4936 2049 4981; x_wconf 87' lang='lat' dir='ltr'>a</span> <span class='ocrx_word' id='word_1_249' title='bbox 2107 4919 2171 4980; x_wconf 85' lang='lat' dir='ltr'>te</span> <span class='ocrx_word' id='word_1_250' title='bbox 2234 4908 2437 4978; x_wconf 86' lang='lat' dir='ltr'>nobis</span> <span class='ocrx_word' id='word_1_251' title='bbox 2465 4905 2755 4992; x_wconf 80' lang='lat' dir='ltr'>traditae,</span> 
     </span>
     <span class='ocr_line' id='line_1_43' title="bbox 1192 5016 2753 5123; baseline -0.013 -19"><span class='ocrx_word' id='word_1_252' title='bbox 1192 5046 1268 5105; x_wconf 87' lang='lat' dir='ltr'>ut</span> <span class='ocrx_word' id='word_1_253' title='bbox 1314 5030 1683 5123; x_wconf 82' lang='lat' dir='ltr'>diligamus</span> <span class='ocrx_word' id='word_1_254' title='bbox 1748 5024 1935 5113; x_wconf 89' lang='lat' dir='ltr'>ipsos</span> <span class='ocrx_word' id='word_1_255' title='bbox 1993 5017 2310 5089; x_wconf 88' lang='lat' dir='ltr'>inimicos</span> <span class='ocrx_word' id='word_1_256' title='bbox 2375 5023 2645 5084; x_wconf 86' lang='lat' dir='ltr'>nostros</span> <span class='ocrx_word' id='word_1_257' title='bbox 2707 5016 2753 5083; x_wconf 84' lang='lat'>¹.</span> 
     </span>
     <span class='ocr_line' id='line_1_44' title="bbox 1189 5121 2756 5214; baseline -0.014 -4"><span class='ocrx_word' id='word_1_258' title='bbox 1189 5136 1724 5210; x_wconf 81' lang='lat' dir='ltr'>Justiticationes</span> <span class='ocrx_word' id='word_1_259' title='bbox 1748 5137 1882 5199; x_wconf 86' lang='lat' dir='ltr'>ate</span> <span class='ocrx_word' id='word_1_260' title='bbox 1913 5132 2206 5196; x_wconf 67' lang='lat' dir='ltr'>ostensa·¹</span> <span class='ocrx_word' id='word_1_261' title='bbox 2238 5125 2308 5191; x_wconf 90' lang='lat' dir='ltr'>in</span> <span class='ocrx_word' id='word_1_262' title='bbox 2358 5123 2605 5214; x_wconf 88' lang='lat' dir='ltr'>teipso,</span> <span class='ocrx_word' id='word_1_263' title='bbox 2639 5121 2756 5213; x_wconf 86' lang='lat' dir='ltr'>qui</span> 
     </span>
     <span class='ocr_line' id='line_1_45' title="bbox 1194 5229 2750 5340; baseline -0.012 -24"><span class='ocrx_word' id='word_1_264' title='bbox 1194 5271 1318 5340; x_wconf 84' lang='lat' dir='ltr'>pro</span> <span class='ocrx_word' id='word_1_265' title='bbox 1348 5247 1486 5316; x_wconf 86' lang='lat' dir='ltr'>tuis</span> <span class='ocrx_word' id='word_1_266' title='bbox 1523 5240 1778 5334; x_wconf 78' lang='lat' dir='ltr'>rogasti</span> <span class='ocrx_word' id='word_1_267' title='bbox 1803 5235 2125 5314; x_wconf 88' lang='lat' dir='ltr'>inimicis,</span> <span class='ocrx_word' id='word_1_268' title='bbox 2161 5232 2324 5302; x_wconf 87' lang='lat' dir='ltr'>Luc.</span> <span class='ocrx_word' id='word_1_269' title='bbox 2357 5253 2552 5308; x_wconf 81' lang='lat' dir='ltr'>xxm,</span> <span class='ocrx_word' id='word_1_270' title='bbox 2613 5229 2698 5298; x_wconf 66' lang='lat'>34</span> <span class='ocrx_word' id='word_1_271' title='bbox 2731 5252 2750 5298; x_wconf 74' lang='grc' dir='ltr'><strong><em>ε</em></strong></span> 
     </span>
     <span class='ocr_line' id='line_1_46' title="bbox 1192 5330 2758 5426; baseline -0.014 -9"><span class='ocrx_word' id='word_1_272' title='bbox 1192 5352 1431 5426; x_wconf 76' lang='lat' dir='ltr'>Pater,</span> <span class='ocrx_word' id='word_1_273' title='bbox 1490 5343 1762 5413; x_wconf 71' lang='lat' dir='ltr'>dimine</span> <span class='ocrx_word' id='word_1_274' title='bbox 1825 5335 2024 5406; x_wconf 73' lang='lat' dir='ltr'>iuis.-</span> <span class='ocrx_word' id='word_1_275' title='bbox 2088 5356 2227 5402; x_wconf 86' lang='lat' dir='ltr'>non</span> <span class='ocrx_word' id='word_1_276' title='bbox 2282 5332 2467 5400; x_wconf 81' lang='lat' dir='ltr'>enim</span> <span class='ocrx_word' id='word_1_277' title='bbox 2529 5330 2758 5399; x_wconf 71' lang='lat' dir='ltr'>scium</span> 
     </span>
    </p>
   </div>
   <div class='ocr_carea' id='block_1_5' title="bbox 1187 5452 1688 5547">
    <p class='ocr_par' dir='ltr' id='par_1_7' title="bbox 1187 5452 1688 5547">
     <span class='ocr_line' id='line_1_47' title="bbox 1187 5452 1688 5547; baseline -0.02 -21"><span class='ocrx_word' id='word_1_278' title='bbox 1187 5454 1367 5547; x_wconf 77' lang='lat' dir='ltr'>quid</span> <span class='ocrx_word' id='word_1_279' title='bbox 1388 5452 1688 5545; x_wconf 73' lang='lat' dir='ltr'>faciunt.</span> 
     </span>
    </p>
   </div>
   <div class='ocr_carea' id='block_1_6' title="bbox 1268 5657 2151 5733">
    <p class='ocr_par' dir='ltr' id='par_1_8' title="bbox 1268 5657 2151 5733">
     <span class='ocr_line' id='line_1_48' title="bbox 1268 5657 2151 5733; baseline -0.017 -5"><span class='ocrx_word' id='word_1_280' title='bbox 1268 5672 1286 5712; x_wconf 81' lang='lat'>⁸</span> <span class='ocrx_word' id='word_1_281' title='bbox 1312 5666 1518 5726; x_wconf 71' lang='lat' dir='ltr'>ssatth.</span> <span class='ocrx_word' id='word_1_282' title='bbox 1549 5680 1605 5733; x_wconf 78' lang='lat' dir='ltr'>v,</span> <span class='ocrx_word' id='word_1_283' title='bbox 1633 5663 1746 5729; x_wconf 70' lang='lat'>443</span> <span class='ocrx_word' id='word_1_284' title='bbox 1776 5660 1922 5717; x_wconf 85' lang='lat' dir='ltr'>Luc.</span> <span class='ocrx_word' id='word_1_285' title='bbox 1949 5673 2027 5728; x_wconf 78' lang='lat' dir='ltr'>vt,</span> <span class='ocrx_word' id='word_1_286' title='bbox 2061 5657 2151 5714; x_wconf 79' lang='grc' dir='ltr'>Π.</span> 
     </span>
    </p>
   </div>
   <div class='ocr_carea' id='block_1_7' title="bbox 4278 313 4409 380">
    <p class='ocr_par' dir='ltr' id='par_1_9' title="bbox 4278 313 4409 380">
     <span class='ocr_line' id='line_1_49' title="bbox 4278 313 4409 380; baseline 0.015 -3"><span class='ocrx_word' id='word_1_287' title='bbox 4278 313 4409 380; x_wconf 84' lang='grc'>253</span> 
     </span>
    </p>
   </div>
   <div class='ocr_carea' id='block_1_8' title="bbox 2855 473 4411 1106">
    <p class='ocr_par' dir='ltr' id='par_1_10' title="bbox 2855 473 4411 1106">
     <span class='ocr_line' id='line_1_50' title="bbox 2953 473 4411 565; baseline 0 -22"><span class='ocrx_word' id='word_1_288' title='bbox 2953 475 3065 543; x_wconf 91' lang='lat' dir='ltr'>Sic</span> <span class='ocrx_word' id='word_1_289' title='bbox 3094 498 3250 565; x_wconf 82' lang='lat' dir='ltr'>ergo</span> <span class='ocrx_word' id='word_1_290' title='bbox 3299 473 3701 541; x_wconf 89' lang='lat' dir='ltr'>desideranti</span> <span class='ocrx_word' id='word_1_291' title='bbox 3771 473 4121 564; x_wconf 81' lang='lat' dir='ltr'>proficere,</span> <span class='ocrx_word' id='word_1_292' title='bbox 4175 482 4241 542; x_wconf 88' lang='lat' dir='ltr'>et</span> <span class='ocrx_word' id='word_1_293' title='bbox 4283 497 4411 565; x_wconf 86' lang='lat' dir='ltr'>ge-</span> 
     </span>
     <span class='ocr_line' id='line_1_51' title="bbox 2860 582 4408 671; baseline -0.001 -22"><span class='ocrx_word' id='word_1_294' title='bbox 2860 585 3067 649; x_wconf 87' lang='lat' dir='ltr'>menti</span> <span class='ocrx_word' id='word_1_295' title='bbox 3100 582 3223 649; x_wconf 89' lang='lat' dir='ltr'>sub</span> <span class='ocrx_word' id='word_1_296' title='bbox 3256 582 3528 648; x_wconf 87' lang='lat' dir='ltr'>miseria</span> <span class='ocrx_word' id='word_1_297' title='bbox 3564 584 3905 659; x_wconf 83' lang='lat' dir='ltr'>caecitatis,</span> <span class='ocrx_word' id='word_1_298' title='bbox 3959 589 4024 648; x_wconf 87' lang='lat' dir='ltr'>et</span> <span class='ocrx_word' id='word_1_299' title='bbox 4057 582 4408 671; x_wconf 86' lang='lat' dir='ltr'>praesentis</span> 
     </span>
     <span class='ocr_line' id='line_1_52' title="bbox 2859 689 4403 780; baseline -0.001 -21"><span class='ocrx_word' id='word_1_300' title='bbox 2859 693 3102 774; x_wconf 86' lang='lat' dir='ltr'>exsilii,</span> <span class='ocrx_word' id='word_1_301' title='bbox 3135 700 3199 758; x_wconf 89' lang='lat' dir='ltr'>et</span> <span class='ocrx_word' id='word_1_302' title='bbox 3230 692 3401 758; x_wconf 83' lang='lat' dir='ltr'>inter</span> <span class='ocrx_word' id='word_1_303' title='bbox 3428 690 3658 757; x_wconf 88' lang='lat' dir='ltr'>hostes</span> <span class='ocrx_word' id='word_1_304' title='bbox 3690 692 3999 780; x_wconf 87' lang='lat' dir='ltr'>patienti,</span> <span class='ocrx_word' id='word_1_305' title='bbox 4061 697 4239 758; x_wconf 88' lang='lat' dir='ltr'>certe</span> <span class='ocrx_word' id='word_1_306' title='bbox 4290 689 4403 757; x_wconf 88' lang='lat' dir='ltr'>de-</span> 
     </span>
     <span class='ocr_line' id='line_1_53' title="bbox 2857 797 4407 887; baseline -0.004 -19"><span class='ocrx_word' id='word_1_307' title='bbox 2857 801 3053 868; x_wconf 85' lang='lat' dir='ltr'>betur</span> <span class='ocrx_word' id='word_1_308' title='bbox 3092 800 3442 867; x_wconf 88' lang='lat' dir='ltr'>retributio</span> <span class='ocrx_word' id='word_1_309' title='bbox 3482 820 3520 864; x_wconf 89' lang='lat' dir='ltr'>a</span> <span class='ocrx_word' id='word_1_310' title='bbox 3540 797 3772 886; x_wconf 88' lang='lat' dir='ltr'>judice</span> <span class='ocrx_word' id='word_1_311' title='bbox 3784 801 3974 887; x_wconf 87' lang='lat' dir='ltr'>justo</span> <span class='ocrx_word' id='word_1_312' title='bbox 4005 798 4176 865; x_wconf 88' lang='lat' dir='ltr'>De0.</span> <span class='ocrx_word' id='word_1_313' title='bbox 4241 797 4407 863; x_wconf 90' lang='lat' dir='ltr'>Pro-</span> 
     </span>
     <span class='ocr_line' id='line_1_54' title="bbox 2855 907 4405 999; baseline -0.005 -22"><span class='ocrx_word' id='word_1_314' title='bbox 2855 919 3003 999; x_wconf 83' lang='lat' dir='ltr'>pter</span> <span class='ocrx_word' id='word_1_315' title='bbox 3032 908 3161 976; x_wconf 88' lang='lat' dir='ltr'>hoc</span> <span class='ocrx_word' id='word_1_316' title='bbox 3201 914 3374 975; x_wconf 87' lang='lat' dir='ltr'>recte</span> <span class='ocrx_word' id='word_1_317' title='bbox 3401 907 3825 997; x_wconf 63' lang='lat' dir='ltr'>praeponitur</span> <span class='ocrx_word' id='word_1_318' title='bbox 3868 907 4089 973; x_wconf 88' lang='lat' dir='ltr'>littera</span> <span class='ocrx_word' id='word_1_319' title='bbox 4155 927 4405 988; x_wconf 56' lang='lat' dir='ltr'>aarum,</span> 
     </span>
     <span class='ocr_line' id='line_1_55' title="bbox 2859 1009 4126 1106; baseline -0.002 -24"><span class='ocrx_word' id='word_1_320' title='bbox 2859 1009 2991 1102; x_wconf 63' lang='lat'>(2),</span> <span class='ocrx_word' id='word_1_321' title='bbox 3024 1016 3206 1106; x_wconf 91' lang='lat' dir='ltr'>quod</span> <span class='ocrx_word' id='word_1_322' title='bbox 3236 1016 3713 1105; x_wconf 85' lang='lat' dir='ltr'>interpretatur</span> <span class='ocrx_word' id='word_1_323' title='bbox 3741 1012 4126 1079; x_wconf 76' lang='lat' dir='ltr'>retributio·</span> 
     </span>
    </p>
   </div>
   <div class='ocr_carea' id='block_1_9' title="bbox 3404 1519 3845 1616">
    <p class='ocr_par' dir='ltr' id='par_1_11' title="bbox 3404 1519 3845 1616">
     <span class='ocr_line' id='line_1_56' title="bbox 3404 1519 3845 1616; baseline -0.007 -27"><span class='ocrx_word' id='word_1_324' title='bbox 3404 1522 3692 1589; x_wconf 59' lang='lat' dir='ltr'>omma</span> <span class='ocrx_word' id='word_1_325' title='bbox 3724 1519 3845 1616; x_wconf 63' lang='grc' dir='ltr'>(η)</span> 
     </span>
    </p>
   </div>
   <div class='ocr_carea' id='block_1_10' title="bbox 2858 1959 4395 2243">
    <p class='ocr_par' dir='ltr' id='par_1_12' title="bbox 2858 1959 4395 2243">
     <span class='ocr_line' id='line_1_57' title="bbox 2858 1959 4390 2054; baseline 0.002 -24"><span class='ocrx_word' id='word_1_326' title='bbox 2858 1965 2972 2031; x_wconf 84' lang='lat'>25.</span> <span class='ocrx_word' id='word_1_327' title='bbox 3026 1959 3353 2031; x_wconf 85' lang='lat' dir='ltr'>Adhaesit</span> <span class='ocrx_word' id='word_1_328' title='bbox 3417 1961 3833 2054; x_wconf 87' lang='lat' dir='ltr'>pavimento</span> <span class='ocrx_word' id='word_1_329' title='bbox 3884 1962 4129 2032; x_wconf 86' lang='lat' dir='ltr'>anima</span> <span class='ocrx_word' id='word_1_330' title='bbox 4177 1982 4390 2033; x_wconf 87' lang='lat' dir='ltr'>mea:</span> 
     </span>
     <span class='ocr_line' id='line_1_58' title="bbox 3117 2066 4395 2138; baseline 0.002 -3"><span class='ocrx_word' id='word_1_331' title='bbox 3117 2066 3393 2136; x_wconf 84' lang='lat' dir='ltr'>vivifica</span> <span class='ocrx_word' id='word_1_332' title='bbox 3460 2088 3578 2136; x_wconf 87' lang='lat' dir='ltr'>me</span> <span class='ocrx_word' id='word_1_333' title='bbox 3626 2067 4030 2137; x_wconf 86' lang='lat' dir='ltr'>secundum</span> <span class='ocrx_word' id='word_1_334' title='bbox 4089 2067 4395 2138; x_wconf 87' lang='lat' dir='ltr'>verbum</span> 
     </span>
     <span class='ocr_line' id='line_1_59' title="bbox 3120 2192 3354 2243; baseline -0.004 -1"><span class='ocrx_word' id='word_1_335' title='bbox 3120 2192 3354 2243; x_wconf 90' lang='lat' dir='ltr'>tuum.</span> 
     </span>
    </p>
   </div>
   <div class='ocr_carea' id='block_1_11' title="bbox 2859 2279 4413 3978">
    <p class='ocr_par' dir='ltr' id='par_1_13' title="bbox 2859 2279 4401 2568">
     <span class='ocr_line' id='line_1_60' title="bbox 2859 2279 4398 2362; baseline -0.002 -11"><span class='ocrx_word' id='word_1_336' title='bbox 2859 2283 2972 2351; x_wconf 80' lang='lat'>26.</span> <span class='ocrx_word' id='word_1_337' title='bbox 3025 2280 3196 2349; x_wconf 88' lang='lat' dir='ltr'>Vias</span> <span class='ocrx_word' id='word_1_338' title='bbox 3236 2303 3431 2350; x_wconf 89' lang='lat' dir='ltr'>meas</span> <span class='ocrx_word' id='word_1_339' title='bbox 3490 2280 3886 2362; x_wconf 85' lang='lat' dir='ltr'>enuntiavi,</span> <span class='ocrx_word' id='word_1_340' title='bbox 3933 2298 4001 2351; x_wconf 85' lang='lat' dir='ltr'>et</span> <span class='ocrx_word' id='word_1_341' title='bbox 4041 2279 4398 2350; x_wconf 87' lang='lat' dir='ltr'>exaudisti</span> 
     </span>
     <span class='ocr_line' id='line_1_61' title="bbox 3119 2387 4401 2478; baseline -0.002 -20"><span class='ocrx_word' id='word_1_342' title='bbox 3119 2411 3233 2458; x_wconf 89' lang='lat' dir='ltr'>me</span> <span class='ocrx_word' id='word_1_343' title='bbox 3300 2410 3317 2456; x_wconf 77' lang='lat' dir='ltr'><em>z</em></span> <span class='ocrx_word' id='word_1_344' title='bbox 3384 2390 3559 2458; x_wconf 87' lang='lat' dir='ltr'>doce</span> <span class='ocrx_word' id='word_1_345' title='bbox 3645 2410 3761 2459; x_wconf 89' lang='lat' dir='ltr'>me</span> <span class='ocrx_word' id='word_1_346' title='bbox 3857 2387 4401 2478; x_wconf 82' lang='lat' dir='ltr'>justificationes</span> 
     </span>
     <span class='ocr_line' id='line_1_62' title="bbox 3122 2517 3305 2568; baseline -0.005 0"><span class='ocrx_word' id='word_1_347' title='bbox 3122 2517 3305 2568; x_wconf 87' lang='lat' dir='ltr'>tuas.</span> 
     </span>
    </p>

    <p class='ocr_par' dir='ltr' id='par_1_14' title="bbox 2859 2605 4405 2894">
     <span class='ocr_line' id='line_1_63' title="bbox 2859 2605 4385 2696; baseline -0.001 -21"><span class='ocrx_word' id='word_1_348' title='bbox 2859 2627 2974 2696; x_wconf 87' lang='lat'>27.</span> <span class='ocrx_word' id='word_1_349' title='bbox 3029 2605 3238 2675; x_wconf 85' lang='lat' dir='ltr'>Viam</span> <span class='ocrx_word' id='word_1_350' title='bbox 3288 2605 3882 2695; x_wconf 83' lang='lat' dir='ltr'>justificationum</span> <span class='ocrx_word' id='word_1_351' title='bbox 3928 2622 4222 2676; x_wconf 87' lang='lat' dir='ltr'>tuarum</span> <span class='ocrx_word' id='word_1_352' title='bbox 4283 2605 4385 2674; x_wconf 87' lang='lat' dir='ltr'>in·</span> 
     </span>
     <span class='ocr_line' id='line_1_64' title="bbox 3122 2712 4405 2801; baseline -0.002 -17"><span class='ocrx_word' id='word_1_353' title='bbox 3122 2735 3316 2784; x_wconf 87' lang='lat' dir='ltr'>strue</span> <span class='ocrx_word' id='word_1_354' title='bbox 3347 2737 3488 2801; x_wconf 91' lang='lat' dir='ltr'>me,</span> <span class='ocrx_word' id='word_1_355' title='bbox 3522 2731 3593 2785; x_wconf 87' lang='lat' dir='ltr'>et</span> <span class='ocrx_word' id='word_1_356' title='bbox 3641 2714 4022 2785; x_wconf 86' lang='lat' dir='ltr'>exercebor</span> <span class='ocrx_word' id='word_1_357' title='bbox 4061 2715 4133 2784; x_wconf 88' lang='lat' dir='ltr'>in</span> <span class='ocrx_word' id='word_1_358' title='bbox 4178 2712 4405 2784; x_wconf 89' lang='lat' dir='ltr'>mira-</span> 
     </span>
     <span class='ocr_line' id='line_1_65' title="bbox 3126 2822 3596 2894; baseline -0.006 -1"><span class='ocrx_word' id='word_1_359' title='bbox 3126 2822 3392 2893; x_wconf 89' lang='lat' dir='ltr'>bilibus</span> <span class='ocrx_word' id='word_1_360' title='bbox 3425 2823 3596 2894; x_wconf 88' lang='lat' dir='ltr'>tuis.</span> 
     </span>
    </p>

    <p class='ocr_par' dir='ltr' id='par_1_15' title="bbox 2863 2930 4405 3112">
     <span class='ocr_line' id='line_1_66' title="bbox 2863 2930 4405 3023; baseline -0.003 -20"><span class='ocrx_word' id='word_1_361' title='bbox 2863 2937 2976 3005; x_wconf 81' lang='lat'>28.</span> <span class='ocrx_word' id='word_1_362' title='bbox 3034 2932 3460 3004; x_wconf 86' lang='lat' dir='ltr'>Dormitavit</span> <span class='ocrx_word' id='word_1_363' title='bbox 3491 2932 3733 3002; x_wconf 87' lang='lat' dir='ltr'>anima</span> <span class='ocrx_word' id='word_1_364' title='bbox 3776 2953 3934 3001; x_wconf 88' lang='lat' dir='ltr'>mea</span> <span class='ocrx_word' id='word_1_365' title='bbox 3957 2952 4103 3023; x_wconf 84' lang='lat' dir='ltr'>prae</span> <span class='ocrx_word' id='word_1_366' title='bbox 4144 2930 4405 3000; x_wconf 84' lang='lat' dir='ltr'>taedio:</span> 
     </span>
     <span class='ocr_line' id='line_1_67' title="bbox 3124 3038 4217 3112; baseline -0.005 -1"><span class='ocrx_word' id='word_1_367' title='bbox 3124 3040 3468 3112; x_wconf 86' lang='lat' dir='ltr'>confirma</span> <span class='ocrx_word' id='word_1_368' title='bbox 3510 3061 3625 3110; x_wconf 89' lang='lat' dir='ltr'>me</span> <span class='ocrx_word' id='word_1_369' title='bbox 3658 3038 3734 3109; x_wconf 92' lang='lat' dir='ltr'>in</span> <span class='ocrx_word' id='word_1_370' title='bbox 3768 3039 4004 3110; x_wconf 89' lang='lat' dir='ltr'>verbis</span> <span class='ocrx_word' id='word_1_371' title='bbox 4047 3038 4217 3108; x_wconf 88' lang='lat' dir='ltr'>tuis.</span> 
     </span>
    </p>

    <p class='ocr_par' dir='ltr' id='par_1_16' title="bbox 2865 3145 4398 3345">
     <span class='ocr_line' id='line_1_68' title="bbox 2865 3145 4398 3241; baseline -0.002 -24"><span class='ocrx_word' id='word_1_372' title='bbox 2865 3169 2979 3240; x_wconf 85' lang='lat'>29.</span> <span class='ocrx_word' id='word_1_373' title='bbox 3034 3146 3243 3218; x_wconf 88' lang='lat' dir='ltr'>Viam</span> <span class='ocrx_word' id='word_1_374' title='bbox 3290 3145 3698 3241; x_wconf 82' lang='lat' dir='ltr'>iniquitatis</span> <span class='ocrx_word' id='word_1_375' title='bbox 3751 3167 4007 3216; x_wconf 83' lang='lat' dir='ltr'>amove</span> <span class='ocrx_word' id='word_1_376' title='bbox 4053 3167 4094 3215; x_wconf 88' lang='lat' dir='ltr'>a</span> <span class='ocrx_word' id='word_1_377' title='bbox 4133 3166 4276 3225; x_wconf 87' lang='lat' dir='ltr'>me,</span> <span class='ocrx_word' id='word_1_378' title='bbox 4329 3162 4398 3214; x_wconf 87' lang='lat' dir='ltr'>et</span> 
     </span>
     <span class='ocr_line' id='line_1_69' title="bbox 3125 3251 4131 3345; baseline -0.004 -21"><span class='ocrx_word' id='word_1_379' title='bbox 3125 3254 3212 3324; x_wconf 90' lang='lat' dir='ltr'>de</span> <span class='ocrx_word' id='word_1_380' title='bbox 3243 3254 3396 3345; x_wconf 85' lang='lat' dir='ltr'>lege</span> <span class='ocrx_word' id='word_1_381' title='bbox 3428 3271 3549 3323; x_wconf 92' lang='lat' dir='ltr'>tua</span> <span class='ocrx_word' id='word_1_382' title='bbox 3588 3253 3932 3323; x_wconf 87' lang='lat' dir='ltr'>miserere</span> <span class='ocrx_word' id='word_1_383' title='bbox 3962 3251 4131 3322; x_wconf 91' lang='lat' dir='ltr'>mei.</span> 
     </span>
    </p>

    <p class='ocr_par' dir='ltr' id='par_1_17' title="bbox 2865 3355 4409 3537">
     <span class='ocr_line' id='line_1_70' title="bbox 2865 3355 4409 3451; baseline -0.003 -21"><span class='ocrx_word' id='word_1_384' title='bbox 2865 3360 2978 3430; x_wconf 85' lang='lat'>30.</span> <span class='ocrx_word' id='word_1_385' title='bbox 3030 3359 3239 3430; x_wconf 87' lang='lat' dir='ltr'>Viam</span> <span class='ocrx_word' id='word_1_386' title='bbox 3296 3356 3615 3430; x_wconf 87' lang='lat' dir='ltr'>veritatis</span> <span class='ocrx_word' id='word_1_387' title='bbox 3668 3356 3847 3451; x_wconf 80' lang='lat' dir='ltr'>elegi</span> <span class='ocrx_word' id='word_1_388' title='bbox 3903 3355 4224 3446; x_wconf 86' lang='lat' dir='ltr'>:judicia</span> <span class='ocrx_word' id='word_1_389' title='bbox 4284 3372 4409 3426; x_wconf 90' lang='lat' dir='ltr'>tua</span> 
     </span>
     <span class='ocr_line' id='line_1_71' title="bbox 3130 3464 3817 3537; baseline -0.004 0"><span class='ocrx_word' id='word_1_390' title='bbox 3130 3489 3273 3537; x_wconf 92' lang='lat' dir='ltr'>non</span> <span class='ocrx_word' id='word_1_391' title='bbox 3305 3488 3470 3537; x_wconf 88' lang='lat' dir='ltr'>sum</span> <span class='ocrx_word' id='word_1_392' title='bbox 3517 3464 3817 3537; x_wconf 87' lang='lat' dir='ltr'>oblitus.</span> 
     </span>
    </p>

    <p class='ocr_par' dir='ltr' id='par_1_18' title="bbox 2864 3570 4412 3753">
     <span class='ocr_line' id='line_1_72' title="bbox 2864 3570 4412 3658; baseline -0.003 -12"><span class='ocrx_word' id='word_1_393' title='bbox 2864 3576 2977 3647; x_wconf 84' lang='lat'>31.</span> <span class='ocrx_word' id='word_1_394' title='bbox 3030 3574 3327 3645; x_wconf 84' lang='lat' dir='ltr'>Adhaesi</span> <span class='ocrx_word' id='word_1_395' title='bbox 3371 3570 3811 3645; x_wconf 88' lang='lat' dir='ltr'>testimoniis</span> <span class='ocrx_word' id='word_1_396' title='bbox 3840 3570 4014 3658; x_wconf 83' lang='lat' dir='ltr'>tuis,</span> <span class='ocrx_word' id='word_1_397' title='bbox 4046 3571 4359 3643; x_wconf 86' lang='lat' dir='ltr'>Domine</span> <span class='ocrx_word' id='word_1_398' title='bbox 4393 3591 4412 3641; x_wconf 77' lang='lat' dir='ltr'>t</span> 
     </span>
     <span class='ocr_line' id='line_1_73' title="bbox 3129 3678 3937 3753; baseline -0.004 -2"><span class='ocrx_word' id='word_1_399' title='bbox 3129 3681 3276 3753; x_wconf 90' lang='lat' dir='ltr'>noli</span> <span class='ocrx_word' id='word_1_400' title='bbox 3318 3703 3432 3753; x_wconf 90' lang='lat' dir='ltr'>me</span> <span class='ocrx_word' id='word_1_401' title='bbox 3471 3678 3937 3751; x_wconf 82' lang='lat' dir='ltr'>confundere.</span> 
     </span>
    </p>

    <p class='ocr_par' dir='ltr' id='par_1_19' title="bbox 2865 3788 4413 3978">
     <span class='ocr_line' id='line_1_74' title="bbox 2865 3788 4413 3862; baseline -0.005 0"><span class='ocrx_word' id='word_1_402' title='bbox 2865 3792 2979 3862; x_wconf 86' lang='lat'>32.</span> <span class='ocrx_word' id='word_1_403' title='bbox 3032 3789 3242 3861; x_wconf 84' lang='lat' dir='ltr'>Viam</span> <span class='ocrx_word' id='word_1_404' title='bbox 3274 3788 3787 3859; x_wconf 87' lang='lat' dir='ltr'>mandatorum</span> <span class='ocrx_word' id='word_1_405' title='bbox 3834 3805 4127 3857; x_wconf 89' lang='lat' dir='ltr'>tuorum</span> <span class='ocrx_word' id='word_1_406' title='bbox 4158 3805 4413 3855; x_wconf 86' lang='lat' dir='ltr'>cucur·</span> 
     </span>
     <span class='ocr_line' id='line_1_75' title="bbox 3133 3894 4252 3978; baseline -0.006 -10"><span class='ocrx_word' id='word_1_407' title='bbox 3133 3897 3220 3978; x_wconf 90' lang='lat' dir='ltr'>ri,</span> <span class='ocrx_word' id='word_1_408' title='bbox 3252 3917 3420 3967; x_wconf 88' lang='lat' dir='ltr'>cum</span> <span class='ocrx_word' id='word_1_409' title='bbox 3459 3894 3775 3966; x_wconf 75' lang='lat' dir='ltr'>dilatasti</span> <span class='ocrx_word' id='word_1_410' title='bbox 3816 3915 3940 3966; x_wconf 88' lang='lat' dir='ltr'>cor</span> <span class='ocrx_word' id='word_1_411' title='bbox 3978 3914 4252 3965; x_wconf 88' lang='lat' dir='ltr'>meum.</span> 
     </span>
    </p>
   </div>
   <div class='ocr_carea' id='block_1_12' title="bbox 3382 4438 3855 4539">
    <p class='ocr_par' dir='ltr' id='par_1_20' title="bbox 3382 4438 3855 4539">
     <span class='ocr_line' id='line_1_76' title="bbox 3382 4438 3855 4539; baseline -0.006 -31"><span class='ocrx_word' id='word_1_412' title='bbox 3382 4462 3632 4510; x_wconf 50' lang='lat' dir='ltr'>namu</span> <span class='ocrx_word' id='word_1_413' title='bbox 3706 4438 3855 4539; x_wconf 65' lang='grc' dir='ltr'><strong>(Ἰ).</strong></span> 
     </span>
    </p>
   </div>
   <div class='ocr_carea' id='block_1_13' title="bbox 2859 4866 4417 5504">
    <p class='ocr_par' dir='ltr' id='par_1_21' title="bbox 2859 4866 4417 5504">
     <span class='ocr_line' id='line_1_77' title="bbox 2948 4866 4415 4964; baseline -0.003 -23"><span class='ocrx_word' id='word_1_414' title='bbox 2948 4870 3251 4941; x_wconf 70' lang='lat' dir='ltr'>Adhaesit</span> <span class='ocrx_word' id='word_1_415' title='bbox 3279 4871 3702 4964; x_wconf 74' lang='lat' dir='ltr'>pavimento.</span> <span class='ocrx_word' id='word_1_416' title='bbox 3773 4896 3808 4931; x_wconf 72' lang='grc' dir='ltr'>ι·</span> <span class='ocrx_word' id='word_1_417' title='bbox 3868 4866 3948 4938; x_wconf 88' lang='lat' dir='ltr'>In</span> <span class='ocrx_word' id='word_1_418' title='bbox 4001 4867 4415 4960; x_wconf 83' lang='lat' dir='ltr'>praecedenti</span> 
     </span>
     <span class='ocr_line' id='line_1_78' title="bbox 2862 4974 4417 5071; baseline -0.003 -20"><span class='ocrx_word' id='word_1_419' title='bbox 2862 4980 3209 5051; x_wconf 82' lang='lat' dir='ltr'>octonario</span> <span class='ocrx_word' id='word_1_420' title='bbox 3240 4980 3432 5071; x_wconf 88' lang='lat' dir='ltr'>petiit</span> <span class='ocrx_word' id='word_1_421' title='bbox 3460 4977 3760 5058; x_wconf 90' lang='lat' dir='ltr'>liberari,</span> <span class='ocrx_word' id='word_1_422' title='bbox 3808 4975 3920 5046; x_wconf 86' lang='lat' dir='ltr'>vel</span> <span class='ocrx_word' id='word_1_423' title='bbox 3967 4974 4303 5046; x_wconf 82' lang='lat' dir='ltr'>auxilium</span> <span class='ocrx_word' id='word_1_424' title='bbox 4327 4978 4417 5046; x_wconf 88' lang='lat' dir='ltr'>si·</span> 
     </span>
     <span class='ocr_line' id='line_1_79' title="bbox 2860 5084 4416 5179; baseline -0.004 -18"><span class='ocrx_word' id='word_1_425' title='bbox 2860 5093 2928 5161; x_wconf 89' lang='lat' dir='ltr'>bi</span> <span class='ocrx_word' id='word_1_426' title='bbox 2960 5090 3102 5158; x_wconf 87' lang='lat' dir='ltr'>dari</span> <span class='ocrx_word' id='word_1_427' title='bbox 3133 5096 3367 5159; x_wconf 89' lang='lat' dir='ltr'>contra</span> <span class='ocrx_word' id='word_1_428' title='bbox 3405 5088 3838 5157; x_wconf 78' lang='lat' dir='ltr'>infirmitates</span> <span class='ocrx_word' id='word_1_429' title='bbox 3875 5095 3945 5156; x_wconf 87' lang='lat' dir='ltr'>et</span> <span class='ocrx_word' id='word_1_430' title='bbox 3962 5084 4223 5164; x_wconf 87' lang='lat' dir='ltr'>hostes.</span> <span class='ocrx_word' id='word_1_431' title='bbox 4260 5109 4416 5179; x_wconf 75' lang='lat' dir='ltr'>quae</span> 
     </span>
     <span class='ocr_line' id='line_1_80' title="bbox 2861 5193 4417 5288; baseline -0.003 -19"><span class='ocrx_word' id='word_1_432' title='bbox 2861 5199 3092 5269; x_wconf 89' lang='lat' dir='ltr'>omnia</span> <span class='ocrx_word' id='word_1_433' title='bbox 3122 5205 3313 5267; x_wconf 85' lang='lat' dir='ltr'>erant</span> <span class='ocrx_word' id='word_1_434' title='bbox 3356 5194 3535 5264; x_wconf 88' lang='lat' dir='ltr'>mala</span> <span class='ocrx_word' id='word_1_435' title='bbox 3572 5217 3825 5288; x_wconf 77' lang='lat' dir='ltr'>poenae,</span> <span class='ocrx_word' id='word_1_436' title='bbox 3857 5193 3972 5264; x_wconf 87' lang='lat' dir='ltr'>hic</span> <span class='ocrx_word' id='word_1_437' title='bbox 4002 5201 4246 5263; x_wconf 79' lang='lat' dir='ltr'>contra</span> <span class='ocrx_word' id='word_1_438' title='bbox 4273 5217 4417 5264; x_wconf 87' lang='lat' dir='ltr'>ma-</span> 
     </span>
     <span class='ocr_line' id='line_1_81' title="bbox 2861 5300 4414 5376; baseline -0.003 0"><span class='ocrx_word' id='word_1_439' title='bbox 2861 5307 2960 5376; x_wconf 87' lang='lat' dir='ltr'>las</span> <span class='ocrx_word' id='word_1_440' title='bbox 2996 5303 3518 5375; x_wconf 86' lang='lat' dir='ltr'>consuetudines</span> <span class='ocrx_word' id='word_1_441' title='bbox 3579 5300 4001 5371; x_wconf 85' lang='lat' dir='ltr'>retrahentes</span> <span class='ocrx_word' id='word_1_442' title='bbox 4056 5309 4127 5372; x_wconf 86' lang='lat' dir='ltr'>et</span> <span class='ocrx_word' id='word_1_443' title='bbox 4199 5301 4414 5372; x_wconf 86' lang='lat' dir='ltr'>relabi</span> 
     </span>
     <span class='ocr_line' id='line_1_82' title="bbox 2859 5408 4417 5504; baseline -0.001 -23"><span class='ocrx_word' id='word_1_444' title='bbox 2859 5413 3176 5485; x_wconf 77' lang='lat' dir='ltr'>facientes</span> <span class='ocrx_word' id='word_1_445' title='bbox 3205 5413 3275 5482; x_wconf 91' lang='lat' dir='ltr'>in</span> <span class='ocrx_word' id='word_1_446' title='bbox 3300 5411 3532 5504; x_wconf 84' lang='lat' dir='ltr'>aliqua</span> <span class='ocrx_word' id='word_1_447' title='bbox 3567 5408 3751 5480; x_wconf 84' lang='lat' dir='ltr'>mala</span> <span class='ocrx_word' id='word_1_448' title='bbox 3777 5408 3996 5504; x_wconf 68' lang='lat' dir='ltr'>culpae</span> <span class='ocrx_word' id='word_1_449' title='bbox 4027 5432 4045 5478; x_wconf 89' lang='lat'><strong>:</strong></span> <span class='ocrx_word' id='word_1_450' title='bbox 4080 5418 4150 5479; x_wconf 88' lang='lat' dir='ltr'>et</span> <span class='ocrx_word' id='word_1_451' title='bbox 4177 5409 4417 5480; x_wconf 90' lang='lat' dir='ltr'>dicun·</span> 
     </span>
    </p>
   </div>
  </div>
 </body>
</html>
