5008 6329
735 224 857 289 112

730 391 912 459 nitur
940 394 1068 461 nisi
1105 416 1224 483 per
1254 393 1472 483 ipsam
1504 393 1717 470 viam,
1749 393 1953 460 Joan.
1998 418 2138 473 xw,
2177 397 2214 460 6
2262 415 2276 461 :

727 501 878 588 qu
904 522 1059 566 sum
1090 501 1229 576 via,
1273 507 1336 564 et
1367 498 1639 579 verita-5,
1676 509 1740 565 et
1777 500 1948 579 vita,
1992 500 2109 567 sed
2141 503 2281 589 ipse

730 617 802 673 ut
840 615 1020 674 recta
1049 607 1162 672 via
1210 604 1394 671 ducit
1441 627 1567 672 nos
1599 605 1683 673 ad
1721 608 2047 697 seipsum.
2096 606 2281 673 Hila-

729 716 910 781 rius:
951 738 983 778 α
1026 711 1169 777 Nos
1237 713 1305 778 in
1361 733 1648 781 erronea
1713 717 1824 782 via
1893 738 2032 781 non
2099 711 2282 779 ducit

734 847 765 884 α
805 817 1139 894 CliristuS,
1210 818 1328 910 qui
1368 829 1469 887 est
1496 821 1613 888 via
1655 843 1670 886 :
1732 843 1858 887 nec
1903 843 2028 908 per
2080 816 2275 894 falsa,

735 955 766 986 «
802 925 913 1013 qui
947 925 1197 994 veritas
1220 935 1359 994 est:
1397 950 1523 996 nec
1571 929 1641 994 in
1684 926 1926 993 mortis
1958 923 2279 1015 relinquit

744 1059 772 1094 «
811 1055 1060 1112 errore,
1106 1037 1223 1126 qui
1275 1036 1416 1103 vita
1480 1042 1604 1101 est.
1643 1058 1676 1098 ιι
1729 1032 1836 1098 Ab
1884 1030 2012 1100 hac
2051 1040 2280 1100 errant

730 1144 846 1234 qui
875 1142 1118 1211 dicturi
1159 1150 1342 1218 sunt,
1399 1140 1707 1231 Sapient.
1740 1163 1809 1218 V,
1849 1142 1887 1208 6
1924 1163 1939 1207 :
1983 1141 2281 1209 Erravi-

728 1274 880 1317 mus
909 1274 951 1318 a
988 1251 1103 1318 via
1159 1251 1515 1317 veritatis:
1573 1257 1640 1316 et
1708 1258 1986 1340 propter
2022 1248 2155 1317 hoc
2193 1248 2279 1315 ad

728 1356 1192 1425 habitaculum
1231 1380 1371 1425 non
1446 1360 1873 1448 perveniunt.
1935 1357 2156 1426 Eccle.
2202 1380 2271 1435 x,

734 1466 852 1531 13:
919 1463 1149 1532 Labor
1200 1465 1578 1531 stultorum
1636 1466 1916 1555 affliqet
1956 1489 2091 1541 eos,
2154 1467 2276 1554 qui

728 1571 1034 1637 nesciunt
1073 1571 1143 1638 in
1187 1571 1421 1640 urbem
1445 1594 1752 1664 perqcre.

810 1921 843 1954 «
878 1895 1278 1961 Esurientes
1306 1901 1370 1959 ct
1403 1894 1727 1962 sitientes.
1768 1922 1800 1956 »
1838 1894 1964 1962 Hic
1996 1896 2268 1962 tertium

723 2001 1005 2082 malum,
1038 2001 1296 2070 scilicet
1323 2001 1613 2071 defectio
1644 2003 1777 2071 cibi
1809 2011 1876 2071 et
1905 2011 2131 2093 potus.
2187 2003 2272 2071 Et

718 2110 967 2201 primo,
1001 2110 1328 2180 desectus.
1403 2109 1747 2191 Secund0,
1810 2111 2090 2180 ess'ectus
2155 2136 2271 2180 se-

718 2243 931 2313 quens
961 2244 1044 2290 ex
1073 2220 1217 2300 illo,
1253 2220 1372 2304 ibi,
1411 2246 1444 2287 ι
1466 2222 1722 2290 Anima
1750 2243 2010 2289 eorum.
2054 2248 2085 2281 »

803 2328 984 2398 Dicit
1012 2351 1176 2421 ergo
1204 2351 1219 2396 ε
1266 2327 1381 2398 Sic
1410 2327 1752 2410 errabant,
1794 2327 2264 2397 habitaculum

714 2460 852 2506 non
910 2435 1372 2516 inveniebant,
1434 2446 1500 2505 et
1557 2446 1751 2506 erant
1824 2459 1964 2529 prae
2030 2437 2265 2527 inopia

714 2571 746 2606 α
780 2545 1168 2621 esurientes,
1212 2569 1246 2609 s
1291 2565 1430 2612 non
1469 2542 1800 2612 habentes
1839 2542 2097 2625 cibum,
2134 2569 2165 2607 ι
2201 2550 2267 2608 ct

708 2653 1034 2731 sitienteS,
1065 2678 1096 2714 n
1139 2673 1279 2720 non
1311 2650 1641 2720 habentes
1669 2659 1937 2740 potum.
1985 2648 2100 2717 Sic
2132 2650 2261 2715 im·

707 2760 1019 2851 plebatur
1056 2763 1126 2829 in
1158 2762 1322 2852 ipsis
1354 2760 1520 2828 illud
1578 2760 1761 2853 quod
1800 2760 2074 2851 Moyses
2097 2783 2261 2850 prae·

707 2866 970 2936 dixerat
1041 2865 1558 2947 comminando,
1601 2866 1974 2935 Deuteron.
2011 2888 2252 2942 xxviii,

705 2974 825 3042 20:
869 2974 1099 3042 Mittet
1125 2974 1469 3042 Dominus
1520 2995 1729 3064 super
1777 2982 1841 3040 te
1883 2974 2148 3064 samem
2188 2981 2255 3038 et

703 3084 1016 3151 esuriem.
1049 3079 1136 3148 Et
1167 3090 1345 3173 post,
1386 3087 1453 3157 5.
1497 3080 1625 3151 48:
1658 3081 1927 3150 Set-vies
1974 3079 2258 3146 inimico

701 3202 845 3268 tuo,
880 3212 1074 3282 quem
1098 3189 1422 3258 immittet
1449 3188 1580 3258 tibi
1617 3189 1987 3268 Dominus,
2023 3188 2093 3255 in
2132 3188 2259 3277 sa-

703 3322 832 3381 me,
863 3308 929 3368 et
959 3299 1105 3377 siti,
1137 3309 1202 3367 et
1228 3297 1573 3376 nuditate,
1610 3309 1675 3366 et
1704 3298 1897 3366 omni
1926 3296 2250 3389 penuria.

701 3406 785 3475 sst
860 3406 982 3489 sic,
1028 3432 1062 3471 ι
1105 3406 1345 3473 anima
1403 3426 1641 3474 eorum
1698 3402 2081 3473 tabescebat
2121 3410 2136 3444 ¹
2183 3403 2254 3469 in

703 3516 868 3607 ipsis
907 3537 932 3583 .·
975 3541 1007 3577 υ
1050 3513 1175 3583 toti
1206 3520 1401 3581 erant
1431 3513 1638 3594 fame,
1687 3521 1755 3580 et
1813 3512 2088 3580 miseria
2142 3512 2254 3579 ta-

699 3622 865 3705 bidi,
899 3630 966 3691 et
994 3620 1436 3714 squallentes.
1481 3620 1779 3705 Baruch,
1805 3644 1879 3701 n,
1912 3623 2254 3692 25:510»

695 3731 805 3799 tui
827 3740 992 3799 sunt
1029 3729 1100 3798 in
1138 3727 1501 3797 doloribus
1539 3729 1881 3821 pessimis,
1945 3730 2015 3798 in
2062 3732 2255 3821 same

697 3841 862 3909 etin
896 3838 1170 3932 qladio,
1219 3849 1287 3906 et
1341 3839 1415 3906 in
1469 3839 1852 3907 emissione.
1898 3836 2104 3908 llecte
2133 3840 2252 3931 qui

697 3969 838 4018 non
866 3944 1178 4015 habitant
1208 3946 1280 4014 in
1310 3943 1611 4024 Christo,
1653 3954 1720 4014 et
1758 3955 1990 4015 errant
2025 3945 2112 4015 ab
2143 3948 2251 4038 ip-

699 4075 775 4123 so
804 4051 918 4120 via
967 4074 1158 4131 vera,
1213 4051 1413 4120 vacui
1487 4059 1555 4120 et
1618 4052 1997 4119 esurientes
2060 4060 2246 4132 sunt,

698 4162 857 4252 quia
883 4168 1114 4229 carent
1132 4159 1443 4228 doctrina
1479 4157 1672 4227 verbi
1701 4157 1828 4226 Dei
1884 4157 2191 4227 solidiori
2227 4181 2244 4228 ε

695 4277 761 4337 et
781 4264 1133 4342 sitibundi.
1158 4267 1320 4359 quia
1337 4274 1568 4336 carent
1595 4264 1907 4334 doctrina
1933 4264 2243 4335 faciliori.

694 4378 937 4458 Amos,
975 4397 1123 4458 vin,
1171 4376 1296 4444 1¹:
1346 4376 1629 4444 Mittam
1674 4376 1940 4465 samem
1987 4375 2061 4443 in
2109 4385 2249 4443 ter-

697 4506 849 4552 ram
880 4506 903 4552 .·
941 4506 1077 4552 non
1148 4492 1414 4576 samem
1463 4483 1697 4575 panis,
1776 4504 1997 4574 neque
2054 4483 2246 4551 sitim

697 4614 918 4686 aquae,
990 4590 1116 4660 sed
1189 4590 1527 4661 audiendi
1582 4588 1862 4658 verbum
1927 4590 2241 4660 Domini.

695 4700 856 4768 llaec
885 4696 1191 4767 tamesin
1222 4695 1604 4766 Gentilibus
1630 4693 2094 4788 Philosophia,
2128 4698 2246 4790 qui

694 4806 1169 4878 desiderabant
1209 4804 1396 4876 retici
1431 4806 1717 4875 veritate
1751 4815 1819 4875 et
1846 4807 2096 4898 potari,
2126 4803 2247 4874 sed

694 4917 865 4988 nihil
928 4916 1289 5010 capiebant
1330 4914 1517 5008 quod
1556 4937 1676 4985 eos
1704 4915 2034 4987 reficeret.
2068 4915 2246 4986 Pro·

693 5024 883 5095 verb.
918 5047 1064 5104 xm,
1097 5026 1224 5095 25:
1271 5026 1517 5094 Justus
1577 5023 1895 5108 comedit,
1927 5033 1994 5093 et
2030 5022 2246 5117 replet

689 5132 1002 5211 animam
1028 5151 1233 5199 suam
1275 5154 1302 5199 .·
1338 5138 1572 5199 venter
1605 5139 1837 5198 autem
1868 5130 2243 5222 impiorum

694 5236 1200 5308 insaturabilis.
1252 5237 1416 5307 Ilaec
1469 5245 1571 5307 est
1618 5237 1807 5306 enim
1861 5238 2243 5307 amicorum

698 5370 961 5429 mensa,
993 5346 1246 5440 quibus
1273 5347 1890 5429 dicitur,Cantic.v,
1930 5349 1962 5418 1
1993 5369 2014 5417 z
2049 5348 2244 5418 Com·

763 5579 782 5617 ¹
811 5574 979 5657 vulg.
1010 5579 1212 5650 habet,
1242 5579 1466 5654 defecit.

1745 223 1830 291 D.
1882 224 2085 294 ALB.
2135 225 2353 295 MAG.
2397 226 2604 294 ORD.
2657 227 2947 293 PRAED.

2387 395 2587 476 edite,
2629 395 2857 472 amici,
2893 405 2953 460 et
3020 394 3247 474 bibite,
3316 408 3379 462 et
3456 393 3916 470 inebriamini,

2383 502 2791 570 ckarissimi.
2846 500 2925 566 Et
2959 509 3231 590 propter
3286 502 3416 569 hoc
3464 501 3795 570 tabefacta
3826 508 3925 567 est

2386 610 2456 675 in
2488 610 2651 699 ipsis
2682 610 2930 687 anima,
2966 617 3031 675 et
3065 611 3307 676 moi-tui
3341 620 3533 677 sunt..
3567 610 3813 676 Thren.
3849 632 3917 687 ιι,

2392 718 2471 784 19
2500 739 2516 783 :
2550 720 2725 785 Leva
2766 718 2859 785 ad
2884 721 3103 785 Deum
3142 739 3386 783 manus
3425 728 3581 784 tuas
3605 740 3733 807 pro
3765 719 3925 783 ani-

2387 847 2500 892 ma
2522 826 2979 916 parvulorum
3017 835 3318 902 tuorum,
3374 825 3498 913 qni
3535 825 3925 913 defecerunt

2388 932 2460 997 in
2494 936 2686 1022 same
2718 935 2788 999 in
2825 933 3040 1022 capite
3078 934 3383 998 omnium
3441 931 3917 1020 compitorum.

2387 1037 2516 1104 Isa.
2560 1062 2628 1117 v,
2669 1039 2748 1106 13
2775 1061 2794 1135 :⁴
2833 1037 3110 1106 Nobiles
3162 1039 3316 1126 ejus
3358 1039 3764 1139 interierunt
3799 1043 3921 1125 la-

2385 1167 2514 1228 mc,
2548 1154 2611 1212 et
2649 1143 3021 1211 multitudo
3061 1143 3215 1232 ejus
3239 1144 3359 1209 siti
3396 1145 3694 1210 exaruit.

2474 1499 2506 1533 «
2547 1474 2643 1539 Et
2688 1470 3175 1538 clamaverunt.
3226 1494 3256 1531 ιο
3328 1469 3452 1535 Hic
3537 1467 3909 1534 secundum

2377 1579 2588 1645 totius
2626 1576 2828 1666 hujus
2872 1578 3103 1669 partiS.
3159 1577 3509 1666 Descripta
3549 1578 3731 1643 enim
3780 1576 3914 1641 mi-

2377 1686 2550 1754 seria
2617 1709 2822 1777 quam
2881 1686 3289 1754 transeundo
3354 1687 3420 1752 in
3493 1683 3911 1775 Babylonem

2375 1794 2866 1872 sustinuerunt,
2902 1792 3011 1861 hic
3039 1793 3475 1883 subjungitur
3504 1792 3585 1859 de
3617 1792 3913 1861 clamore

2378 1899 2783 1969 afflictorum
2813 1922 2934 1991 pro
2967 1899 3081 1967 illa
3111 1899 3490 1967 amovenda
3527 1919 3542 1967 :
3587 1908 3654 1966 et
3684 1899 3916 1967 dicun-

2373 2016 2485 2075 tur
2514 2010 2660 2077 tria.
2702 2009 2958 2085 Primo,
3002 2008 3258 2076 clamor
3278 2009 3361 2074 ad
3394 2009 3644 2085 Deum,
3693 2015 3757 2074 et
3797 2030 3916 2072 vo-

2374 2116 2674 2185 ciferatio
2713 2139 2837 2207 pro
2867 2115 2981 2183 illa
3036 2116 3330 2183 miseria.
3369 2114 3712 2193 SecundO,
3755 2114 3913 2181 illo-

2376 2247 2527 2292 rum
2559 2224 2813 2315 ereptio
2851 2223 2934 2290 ab
2977 2221 3114 2300 illa,
3172 2221 3287 2300 ibi,
3324 2249 3358 2286 α
3393 2224 3485 2289 Et
3516 2222 3599 2289 de
3629 2223 3912 2289 necessi-

2374 2331 2656 2400 tatibus.
2693 2357 2727 2397 n
2766 2331 3015 2409 Terti0,
3058 2331 3360 2420 tangitur
3396 2329 3642 2396 modus
3672 2351 3912 2420 accep-

2373 2440 2605 2518 tionis,
2640 2439 2757 2522 ibi,
2797 2446 2862 2516 y.
2896 2441 2979 2506 7:
3020 2465 3052 2499 ι
3101 2440 3195 2505 Et
3241 2437 3529 2504 deduxit
3562 2437 3746 2505 illos.
3784 2467 3815 2498 υ

2457 2546 2636 2614 Dicit
2667 2568 2876 2637 ergo:
2937 2544 3050 2612 Sic
3101 2544 3372 2612 fuerunt
3427 2547 3494 2612 in
3543 2545 3815 2611 miseria
3845 2552 3905 2610 et

2368 2653 2830 2733 tribulatione,
2895 2682 2928 2716 a
2968 2664 3033 2720 et
3066 2680 3099 2715 υ
3163 2662 3320 2720 tunc
3363 2682 3394 2715 «ι
3432 2652 3908 2720 clamaverunt

2368 2760 2468 2827 ad
2490 2762 2865 2829 Dominum
2893 2783 3047 2827 cum
3079 2758 3606 2827 tribularentur.
3646 2785 3679 2823 υ
3726 2758 3904 2825 l‘sal.

2366 2889 2548 2945 cxix,
2590 2869 2666 2935 1:
2722 2866 2836 2936 Ad
2896 2867 3269 2935 Dominum
3308 2889 3463 2934 cum
3533 2864 3910 2934 tribularer

2362 2975 2688 3043 clamavi.
2748 2972 2946 3060 Osee,
3017 2996 3110 3058 vi,
3178 2976 3262 3042 1:
3321 2975 3405 3043 In
3455 2973 3910 3042 tribulatione

2362 3104 2493 3149 sua
2523 3104 2722 3150 mane
2748 3091 3149 3171 consui-qen!
3177 3079 3273 3146 ad
3300 3103 3427 3147 me.

2456 3339 2488 3375 α
2531 3312 2627 3381 Et
2663 3310 2747 3378 de
2806 3309 3333 3378 necessitatibus.
3382 3335 3413 3373 n
3458 3309 3586 3378 llic
3652 3332 3903 3378 secun-

2364 3420 2556 3504 dum,
2588 3418 2922 3488 liberatio.
2954 3418 3068 3486 Sic
3103 3417 3597 3496 clamaverunt,
3646 3447 3679 3480 α
3720 3426 3784 3485 ct
3821 3418 3904 3485 d«-

2363 3526 2891 3602 necessitatibus,
2958 3552 2991 3592 ι
3067 3526 3318 3596 scilicet
3358 3525 3895 3601 inevitabilibus,

2371 3666 2404 3701 α
2446 3635 2761 3705 liberavit
2794 3658 2925 3703 eos.
2966 3661 2997 3699 ι
3044 3634 3229 3703 Talia
3259 3633 3442 3703 mala
3469 3658 3591 3703 sua
3614 3635 3896 3702 vocabat

2358 3742 2803 3811 necessitates.
2840 3740 3088 3832 Supra,
3147 3742 3216 3809 in
3282 3740 3466 3809 Psal.
3512 3763 3702 3823 xxiv,
3774 3743 3893 3810 ¹7:

2357 3852 2464 3921 De
2480 3848 2987 3919 necessitatibus
3014 3850 3181 3917 meis
3208 3871 3367 3917 erue
3403 3873 3532 3917 me.
3600 3848 3681 3917 Et
3726 3851 3894 3917 sicut

2359 3956 2514 4027 illos
2577 3956 3037 4049 corporaliter,
3089 3957 3185 4024 sic
3248 3957 3620 4026 clamantes
3685 3956 3770 4026 ad
3825 3980 3897 4024 se

2357 4064 2822 4158 spiritualiter,
2845 4087 2968 4156 pro
2998 4063 3260 4133 defectu
3292 4067 3623 4144 veritatis,
3659 4065 3895 4134 liberat

2356 4173 2741 4242 efficaciter.
2781 4170 3075 4256 Barneh,
3108 4195 3202 4253 iv,
3235 4174 3310 4240 2¹
3366 4196 3382 4240 :
3452 4173 3771 4243 Clamate
3806 4173 3904 4240 ad

2356 4282 2764 4361 Dominum,
2793 4290 2858 4349 et
2892 4280 3134 4373 eripiet
3172 4303 3287 4348 vos
3313 4280 3400 4348 de
3442 4304 3658 4349 manu
3694 4283 3898 4374 prin·

2354 4388 2589 4480 cipum
2625 4387 3084 4457 inimicorum.
3137 4385 3223 4454 Et
3266 4384 3498 4456 hocin
3554 4388 3706 4479 ipso
3753 4388 3899 4456 cla-

2356 4519 2574 4575 more,
2630 4495 2945 4566 velante
3009 4497 3230 4587 ipsum
3295 4494 3693 4568 clamorem.
3762 4495 3892 4568 lsa.

2358 4627 2515 4684 cxv,
2548 4605 2634 4673 24
2700 4625 2719 4673 τ
2786 4603 3079 4695 Eritque
3130 4613 3504 4695 antequam
3563 4603 3888 4683 clament,

2354 4738 2479 4805 eqo
2520 4713 2919 4783 exaudiam.
2980 4711 3227 4804 Supra,
3277 4712 3348 4780 in
3407 4712 3588 4781 Psal.
3632 4736 3702 4789 x,
3751 4715 3826 4781 Γί
3872 4736 3888 4782 :

2352 4822 2788 4893 Desidet-ium
2818 4842 3207 4914 pauperum
3257 4820 3619 4889 exaudivit
3646 4820 3894 4890 Domi-

2354 4950 2511 4996 nus.

2446 5273 2482 5315 e
2514 5250 2611 5319 Et
2637 5247 2925 5317 dedu-rit
2948 5269 3085 5317 eos.
3130 5272 3163 5312 ι
3222 5245 3351 5315 llic
3390 5245 3695 5329 tertium,
3736 5268 3892 5314 mo·

2353 5358 2480 5430 dus
2508 5357 2764 5429 scilicet
2784 5354 3204 5426 liberationis
3236 5375 3253 5422 ε
3284 5354 3356 5422 in
3389 5375 3527 5445 quo
3575 5353 3892 5424 dicuntur
