5008 6329
420 1593 644 1640 Pulmun
682 1583 692 1593 '⁴

370 1648 588 1693 hortetur
623 1648 687 1694 nd

364 1699 686 1856 'ffiri‘

706 230 807 300 ‚20

1118 719 1213 787 ΙΝ
1259 715 1700 785 PSALMUM
1749 717 1866 785 CII

1246 952 1770 997 commeatuum&

950 1276 984 1311 α
1035 1250 1364 1318 Psalmus
1396 1268 1410 1303 ¹
1448 1253 1582 1342 ipsi
1620 1252 1855 1318 David
1889 1260 1936 1317 ¹.
1991 1280 2020 1315 υ

808 1593 839 1633 ι
925 1570 1240 1648 Benedic,
1318 1570 1555 1636 anima
1622 1591 1796 1637 mea.
1868 1596 1903 1632 υ
1972 1570 2102 1638 Hic
2164 1578 2268 1638 est

712 1671 1028 1741 Psalmus
1055 1674 1466 1741 centesimus
1497 1672 1835 1740 secundus
1875 1674 1945 1740 in
1985 1681 2130 1742 toto
2177 1673 2267 1740 li-

708 1776 859 1857 br0,
893 1778 1229 1847 sccundus
1268 1779 1339 1845 in
1377 1779 1577 1846 tertia
1605 1788 1792 1868 parte
1833 1777 2012 1845 libri.

797 1883 968 1953 Cum
1000 1886 1285 1955 enimin
1313 1884 1713 1975 praecedenti
1758 1884 2032 1953 Psalmo
2078 1908 2263 1975 prae-

706 1993 978 2058 cesserit
1017 2014 1154 2061 vox
1202 1991 1518 2083 pauperis
1573 1990 1857 2069 anxiati,
1908 2013 2126 2081 usque
2172 1989 2259 2058 ad

703 2096 900 2183 panis
956 2099 1450 2165 comestionem
1525 2095 1768 2162 similis
1844 2096 2078 2180 cineri,
2149 2095 2258 2164 hic

702 2206 1123 2272 convertitur
1159 2201 1242 2271 ad
1295 2201 1784 2271 beneficiorum
1843 2201 1965 2270 Dei
2026 2225 2259 2271 recor-

701 2314 1050 2382 dationem
1080 2321 1148 2380 et
1190 2310 1458 2378 laudem
1492 2310 1732 2400 ipsiuS,
1778 2318 2058 2399 propter
2107 2309 2250 2387 illa,

702 2445 787 2491 ne
825 2421 997 2490 forte
1037 2429 1187 2489 ruat
1216 2421 1286 2488 in
1318 2420 1889 2510 desperationem.

789 2528 875 2595 Et
927 2529 1347 2619 praeponitur
1376 2524 1613 2595 titulus
1670 2526 1815 2614 jam
1865 2524 2258 2617 frequenter

701 2635 1051 2725 expositus
1101 2656 1117 2701 ε
1181 2662 1216 2697 ‹ae
1278 2632 1608 2702 Psalmus
1675 2633 1809 2722 ipsi
1879 2632 2112 2699 David
2150 2656 2173 2699 .·
2219 2658 2251 2697 ι

698 2742 881 2832 quod
911 2750 1057 2810 est:
1111 2769 1146 2805 α
1183 2738 1511 2808 psalmus
1545 2765 1577 2804 ι
1634 2738 2006 2827 subjectus,
2044 2768 2077 2801 α
2123 2740 2259 2831 ipsi

695 2849 950 2926 David,
984 2877 1015 2911 ι
1057 2847 1122 2917 id
1154 2858 1279 2925 est,
1325 2846 1624 2924 Christo,
1668 2869 1791 2936 per
1844 2867 2048 2936 quem
2110 2869 2258 2914 om·

698 2957 811 3023 nia
874 2955 1054 3023 bona
1111 2955 1180 3021 in
1237 2953 1436 3021 nobis
1490 2960 1674 3030 sunt,
1728 2973 1865 3043 quo
1912 2952 2255 3020 mediante

698 3064 932 3131 omnia
960 3063 1032 3130 in
1068 3084 1196 3130 nos
1226 3061 1547 3141 influunt,
1580 3067 1683 3127 est
1710 3058 2112 3127 cantandus.

770 3311 786 3348 ¹
818 3312 883 3368 In
916 3311 1085 3386 vulg.
1114 3309 1285 3367 deest
1311 3306 1555 3364 verbum
1578 3308 1848 3379 psalmus.

768 3401 793 3439 ¹
820 3404 1065 3461 Comme
1095 3401 1184 3460 les
1214 3414 1496 3474 penumes
1542 3396 1709 3466 XXV,
1740 3394 1966 3461 XXVH.
2000 3393 2254 3464 xxxiv,

696 3492 948 3563 XXXVI,
995 3491 1238 3550 celui-ci
1293 3506 1329 3546 a
1384 3486 1774 3561 simplement
1805 3502 1957 3560 pour
2003 3487 2142 3541 titre
2171 3502 2248 3541 en

695 3584 963 3643 hebrea:
1022 3605 1054 3634 κ
1094 3582 1170 3640 de
1209 3578 1413 3639 David.
1450 3601 1480 3628 ι»
1544 3578 1587 3635 n
1644 3576 1740 3650 n'y
1774 3594 1807 3634 a
1837 3578 1969 3633 rien
2000 3575 2153 3634 dane
2191 3574 2247 3633 le

690 3673 832 3731 fond
861 3672 970 3730 des
997 3670 1162 3730 ideee
1199 3670 1303 3743 qui
1334 3685 1411 3725 ne
1440 3667 1643 3742 puisse
1674 3667 1801 3724 etre
1846 3665 2245 3724 convenable·

692 3767 858 3821 ment
882 3760 1140 3818 attribue
1169 3775 1245 3815 nu
1276 3759 1453 3833 pieux
1476 3755 1563 3812 roi
1592 3773 1607 3823 ς
1639 3772 1706 3813 ce
1739 3755 1925 3813 eerait
1970 3772 2090 3812 une
2115 3772 2243 3814 ωυ-

691 3868 789 3907 vre
820 3849 896 3906 de
925 3865 991 3907 sa
1015 3845 1332 3912 vieilteeee,
1381 3859 1617 3901 comme
1675 3843 1731 3899 le
1762 3847 1903 3900 note
1930 3840 2243 3900 d'nilleure

688 3939 748 3997 la
776 3938 1007 3995 version
1031 3935 1329 4009 syriaque.
1361 3930 1688 3998 Toutesois.
1722 3930 2017 4004 quelques
2048 3930 2240 4003 parti·

687 4029 971 4088 cularitee
998 4026 1073 4083 de
1109 4024 1357 4096 langage
1386 4038 1502 4078 nux
1534 4022 1626 4090 ”-
1671 4022 1704 4076 ³
1749 4027 1810 4076 et
1852 4023 1887 4077 t
1938 4021 2242 4096 inspirent

686 4119 794 4178 des
823 4119 1036 4176 doutee
1063 4116 1102 4172 a
1148 4113 1453 4189 plusieurs
1508 4118 2042 4170 commcntnteure.
2098 4112 2239 4170 Jen·

688 4210 864 4281 nings
919 4206 1008 4262 les
1042 4201 1320 4280 ¹termule
1358 4217 1435 4280 en
1467 4216 1567 4257 ces
1606 4206 1868 4257 termes:
1915 4224 1947 4252 σε
1979 4200 2054 4258 Le
2085 4202 2237 4274 style

685 4322 715 4349 α
746 4296 829 4354 du
857 4309 1103 4370 psaume
1130 4294 1386 4363 (comme
1415 4288 1572 4347 celui
1604 4287 1685 4345 du
1716 4305 1965 4362 psaume
1996 4291 2240 4348 suivant

686 4410 715 4439 κ
749 4384 851 4462 qui
880 4381 1108 4443 semble
1136 4379 1301 4437 avoir
1327 4381 1422 4434 ete
1470 4381 1757 4452 compote
1813 4395 1967 4451 pour
2018 4380 2145 4436 etre
2176 4379 2235 4437 ln

683 4501 712 4528 ι
740 4468 1170 4544 contre-partie
1198 4467 1279 4525 du
1306 4466 1493 4534 etl-0,
1540 4471 1601 4523 et
1654 4466 1851 4540 paratt
1900 4466 2026 4523 etre
2056 4467 2131 4524 de
2176 4468 2235 4525 la

682 4589 712 4617 κ
737 4564 929 4621 meme
959 4559 1144 4630 main)
1174 4562 1265 4613 est
1288 4555 1731 4612 certainement
1763 4554 1901 4628 plus
1929 4555 2232 4612 uniforme

681 4677 712 4709 α
742 4669 861 4727 qua
887 4648 1044 4707 cetui
1075 4647 1152 4705 de
1191 4646 1248 4703 ta
1299 4643 1544 4718 piupnrt
1572 4641 1680 4700 dee
1709 4660 1990 4717 psaumee
2018 4643 2233 4703 incon-

682 4768 711 4799 α
744 4740 1166 4802 teetnblement
1190 4736 1265 4794 de
1304 4733 1506 4792 David.
1537 4734 1694 4792 C'eet
1719 4734 1918 4808 plutot
1969 4733 2027 4790 le
2075 4735 2230 4809 style

685 4858 707 4884 ι
740 4831 816 4888 de
846 4830 906 4887 la
933 4824 1179 4902 perinde
1208 4824 1312 4898 qui
1344 4823 1524 4879 euivit
1579 4822 1761 4891 l'exil,
1786 4823 2028 4897 joyeux.
2062 4823 2232 4898 ryth-

680 4946 710 4973 «
744 4920 966 4993 mique.
1018 4916 1158 4974 bien
1204 4912 1523 4986 approprie
1553 4912 1589 4968 a
1633 4910 1852 4985 i'usage
1880 4910 2224 4986 liturgique.

680 5038 709 5065 κ
741 5014 821 5070 De
852 5008 1008 5085 plus,
1061 5005 1151 5062 ies
1207 5018 1394 5075 coups
1450 5000 1608 5059 d'oeil
1666 5003 2078 5075 retrospectiss
2124 5021 2230 5061 eur

680 5129 709 5157 «ι
742 5100 1033 5160 l'histoire
1063 5094 1331 5156 d'tsrael.
1386 5093 1489 5166 qui
1550 5108 1614 5148 se
1673 5097 1948 5150 trouvent
1976 5094 2069 5163 ἢ.
2104 5099 2135 5150 7
2166 5100 2226 5151 et

678 5223 706 5248 .-
743 5196 1032 5256 suivunts,
1076 5193 1209 5244 sont
1246 5185 1380 5259 plus
1425 5200 1744 5242 commune
1771 5184 1925 5242 dans
1956 5185 2044 5242 les
2067 5204 2227 5243 com·

678 5311 708 5338 α
744 5282 1037 5359 positione
1090 5276 1269 5333 d'une
1328 5273 1574 5348 perinde
1624 5272 2021 5346 posterieure.
2068 5280 2132 5331 et
2159 5293 2223 5333 ee

675 5398 705 5428 ι
738 5374 1017 5430 trouvent
1041 5367 1077 5423 a
1107 5362 1282 5439 peine
1309 5361 1463 5419 dane
1490 5360 1583 5420 les
1611 5378 1894 5435 psaumee
1916 5361 1992 5420 de
2014 5363 2218 5422 David.

676 5488 705 5519 α
735 5465 894 5521 Nous
921 5455 1252 5516 concluone
1296 5451 1452 5509 donc
1498 5468 1616 5526 que
1669 5468 1739 5510 ce
1786 5468 2035 5526 psaume
2065 5457 2127 5511 et
2165 5454 2219 5512 le

668 5577 701 5609 α
734 5552 968 5611 suivant
992 5551 1132 5605 sont
1156 5542 1294 5618 plus
1321 5546 1558 5599 recente
1585 5558 1702 5615 que
1748 5541 1950 5613 David,
1978 5541 2034 5600 le
2066 5543 2219 5617 style

1726 232 1806 297 D.
1859 227 2060 296 ALB.
2116 224 2335 293 MAG.
2390 227 2596 296 0111).
2650 233 2944 300 PRAED.

2468 399 2554 465 Et
2616 401 2938 469 dividitur
3006 405 3320 474 Psalmus
3386 409 3456 475 in
3504 408 3671 476 duas
3708 415 3932 500 partes

2379 505 2804 594 principaleS.
2839 508 3098 588 Primo,
3143 514 3387 579 invitat
3416 514 3502 581 ad
3529 515 3936 583 benedicen-

2383 608 2547 677 dum
2580 610 2796 678 Deum
2828 617 3183 703 proprium
3214 620 3558 705 spiritum.
3590 622 3928 700 SecundO,

2381 717 2812 807 Angelicum‚
2849 729 2916 787 et
2956 742 3159 788 omne
3198 723 3405 789 simul
3454 736 3777 805 creatum,
3814 729 3933 805 ibi,

2382 836 2445 904 ᾗ.
2492 830 2619 897 20:
2658 855 2692 894 ι
2726 832 3116 899 Benedicite
3142 836 3470 902 Domino,
3511 863 3543 898 »

2473 933 2549 999 ln
2579 938 2802 1024 prima
2850 937 3170 1006 dicuntur
3227 942 3387 1009 duo.
3441 941 3701 1022 Primo,
3755 944 3936 1009 invi-

2383 1042 2548 1107 tatio
2598 1043 2842 1110 animae
2891 1048 3180 1135 propriae
3234 1048 3319 1114 ad
3368 1050 3929 1129 benedicendum,

2383 1153 2448 1212 et
2494 1145 2615 1213 Dei
2680 1146 3003 1217 beneficia
3060 1152 3524 1222 recolendum.
3586 1156 3928 1235 Secundo,

2379 1251 2717 1340 probatio,
2777 1256 2963 1346 quod
3009 1261 3583 1348 acquiescendum
3625 1272 3727 1331 est
3769 1286 3934 1354 per-

2379 1361 2723 1429 suasioni:
2793 1364 2903 1430 vel
2961 1366 3180 1455 magis
3238 1370 3664 1437 enumeratio
3718 1371 3935 1438 bene-

2378 1463 2714 1547 ficiorum,
2757 1479 3034 1558 propter
3072 1494 3226 1561 quae
3275 1473 3803 1553 benedicendus,
3867 1484 3934 1544 et

2378 1573 2958 1643 commendandus
2986 1584 3114 1656 est,
3153 1577 3274 1662 ibi,
3304 1586 3371 1654 ᾗ.
3407 1581 3487 1648 3:
3527 1607 3560 1647 ι
3608 1583 3745 1666 Qui
3764 1604 3924 1672 pro-

2369 1676 2692 1766 pitiatur.
2729 1709 2761 1740 ι

2464 1783 2541 1850 ln
2573 1786 2791 1875 prima
2829 1787 2990 1856 du0.
3037 1789 3296 1871 Primo,
3332 1793 3576 1862 invitat
3603 1795 3689 1862 ad
3725 1796 3927 1864 bene-

2372 1890 2756 1961 dicendum.
2795 1894 3137 1977 Secundo,
3170 1899 3257 1966 ad
3298 1900 3735 1970 recolendum
3800 1905 3925 1972 be-

2369 1999 2609 2066 neficia
2666 2022 2706 2067 a
2777 2001 3239 2074 benedicendo
3309 2016 3603 2100 recepta,
3664 2010 3782 2089 ibi,
3851 2011 3924 2077 in

2368 2105 2593 2174 medio
2623 2114 2685 2182 ὴ.
2731 2110 2812 2177 2:
2850 2138 2882 2170 «
2913 2111 3009 2176 Et
3036 2111 3189 2178 noli
3216 2112 3550 2182 oblivisci.
3600 2140 3634 2181 ι

2457 2211 2533 2280 In
2573 2216 2791 2303 prima
2836 2216 2997 2285 duo.
3061 2218 3325 2302 Primo,
3387 2223 3727 2291 invitatio.
3786 2220 3918 2290 Se-

2364 2320 2615 2401 cundo,
2665 2321 3083 2392 invitationis
3129 2326 3520 2405 inculcatio,
3569 2328 3687 2407 ibi,
3731 2336 3792 2405 5.
3828 2331 3911 2396 2:

2368 2454 2403 2495 ι
2438 2431 2748 2509 Benedic,
2782 2434 3045 2517 anima,
3102 2460 3135 2498 ι
3197 2435 3499 2505 secundo
3531 2437 3682 2506 loco
3731 2439 3922 2529 posi-

2362 2542 2536 2604 tum.

2454 2641 2530 2709 ln
2573 2646 2790 2735 prima
2817 2647 2978 2715 duo.
3014 2648 3276 2732 Primo,
3321 2651 3635 2720 invitatio
3669 2654 3912 2721 animae

2363 2749 2450 2817 ad
2477 2750 2892 2822 laudandum
2925 2755 2992 2823 in
3022 2779 3094 2824 sc
3115 2756 3539 2849 simpliciter.
3569 2758 3910 2837 Secundo.

2363 2880 2446 2925 ex
2486 2861 2644 2926 totis
2681 2861 2939 2930 viribus
2988 2863 3488 2948 universaliter,
3555 2867 3674 2946 ibi,
3730 2897 3761 2931 «
3811 2870 3909 2937 Et

2363 2965 2623 3034 omnia.
2662 2990 2696 3031 ι

2359 3338 2390 3367 α
2421 3323 2482 3373 et
2537 3317 2625 3376 les
2662 3319 2833 3375 traits
2879 3323 3204 3394 generaux,
3256 3340 3729 3398 pensons-nous.
3762 3325 3897 3382 doi-

2363 3426 2391 3457 ι
2419 3414 2557 3463 vent
2585 3408 2671 3465 les
2700 3409 2844 3465 faire
2892 3427 3109 3484 ranger
3145 3413 3336 3485 parmi
3369 3431 3519 3470 ceux
3549 3416 3651 3487 qui
3699 3415 3904 3471 [urent

2355 3500 2779 3570 «composesh
2827 3498 2885 3556 la
2919 3501 3001 3557 ssn
3049 3500 3125 3556 de
3176 3499 3358 3559 l'exil.
3395 3526 3424 3551 υ
3484 3503 3770 3561 Delitzsch
3820 3522 3898 3562 ne

2352 3588 2504 3646 croit
2533 3604 2638 3661 pas
2665 3605 2786 3645 non
2811 3588 2946 3661 ptus
2975 3593 3155 3662 qu'on
3190 3591 3394 3664 puisse
3430 3600 3705 3667 acceptet
3732 3594 3789 3651 le
3822 3594 3893 3650 ti·

2353 3684 2441 3736 tre
2471 3677 2716 3745 he'breu.
2743 3684 2805 3734 et
2833 3679 2905 3736 u.
2938 3678 2995 3734 le
3026 3680 3128 3736 Hir
3156 3696 3344 3753 pense
3373 3682 3521 3756 qu·il
3571 3682 3700 3740 faut
3725 3683 3896 3741 dater

2350 3769 2407 3826 le
2438 3783 2682 3842 psaume
2710 3765 2790 3824 du
2819 3774 3023 3825 retour
3047 3768 3122 3825 de
3148 3769 3207 3826 ln
3236 3770 3553 3843 captiviteg
3577 3769 3633 3828 le
3657 3772 3795 3829 titre
3814 3772 3899 3830 in·

2346 3855 2647 3928 diquerait
2699 3855 3040 3914 seulement
3092 3873 3209 3930 que
3266 3875 3420 3916 nous
3475 3876 3658 3918 avons
3691 3861 3748 3919 la
3778 3878 3896 3919 une

2346 3945 2642 4001 imitation
2670 3943 2778 4002 des
2823 3945 3037 4002 chants
3081 3944 3157 4003 de
3210 3947 3413 4004 David.
3453 3949 3530 4007 Ce
3560 3951 3893 4008 sentiment

2345 4050 2499 4092 noue
2525 4034 2716 4107 paruit
2742 4033 2800 4092 le
2821 4033 2955 4108 pius
2994 4034 3304 4109 probable.

2416 4127 2524 4183 Les
2567 4130 2817 4199 peneees
2859 4126 2939 4183 du
2972 4127 3287 4202 psalmisto
3315 4137 3424 4186 ont
3471 4140 3772 4189 rnrement
3798 4149 3896 4191 re-

2341 4216 2475 4274 νόω
2508 4234 2625 4273 une
2654 4217 2843 4275 forme
2875 4217 3009 4291 plue
3038 4217 3218 4276 noble
3268 4226 3331 4277 et
3354 4220 3493 4294 plus
3522 4223 3893 4296 pathetique.

2341 4328 2371 4355 α
2411 4307 2489 4362 Ce
2519 4321 2787 4379 [mantne.
2828 4303 2952 4362 l'un
2981 4304 3089 4363 dee
3128 4306 3267 4380 plue
3322 4307 3516 4366 beaux
3567 4308 3641 4366 de
3685 4311 3885 4380 David,

2339 4416 2370 4445 α
2401 4394 2491 4451 dit
2544 4394 2601 4451 la
2637 4398 2832 4468 Harpe
2880 4411 2954 4454 en
2989 4395 3109 4452 tete
3137 4394 3213 4453 de
3243 4413 3310 4454 aa
3341 4397 3699 4468 traduction.
3750 4407 3893 4475 peut

2338 4506 2367 4532 t«
2402 4481 2696 4556 e'appeler
2749 4482 2806 4540 le
2860 4484 3144 4558 cautique
3186 4483 3295 4542 dee
3354 4486 3775 4548 misericordes
3801 4492 3885 4549 du

2337 4592 2368 4622 οι
2398 4570 2703 4646 seigneur.
2762 4573 2922 4629 Eitea
2978 4572 3149 4630 n'ont
3191 4571 3418 4647 jamnis
3456 4577 3552 4634 ete
3580 4576 3887 4638 celebreee

2335 4682 2368 4714 a
2397 4660 2533 4718 d'un
2561 4666 2663 4720 ton
2719 4662 2857 4744 plue
2885 4662 3169 4733 sublime,
3200 4668 3262 4722 et
3279 4665 3506 4739 jamnis
3536 4668 3595 4725 le
3627 4670 3885 4727 sublime

2341 4770 2366 4802 ι
2399 4752 2495 4809 n'a
2550 4753 2645 4809 ete
2702 4751 2838 4825 plue
2892 4753 3203 4812 touchant.
3238 4776 3267 4805 υ
3311 4756 3489 4814 Ausei
3539 4764 3695 4815 cette
3729 4758 3883 4817 belle

2333 4841 2531 4913 priere
2557 4841 2795 4899 est-elle
2826 4858 2946 4899 une
2973 4841 3048 4899 de
3076 4842 3277 4902 cellen
3316 4846 3420 4918 qui
3477 4854 3619 4905 cont
3656 4850 3884 4907 reeteee

2332 4927 2390 4986 le
2420 4930 2556 5003 plue
2584 4930 2844 4989 viventes
2899 4931 3052 4991 dans
3106 4932 3165 4989 le
3218 4934 3506 5007 psautier.
3539 4940 3601 4993 et
3636 4935 3690 4992 te
3719 4955 3884 4996 eoeur

2330 5020 2601 5078 chretien
2630 5020 2825 5079 nurait
2846 5021 3022 5096 peine
3048 5023 3084 5079 a
3114 5029 3353 5080 trouver
3381 5041 3498 5082 une
3528 5030 3874 5100 expression

2328 5109 2465 5185 plus
2495 5111 2880 5186 evangelique
2909 5119 2971 5170 et
2995 5113 3129 5187 plus
3157 5114 3522 5172 affectueuse
3571 5114 3645 5173 de
3686 5136 3753 5175 sa
3781 5136 3877 5176 re·

2327 5200 2782 5265 connaissance.
2817 5202 3371 5276 particutierement
3400 5205 3602 5276 quand
3634 5206 3674 5262 il
3720 5208 3881 5266 vient

2326 5287 2402 5345 de
2432 5290 2698 5347 recevoir
2727 5288 2781 5347 le
2809 5289 3041 5364 pardon
3077 5289 3151 5347 de
3184 5307 3283 5348 ees
3312 5291 3557 5365 peones.

3254 5552 3296 5606 11
3309 5595 3322 5605 .
3359 5553 3620 5611 Liseus.
