5008 6329
391 5458 521 5531 44

632 324 763 391 264

633 493 858 576 Quare
884 508 959 566 tu
994 521 1273 566 enarras
1311 496 1639 587 justitias
1695 523 1881 568 meas
1914 500 1955 568 f)
1999 501 2174 569 Pro-

626 607 774 688 pter
800 606 1119 693 temporis
1150 606 1767 694 importunitatem,
1811 607 2016 676 Eccli.
2050 632 2168 687 xx,

626 709 709 773 22
753 731 769 774 :
802 712 917 776 Es·
944 733 1055 776 ore
1079 713 1270 798 fatui
1297 713 1780 804 reprobabitur
1790 715 2165 807 parabola,

625 838 761 882 non
807 818 980 882 enim
1040 817 1208 883 dicit
1261 819 1466 887 illam
1516 824 1589 890 in
1653 833 1952 914 tempore
2013 844 2164 888 suo,

622 921 908 1012 Propter
951 926 1163 993 aetatis
1220 927 1798 999 insufficientiam.
1847 928 2027 995 Hinc
2073 927 2172 994 di-

622 1026 815 1095 cebat
837 1028 1164 1102 Jeremias
1192 1035 1263 1102 in
1301 1038 1661 1127 principio,
1702 1036 1956 1103 Jerem.
2005 1057 2053 1117 1,
2098 1035 2163 1112 6,

622 1155 777 1201 cum
815 1136 896 1204 ad
923 1139 1423 1228 praedicandum
1478 1143 1887 1220 mitteretur,
1947 1140 2168 1208 sciens

622 1246 805 1335 quod
833 1250 1323 1339 reprobaretur,
1361 1252 1608 1319 nisiex
1675 1248 1950 1342 speciali
2007 1272 2169 1341 gra-

616 1354 712 1421 tia
753 1376 769 1423 t
810 1358 895 1440 A,
936 1382 1003 1437 a,
1038 1381 1104 1437 a,
1138 1360 1432 1426 Domine
1476 1362 1667 1428 Deus
1714 1381 1959 1427 meus:
2028 1381 2170 1427 ecee

617 1462 837 1530 neseio
860 1464 1073 1553 loqui,
1106 1466 1273 1555 quia
1301 1489 1485 1557 puer
1512 1490 1636 1558 eqo
1664 1490 1844 1535 sum.
1878 1466 2168 1556 Propter

619 1568 1182 1653 incredulitatem,
1246 1575 1421 1642 sicut
1483 1576 1557 1642 in
1593 1574 1943 1653 Zacharia,
1975 1580 2167 1664 patre

614 1673 918 1762 somnis,
951 1677 1199 1747 factum
1230 1688 1352 1761 est,
1399 1682 1565 1751 Luc.
1598 1705 1647 1763 1,
1681 1683 1767 1751 20
1803 1705 1819 1749 :
1860 1684 1959 1748 Et
1994 1683 2169 1748 Ecce

616 1784 747 1852 eris
774 1794 1018 1867 tacens,
1050 1798 1113 1854 et
1141 1792 1300 1877 jnon
1347 1790 1609 1880 poteris
1667 1790 1974 1879 loqui,...
2035 1809 2165 1878 pro

615 1915 689 1960 eo
719 1895 906 1984 quod
919 1919 1053 1964 non
1091 1898 1441 1965 credidisti
1477 1898 1698 1967 verbis
1736 1899 1926 1966 meis.
1990 1896 2168 1964 Pro-

621 2008 772 2090 pter
819 2002 1235 2072 audientium
1285 2003 1649 2085 malitiam,
1681 2003 2018 2074 Ezechiel.
2063 2027 2162 2084 ιιι,

617 2107 754 2175 26:
802 2110 1147 2200 Linquam
1202 2121 1396 2179 tuam
1469 2112 1817 2181 adliaerere
1868 2113 2159 2202 faciam,

609 2211 853 2305 palato
891 2225 1031 2296 tue,
1063 2226 1126 2285 et
1163 2219 1295 2287 eris
1321 2228 1670 2304 mutus,...
1714 2219 1882 2310 quia
1920 2208 2165 2286 domus

616 2344 1022 2415 exasperans
1048 2334 1165 2392 est.
1201 2325 1332 2394 Isa.
1367 2349 1436 2410 v,
1472 2327 1512 2393 6
1556 2345 1575 2396 z
1607 2324 1929 2396 Nubibus
1974 2348 2164 2394 man-

614 2430 790 2500 dabo
828 2455 910 2501 ne
937 2432 1194 2525 pluant
1217 2457 1425 2526 super
1464 2456 1619 2503 eam
1667 2433 1978 2503 imbrem.

700 2672 735 2714 ι
772 2649 950 2735 Quia
997 2650 1068 2717 in
1100 2647 1425 2739 judiciis.
1465 2678 1499 2714 »ι
1530 2649 1704 2720 Ecce
1735 2652 1909 2720 ratio
1950 2672 2162 2743 quare

609 2754 706 2822 sie
734 2763 887 2846 peto
916 2753 1094 2846 quod
1125 2778 1266 2824 non
1305 2755 1598 2836 auferas„
1634 2762 1703 2825 et
1749 2754 1957 2825 debes
2020 2777 2161 2825 non

610 2862 869 2932 auferre
901 2884 918 2932 ε
963 2889 1001 2927 σε
1035 2864 1215 2949 Quia
1257 2890 1293 2927 n
1324 2886 1464 2933 non
1497 2864 1566 2931 in
1596 2886 1734 2943 me,
1760 2886 1884 2933 nec
1924 2864 1995 2932 in
2026 2862 2162 2932 811-

611 2992 747 3062 quo
777 2968 910 3038 alio
940 2968 1239 3050 homine,
1274 2970 1396 3039 sed
1437 2997 1467 3034 α
1496 2971 1567 3038 in
1594 2970 1900 3061 judiciis
1928 2971 2095 3054 tuis,
2121 2993 2156 3037 s

611 3077 856 3172 quibus
902 3075 1266 3170 aliquando
1297 3077 1602 3172 flagellas
1641 3101 1779 3157 me,
1833 3102 1868 3144 ι
1915 3100 2161 3171 super-

607 3186 897 3278 speravi,
932 3210 966 3253 ι
999 3206 1135 3254 non
1167 3192 1433 3255 tantum
1464 3187 1764 3279 speravi,
1807 3186 1971 3279 quia
2000 3183 2160 3256 inde

609 3291 830 3382 majus
858 3291 1109 3383 aliquid
1145 3295 1558 3385 exspectavi.
1600 3291 1762 3375 Job,
1817 3315 1965 3378 xm,
2020 3294 2100 3361 15
2136 3313 2153 3361 ε

609 3401 911 3469 Etiamsi
942 3401 1258 3470 occiderit
1304 3425 1433 3488 me,
1495 3402 1571 3471 in
1629 3406 1778 3497 ipso
1840 3400 2152 3496 sperabo,

611 3504 792 3574 Psal.
824 3528 1008 3588 xxvi,
1039 3508 1078 3576 3
1114 3529 1129 3574 ε
1172 3508 1257 3578 Si
1290 3516 1623 3599 exsurqat
1658 3508 2024 3579 aduersum
2054 3531 2160 3577 me

604 3614 954 3709 proelium,
998 3617 1066 3683 in
1095 3615 1223 3685 hoe
1251 3639 1373 3708 eqo
1417 3616 1707 3710 sperabo
1739 3642 1763 3687 .·
1811 3619 1973 3712 quia
2034 3641 2159 3688 su-

612 3743 735 3815 pra
759 3722 1170 3815 condignum
1199 3723 1513 3816 sperab0.
1538 3724 1650 3794 Ad
1676 3724 1972 3796 Roman.
2006 3748 2156 3807 vm,

618 3834 700 3902 18
743 3854 760 3901 z
791 3833 942 3902 Non
969 3842 1131 3901 sunt
1166 3834 1521 3927 condiqnae
1546 3837 1909 3929 passiones
1942 3835 2164 3927 liujus

618 3939 938 4032 temporis
980 3939 1078 4008 ad
1097 3942 1419 4032 suturam
1446 3941 1754 4033 qloriam
1794 3966 1947 4037 quae
1973 3966 2166 4014 reve-

620 4041 882 4114 labitur
908 4044 979 4114 in
1014 4043 1231 4114 nobis.
1256 4044 1412 4132 Vel,
1444 4047 1968 4141 supersperabo,
2002 4049 2165 4141 quia

615 4175 756 4223 non
784 4161 1045 4222 tantum
1072 4151 1388 4246 sperabo,
1421 4153 1540 4223 sed
1570 4153 1945 4248 gloriabor,
1979 4155 2165 4249 quod

617 4272 720 4332 est
754 4261 926 4355 plus.
969 4260 1073 4329 Ad
1128 4260 1421 4331 Roman.
1488 4285 1562 4344 v,
1605 4263 1697 4332 3:
1759 4264 2170 4336 Gloriamur

621 4369 691 4438 in
714 4368 1299 4449 tribulationibus,
1339 4371 1622 4440 scientes
1657 4369 1851 4464 quod
1872 4371 2171 4442 tribula·

623 4477 720 4546 tio
743 4476 1152 4569 patientiam
1192 4487 1540 4571 operatur.
1591 4476 1750 4560 vel,
1800 4502 2170 4573 superspe-

625 4588 770 4657 ravi
799 4589 869 4656 in
888 4586 1158 4678 judiciis
1182 4589 1365 4657 tuis:
1409 4587 1661 4658 timens
1697 4590 1884 4660 enim
1913 4590 2174 4681 judicia

626 4706 768 4781 tua,
800 4696 1084 4788 gratiam
1131 4697 1464 4767 custodivi
1500 4720 1519 4768 z
1559 4699 1772 4769 timor
1816 4700 2003 4769 enim
2045 4722 2174 4771 cu-

627 4802 834 4872 stodit
870 4801 1047 4872 bona
1075 4805 1145 4872 in
1173 4805 1426 4887 anima,
1459 4814 1529 4876 et
1556 4809 1893 4900 reprimit,
1920 4817 1992 4879 et
2007 4831 2173 4880 con·

627 4916 873 4989 servat,
914 4911 1112 4980 etsie
1163 4933 1249 4981 ex
1303 4915 1752 5006 consequenti
1806 4937 1929 5008 per
1980 4939 2173 5010 spem

628 5016 960 5102 sublevat,
990 5025 1059 5089 et
1098 5018 1198 5090 sic
1235 5019 1381 5113 ipse
1435 5022 1647 5092 timor
1706 5046 1901 5118 spem
1974 5047 2178 5118 gene·

630 5135 757 5196 rat.

1627 331 1713 397 D.
1765 330 1968 398 ALB.
2023 330 2240 398 MAG.
2295 330 2501 399 ORD.
2559 329 2858 399 PRAED.

2287 500 2395 569 hic
2436 502 2727 592 gratiam
2758 509 2995 569 stenue
3027 497 3376 589 operandi,
3420 501 3576 586 quia
3607 519 3839 587 perse-

2283 618 2603 678 veranter
2645 633 2659 677 :
2698 617 2763 678 et
2792 610 3110 678 dicuntur
3147 606 3304 674 due.
3352 604 3610 681 Primo,
3672 606 3841 692 petit

2283 716 2572 806 gratiam
2623 717 2947 807 operandi
2998 719 3524 807 perseveranter.
3573 709 3837 776 Secun-

2282 823 2687 912 d0,exponit
2715 823 2797 890 de
2828 846 2962 913 qua
2994 819 3493 913 perseverantia
3523 816 3832 893 intendit,

2282 930 2402 1010 ibi,
2450 954 2483 995 α
2520 933 2601 997 In
2648 931 3004 998 saeculum.
3044 955 3076 996 n

2368 1036 2486 1104 Ait
2518 1038 2698 1105 enim
2757 1059 2773 1104 :
2826 1035 2942 1104 Sic
2974 1037 3137 1127 petii
3181 1045 3257 1104 ut
3306 1036 3523 1127 gratia
3578 1034 3664 1102 ad
3722 1056 3833 1101 re-

2280 1142 2759 1234 spondendum
2825 1144 3046 1228 detur,
3114 1151 3180 1211 et
3253 1165 3392 1210 non
3437 1141 3827 1210 auferatur:

2282 1275 2316 1317 α
2356 1255 2456 1320 E't
2484 1279 2520 1316 n
2564 1253 2769 1321 etiam
2802 1274 2994 1344 rogo,
3023 1277 3056 1318 α
3089 1250 3494 1327 custodiam,
3538 1276 3570 1310 ι)
3608 1248 3676 1315 id
3705 1256 3831 1331 est,

2279 1360 2620 1430 custodire
2677 1359 2848 1428 mihi
2895 1360 3115 1446 detur,
3192 1357 3372 1450 quod
3419 1358 3546 1424 erit
3576 1357 3631 1422 si
3692 1377 3830 1422 non

2279 1466 2645 1535 abstuleris
2685 1465 3000 1546 verbum,
3059 1492 3093 1528 α
3150 1463 3363 1555 leqem
3412 1473 3605 1530 tuam
3651 1483 3830 1528 sem-

2269 1598 2421 1665 per,
2468 1599 2500 1640 »
2562 1573 2785 1666 legem
2868 1572 3125 1641 scilicet
3212 1571 3556 1639 charitatis
3623 1592 3827 1660 quam

2278 1682 2593 1771 superius
2623 1679 2793 1747 mihi
2824 1679 2988 1771 poni
3026 1678 3189 1769 petii
3224 1697 3240 1747 ε
3276 1684 3342 1745 et
3365 1676 3495 1745 hoc
3534 1706 3565 1738 α
3599 1677 3669 1743 in
3697 1700 3829 1743 sae-

2276 1788 2512 1856 culum
2547 1814 2582 1854 n
2669 1787 3181 1857 consecutivum
3227 1814 3261 1850 «
3298 1784 3556 1853 saeculi.
3606 1809 3641 1849 n
3701 1782 3827 1850 Ex-

2275 1897 2470 1986 ponit
2508 1895 2693 1987 quod
2723 1895 2984 1964 dixerat
3008 1917 3292 1986 semper.
3364 1890 3689 1961 Proverb.
3725 1915 3820 1976 ιιι,

2276 2004 2356 2070 21
2400 2001 2745 2072 :Custodi
2783 2002 3000 2093 leyem
3061 2021 3284 2070 meam
3341 2011 3551 2092 atque
3604 2001 3830 2067 consi-

2277 2112 2480 2192 lium,
2516 2122 2581 2180 et
2608 2120 2810 2180 erunt
2844 2111 2990 2179 vita
3046 2111 3295 2178 animae
3350 2120 3506 2178 tuae.
3557 2108 3674 2177 Est
3712 2130 3829 2176 au-

2273 2227 2414 2288 tem
2448 2217 2594 2288 haec
2632 2217 2939 2288 custodia
2987 2240 3109 2310 per
3154 2215 3586 2285 dilectionem
3632 2240 3648 2284 ε
3711 2216 3825 2306 qui

2275 2327 2462 2395 enim
2494 2325 2702 2395 habet
2730 2333 2796 2395 et
2826 2324 3123 2394 custodit
3151 2322 3573 2406 charitatem,
3606 2321 3827 2414 legem

2271 2442 2461 2504 tuam
2499 2434 2818 2505 custodit.
2865 2432 3172 2525 Sapient.
3205 2455 3298 2511 vt,
3339 2433 3418 2501 19
3447 2456 3462 2501 :
3490 2432 3830 2501 Dilectio?

2270 2543 2585 2613 custodia
2643 2543 2877 2636 lequm
2942 2541 3144 2611 illius
3195 2551 3314 2611 est.
3373 2540 3480 2609 Ad
3529 2540 3820 2609 Roman.

2270 2673 2415 2729 xm,
2456 2652 2538 2721 10
2573 2673 2590 2719 :
2631 2649 3012 2722 Plenitudo
3046 2650 3217 2741 leqis
3244 2658 3344 2718 est
3388 2647 3688 2717 dilectio.

2365 2997 2400 3033 α
2430 2970 2528 3039 Et
2562 2959 3040 3038 ambulabam.
3089 2996 3124 3032 n
3176 2965 3307 3036 1110
3362 2974 3464 3035 est
3526 2965 3820 3035 secunda

2265 3099 2424 3173 pars
2459 3075 2667 3171 hujus
2714 3076 3074 3158 octonarii,
3134 3077 3205 3144 in
3265 3097 3401 3169 qua
3445 3075 3817 3146 secundum

2266 3186 2582 3256 Glossam
2611 3183 3152 3280 gratulabundus
3178 3185 3540 3255 confitetur
3565 3208 3636 3253 se
3665 3184 3821 3255 ade·

2264 3303 2459 3388 ptum
2489 3318 2638 3365 esse
2696 3294 2883 3388 quod
2954 3295 3173 3387 petiit.
3254 3293 3392 3363 Sed
3457 3295 3819 3364 adverten-

2265 3401 2429 3471 dum
2461 3401 2847 3496 diligenter,
2882 3400 3067 3494 quod
3122 3398 3424 3493 loquitur
3487 3400 3813 3479 Ecclesia,

2266 3537 2418 3609 quae
2466 3513 2541 3584 in
2604 3513 2748 3583 suis
2807 3510 3117 3605 partibus
3170 3511 3493 3604 praedicta
3551 3510 3816 3604 impleri

2264 3623 2483 3717 petiit,
2527 3629 2592 3692 et
2626 3629 2706 3691 ut
2730 3629 3007 3691 moveat
3030 3619 3357 3712 judicem,
3406 3629 3474 3688 et
3535 3642 3821 3712 persua-

2265 3728 2449 3810 deat,
2499 3724 2740 3799 recolit
2768 3733 3120 3819 tamquam
3151 3735 3368 3819 grata,
3402 3748 3554 3819 quae
3584 3727 3653 3793 in
3684 3724 3818 3793 ali-

2266 3835 2518 3931 quibus
2533 3836 2680 3927 jam
2719 3833 3001 3926 accepit,
3033 3830 3184 3902 aliis
3221 3832 3307 3902 ab
3337 3831 3470 3901 illis
3497 3855 3621 3925 pro
3659 3832 3820 3925 qui-

2265 3946 2397 4015 bus
2414 3946 2562 4037 jam
2593 3945 2764 4038 petit
2801 3964 2820 4012 ε
2853 3950 2923 4012 01
2964 3949 3124 4011 sunt
3180 3941 3318 4012 duo
3373 3963 3525 4034 quae
3545 3943 3821 4011 conlite-

2265 4064 2381 4125 tur
2416 4076 2491 4124 se
2547 4053 2913 4146 accepisse,
2945 4074 3098 4145 quae
3135 4072 3341 4144 supra
3388 4051 3680 4143 petebat,
3710 4059 3821 4120 ta-

2269 4184 2430 4234 men
2460 4163 2533 4232 in
2553 4160 2705 4231 aliis
2724 4183 2799 4230 se
2832 4159 3174 4252 accepisse
3217 4158 3490 4239 fatetur,
3522 4180 3728 4251 quam
3752 4160 3821 4226 in

2270 4270 2407 4341 illis
2434 4289 2560 4362 pro
2589 4266 2840 4361 quibus
2882 4266 3101 4361 petiit.
3146 4265 3483 4346 Primum,
3529 4266 3828 4336 strenui-

2270 4385 2377 4449 tas
2414 4372 2834 4470 operationis
2894 4371 3122 4443 bonae.
3163 4370 3579 4453 Secundum,
3627 4371 3831 4441 auda·

2272 4489 2378 4560 cia
2406 4482 2908 4580 pradicationis
2949 4504 3156 4563 verae,
3207 4480 3327 4570 ibi,
3364 4488 3432 4560 ᾖ.
3464 4483 3552 4552 46
3593 4506 3611 4552 :
3646 4508 3681 4549 ι
3737 4484 3835 4552 Ει

2277 4593 2633 4691 loquebar.
2691 4618 2728 4662 s

2365 4703 2446 4773 In
2499 4702 2725 4798 prima
2770 4699 2937 4772 duo.
2996 4698 3260 4783 Primo,
3334 4701 3697 4771 confitetur
3759 4723 3831 4770 se

2277 4812 2570 4906 gratiam
2623 4808 2950 4903 operandi
3041 4809 3402 4900 accepisse.
3483 4807 3827 4888 Secundo.

2279 4919 2578 4991 ostendit
2609 4940 2818 5013 quare
2847 4915 3133 5009 accepit,
3167 4914 3287 4998 ibi,
3320 4942 3355 4984 ι
3379 4919 3519 5004 Qui
3545 4915 3836 4986 marida-

2277 5038 2354 5098 ta
2391 5037 2543 5098 tua.
2586 5052 2623 5096 s

2370 5136 2556 5209 Dicit
2582 5158 2747 5230 ergo
2780 5155 2799 5203 ε
2836 5132 2952 5205 Sic
2973 5133 3140 5227 petii
3177 5133 3431 5227 gratias
3483 5128 3609 5202 has
3663 5130 3833 5202 mihi

2282 5248 2429 5320 dari
2457 5269 2584 5343 pro
2613 5243 2958 5340 aliquibus
2986 5243 3314 5315 membris
3352 5265 3372 5315 t
3410 5269 3445 5310 ι
3495 5252 3562 5313 et
3587 5242 3840 5313 ambu-

2286 5355 2533 5426 labant
2571 5379 2606 5423 s
2639 5354 2786 5444 jam
2841 5378 2876 5420 ι
2915 5354 2991 5421 in
3036 5350 3432 5432 latitudine,
3477 5377 3514 5415 ι
3558 5352 3839 5421 manda·

731 5483 767 5520 α
802 5454 899 5525 Et
919 5453 1302 5526 custodiam
1333 5453 1549 5548 leqem
1579 5433 1802 5529 tuam.
1848 5485 1883 5529 s
1916 5460 2047 5533 1110
2081 5484 2185 5532 se·
2281 5472 2516 5536 torum
2570 5464 2644 5534 in
2696 5459 3107 5556 quibusdam
3140 5479 3158 5528 ε
3219 5459 3427 5542 unde,
3511 5460 3833 5542 Domine,

640 5563 935 5637 cundum
969 5563 1204 5656 primae
1247 5565 1481 5656 partis.
1542 5566 1922 5661 Postquam
1996 5572 2181 5642 enim
2284 5571 2420 5643 hoc
2448 5571 2659 5643 etiam
2713 5567 2908 5638 dabis
2961 5564 3136 5636 aliis.
3205 5562 3389 5634 Psal.
3448 5585 3617 5651 xvu,
3685 5567 3828 5636 37:

643 5674 836 5767 petiit
872 5672 1157 5766 gratiam
1211 5677 1486 5742 strenue
1532 5676 1946 5766 proferendi,
2012 5680 2185 5773 petit
2286 5678 2633 5750 Dilatasti
2688 5698 2963 5772 yressus
3024 5693 3208 5744 meos
3267 5670 3512 5744 subtus
3583 5698 3715 5757 me,
3774 5681 3839 5743 et

3949 2995 4079 3060 ⁴5
