5008 6329
804 2144 857 2205 ἵ

717 2241 937 2290 Secunda

666 2309 779 2356 para
789 2295 981 2343 Psalmi.

1755 423 2468 494 COMMENTARIUS
2522 422 2615 488 ΙΝ
2663 418 3103 489 PSALMUM
3156 416 3449 484 CXLVI.

1004 630 1038 666 α
1084 600 1470 669 humilians
1501 609 1730 668 autem
1775 623 1809 664 »
1853 605 1956 665 est
2006 625 2037 658 «
2074 602 2482 687 peccatorem,
2522 617 2556 655 n

1003 709 1330 778 immittes
1380 707 1753 776 mansuetis
1805 704 2203 779 contrarios,
2238 707 2304 766 et
2333 699 2555 765 immi·

1003 817 1398 895 sericordes,
1449 845 1482 878 «
1524 837 1734 905 usque
1772 812 1870 879 ad
1895 822 2169 886 terram,
2217 833 2250 872 ι)
2287 809 2357 874 in
2391 829 2564 898 prae-

1006 925 1204 1008 senti,
1248 933 1326 993 ut
1369 925 1517 1014 jam
1575 920 1746 989 nihil
1777 919 1907 985 nisi
1957 925 2223 985 terrena
2262 918 2557 1008 sapiant,

1002 1045 1068 1105 et
1107 1033 1503 1126 loquantur.
1538 1031 1670 1099 Isa.
1705 1051 1895 1108 xx1x,
1923 1028 2556 1111 4:Hu²niliabe²·i5,

1002 1142 1085 1211 de
1132 1152 1316 1210 terra
1366 1139 1687 1231 loqueris,
1747 1147 1812 1205 et
1858 1137 1941 1204 de
1982 1137 2190 1205 humo
2235 1136 2564 1204 audietur

1003 1253 1356 1345 eloquium
1395 1258 1617 1318 tuum.
1667 1244 1746 1315 In
1798 1248 2022 1316 futuro
2053 1269 2269 1337 usque
2317 1245 2404 1313 ad
2432 1266 2562 1335 ge-

1002 1360 1328 1430 hennam.
1384 1355 1528 1443 ‚Isa.
1603 1379 1757 1435 xw,
1802 1356 1892 1423 2:
1960 1353 2310 1424 Gloriosos
2368 1362 2563 1419 terrae

1001 1464 1414 1537 humiliabo.
1445 1462 1583 1533 Sed
1603 1471 1932 1557 quantum
1948 1463 1984 1530 ⁴?
2004 1460 2305 1543 lsa.xxv,
2331 1461 2439 1539 12,
2465 1458 2565 1526 di-

1004 1575 1225 1644 citur:
1263 1571 1872 1650 Humiliabuntur‚
1915 1579 1980 1637 et
2015 1568 2462 1636 detrahentur
2488 1567 2562 1633 in

1003 1693 1285 1763 terram,
1318 1704 1553 1751 veram
1603 1690 1670 1749 et
1734 1679 2075 1756 ultimam,
2123 1699 2273 1769 quae
2317 1675 2563 1745 estin-

1006 1790 1261 1859 fernuS.

1101 2131 1136 2168 α
1168 2103 1534 2173 Proeeinite
1608 2100 1929 2171 Domino.
2002 2125 2038 2165 ι
2085 2100 2213 2169 Hic
2260 2100 2563 2172 secunda

1010 2234 1165 2305 pars
1231 2210 1516 2294 Psalmi,
1592 2211 1660 2278 in
1710 2232 1847 2301 qua
1911 2208 2103 2300 quasi
2164 2209 2562 2300 pigritantes

1011 2323 1282 2405 excitat,
1326 2328 1394 2390 et
1425 2318 1511 2387 ad
1543 2316 1863 2386 laudandi
1898 2317 2176 2385 modurn
2209 2315 2558 2386 informat.

1012 2431 1248 2500 Primo
1297 2449 1462 2519 ergo
1502 2448 1659 2494 cum
1707 2424 2082 2493 intentione
2112 2425 2255 2492 sive
2315 2425 2564 2492 incita-

1012 2540 1194 2609 tione
1251 2535 1668 2604 informatio.
1722 2531 2062 2611 Secund0,
2117 2532 2289 2600 ratio
2333 2531 2566 2599 multi·

1011 2646 1171 2739 plex
1230 2665 1440 2736 quare
1489 2640 1894 2724 laudanduS,
1941 2637 2058 2719 ibi,
2098 2647 2162 2715 ᾗ.
2207 2641 2298 2707 8;
2356 2666 2388 2705 α
2427 2639 2569 2724 Qui

1011 2755 1229 2848 operit
1266 2752 1537 2822 coelum.
1575 2776 1611 2816 ι

1101 2860 1180 2931 In
1216 2863 1441 2954 prima
1507 2857 1666 2928 duo.
1738 2858 1998 2937 Primo,
2050 2858 2235 2951 quod
2282 2856 2564 2926 laudant

1011 2971 1263 3052 Deum,
1292 2969 1360 3037 in
1379 2966 1808 3037 confessione
1821 2966 2076 3056 peccati
2109 2965 2559 3056 pra-cedente.

1017 3077 1360 3158 Secundo,
1436 3074 1623 3169 quod
1688 3077 1756 3143 in
1819 3073 2004 3143 bono
2071 3096 2274 3166 opero
2322 3073 2570 3142 subse-

1012 3194 1290 3282 quente,
1322 3185 1441 3266 ibi,
1496 3211 1531 3249 α
1563 3183 1865 3253 Psallite
1892 3186 2058 3253 Deo.
2099 3212 2131 3245 »

1106 3295 1287 3366 Dicit
1315 3315 1480 3385 ergo
1515 3315 1531 3359 :
1569 3291 1684 3360 Sic
1708 3292 1944 3359 monui
1976 3290 2352 3360 adlaudern
2393 3292 2565 3360 Dei:

1017 3406 1135 3475 sed
1165 3404 1342 3497 pigri
1381 3404 1567 3479 estis,
1612 3410 1680 3472 et
1708 3403 1791 3471 de
1829 3400 2034 3470 modo
2064 3400 2345 3469 forsitan
2378 3399 2574 3468 dubi-

4101 420 4216 484 521

2677 588 3157 657 mandatorum
3199 584 3707 674 adimpletione.
3745 586 3885 654 Lex
3923 585 4105 654 enim
4146 586 4226 654 de

2678 699 2910 768 decem
2962 697 3302 766 mandatis
3341 704 3442 765 est
3473 698 3668 788 quasi
3708 696 3967 765 cithara
4003 698 4071 764 in
4112 696 4227 764 de-

2676 831 2823 876 cem
2878 806 3174 876 chordis.
3241 805 3485 895 Supra,
3533 806 3603 872 in
3641 802 3824 872 Psal.
3869 828 4071 884 xcvii,
4132 807 4224 872 5:

2676 916 2978 986 psallite
3020 917 3319 984 Domino
3374 915 3444 980 in
3492 913 3783 982 cithara.
3845 912 3973 980 Isa.
4035 936 4225 997 xxm,

2684 1026 2765 1092 16
2802 1045 2819 1093 t
2854 1025 3066 1094 Sume
3107 1022 3470 1099 citharam,
3507 1019 3730 1111 legem
3762 1019 3997 1088 decem
4028 1043 4229 1088 mans

2676 1133 3017 1202 datorum.
3062 1130 3196 1211 Qui
3246 1130 3318 1197 in
3383 1129 3511 1198 hac
3557 1128 3816 1197 cithara
3854 1127 4223 1213 citharizat,

2674 1238 2961 1311 dulciter
3007 1239 3154 1307 Deo
3203 1245 3452 1306 cantat.
3496 1236 3780 1328 Apocal.
3837 1260 3978 1319 xiv,
4013 1239 4051 1305 2
4090 1240 4228 1306 :Et

2674 1370 2899 1416 vocem
2929 1369 3142 1439 quam
3186 1345 3451 1429 audivi,
3493 1346 3668 1412 sicut
3696 1345 4219 1414 citharaedorum

2673 1455 3238 1524 citharizantium
3267 1455 3339 1520 in
3380 1452 3664 1521 citharis
3697 1452 3865 1521 suis.

2766 1806 2802 1842 α
2849 1779 2987 1864 Qui
3024 1778 3243 1869 operit
3279 1777 3548 1846 caelum.
3586 1801 3620 1840 n
3654 1777 3782 1845 Hic
3817 1779 4214 1862 secundum,

2673 1883 2930 1953 scilicet
2959 1906 3163 1953 causa
3192 1891 3258 1952 et
3286 1884 3456 1951 ratio
3498 1882 3594 1952 sic
3621 1881 3938 1952 laudandi
3967 1883 4214 1964 Deum,

2674 1993 2931 2074 scilicet
2993 1991 3483 2062 beneficiorum
3551 1992 3905 2076 exhibitio,
3974 1992 4219 2085 quibus

2673 2110 2859 2183 sunt,
2921 2110 2987 2172 et
3014 2124 3156 2171 non
3186 2101 3542 2180 exhibitio,
3588 2101 3834 2193 quibus
3864 2124 4003 2170 non
4067 2109 4223 2170 sunt

2675 2210 3081 2280 exhibenda.
3144 2209 3296 2278 Duo
3352 2232 3515 2301 crgo
3582 2209 3897 2277 dicuntur
3962 2211 4031 2277 in
4097 2209 4223 2277 hac

2677 2327 2888 2409 parte.
2927 2318 3190 2402 Primo,
3228 2317 3476 2410 quibus
3525 2317 3754 2409 qualia
3802 2317 4074 2387 exhibet
4099 2316 4225 2387 be-

2675 2426 2943 2507 neficia,
2988 2436 3055 2496 et
3094 2427 3342 2519 quibus
3408 2448 3571 2495 non.
3638 2425 3980 2506 Secunde,
4015 2449 4223 2520 quare

2675 2535 2971 2618 talibus,·
3013 2535 3134 2619 ibi,
3174 2543 3215 2612 ὲ
3267 2536 3338 2604 11
3388 2556 3402 2601 :
3480 2563 3513 2597 «
3574 2535 4092 2627 Beneplacitum
4131 2547 4226 2605 est

2673 2645 2998 2715 Domino.
3027 2668 3062 2710 »

2766 2752 2844 2839 In
2887 2752 3110 2843 prima
3157 2752 3316 2821 dun.
3361 2751 3622 2832 Primo,
3684 2775 3835 2844 quae
3899 2751 4226 2824 beneficia

2676 2859 2975 2932 exhibet.
3049 2858 3393 2940 Secunde,
3437 2859 3708 2952 quibus,
3771 2859 3891 2946 ibi,
3938 2869 4003 2939 7.
4071 2863 4149 2929 10
4201 2884 4219 2932 t

2680 2994 2714 3037 α
2742 2970 2896 3039 Non
2917 2969 2987 3036 in
3024 2967 3464 3058 fortitudine.
3501 2994 3536 3030 n

2765 3077 2845 3144 In
2892 3075 3113 3170 prima
3168 3077 3320 3145 tria.
3363 3075 3625 3157 Primo,
3684 3075 3997 3148 beneficii
4034 3078 4226 3171 spiri·

2676 3186 2881 3256 tualis
2911 3187 3343 3278 praeparatio,
3389 3187 3646 3257 scilicet
3692 3185 4218 3280 scripturarum.

2682 3293 3026 3373 Secundo,
3060 3291 3434 3384 corporalis
3465 3293 3821 3375 exhibitio,
3864 3296 3984 3375 ibi,
4021 3322 4053 3361 α
4092 3297 4228 3381 Qui

2675 3403 3023 3495 producit.
3060 3429 3093 3465 »
3144 3401 3397 3480 Tertio,
3443 3400 3774 3473 exhibitio
3829 3404 4220 3495 spiritualis»,

1018 3513 1203 3596 tatis,
1244 3519 1523 3603 propter
1560 3508 1692 3581 hoc
1716 3508 1914 3578 dico:
1966 3536 1998 3574 α
2043 3510 2407 3578 Praecinite
2433 3512 2575 3579 Do·
2683 3510 2802 3589 ibi,
2834 3518 2899 3588 5.
2942 3513 2985 3578 9
3028 3532 3044 3578 ε
3110 3539 3143 3574 «
3184 3513 3321 3598 Qui
3357 3511 3480 3579 dat
3524 3535 3744 3581 eseam
3786 3513 4153 3603 jumentis.
4189 3539 4224 3576 n

1025 3623 1233 3691 mino.
1271 3645 1308 3684 υ
1341 3617 1554 3700 Quasi
1584 3617 1836 3687 diceret
1867 3639 1883 3685 ε
1928 3616 2208 3686 Cantate
2246 3618 2419 3691 Deo,
2453 3614 2575 3684 sed

2776 3616 2853 3685 ln
2881 3618 3104 3708 prima
3137 3617 3301 3687 duo.
3344 3618 3603 3699 Primo,
3630 3620 3935 3689 veritatis
3982 3620 4233 3711 reposi-

1024 3728 1369 3822 praeoinite
1407 3753 1439 3791 α
1469 3727 1542 3795 in
1563 3726 1979 3817 consessione
2010 3751 2044 3787 ιι
2078 3725 2330 3815 pcccati
2366 3746 2381 3791 :
2416 3746 2579 3792 con·
2684 3725 2784 3793 tio
2813 3724 2885 3792 in
2928 3722 3321 3814 Scripturis.
3385 3724 3730 3808 Secundo,
3762 3728 3934 3796 ratio
3967 3734 4035 3797 et
4081 3726 4232 3794 linis

1030 3835 1344 3906 fessionis
1380 3834 1567 3902 enim
1606 3842 1711 3901 est
1765 3831 2164 3924 praecedere.
2224 3829 2573 3908 Judicum,
2689 3831 3124 3922 repositionis
3152 3830 3359 3911 illius,
3390 3832 3511 3916 ibi,
3550 3861 3582 3897 «
3607 3836 3705 3902 ΕΙ
3723 3845 3960 3926 parat.
3995 3860 4030 3902 »

1029 3969 1078 4024 ι,
1125 3945 1156 4013 1
1198 3965 1216 4013 :
1255 3942 1425 4029 Quis
1453 3940 1765 4011 ascendet
1801 3950 1960 4009 ante
1985 3964 2106 4009 nos
2133 3948 2372 4008 contra
2404 3939 2583 4009 clm-
2778 3936 2958 4004 Dicit
2987 3959 3152 4028 ergo
3183 3959 3198 4003 :
3237 3934 3353 4006 Sic
3401 3935 3499 4006 illi
3545 3941 3917 4028 praecinite,
3954 3965 3988 4008 α
4020 3942 4167 4033 qui,
4202 3967 4237 4004 n

1029 4073 1378 4131 nanaeum,
1429 4059 1493 4118 et
1557 4048 1686 4117 erit
1740 4047 1891 4115 dus:
1937 4046 2105 4115 belli
2162 4046 2204 4115 1⁷
2246 4047 2587 4138 Dixitque
2692 4042 2761 4112 id
2789 4052 2916 4127 est,
2950 4044 3112 4136 quia
3133 4042 3271 4123 ille,
3322 4072 3355 4107 «
3397 4047 3616 4137 operit
3644 4046 3917 4129 coelum,
3953 4076 3986 4110 ιι
4036 4070 4242 4117 sacrae

1033 4159 1376 4228 Dominus
1421 4180 1446 4226 .·
1500 4155 1725 4225 ,Iudas
1788 4154 2120 4223 ascendet.
2191 4153 2276 4222 Et
2335 4154 2585 4222 Gcncs.

1032 4288 1215 4349 xcvi,
1257 4266 1369 4345 28,
1409 4260 1623 4333 Jacob
1663 4270 1818 4331 ante
1856 4284 1928 4331 se
1973 4261 2301 4352 praemisit
2332 4259 2587 4329 Judam

1028 4373 1115 4443 ad
1160 4369 1442 4463 Joseph.
1479 4369 1508 4438 1
1555 4366 1869 4438 Machab.
1911 4391 1982 4451 n,
2016 4369 2101 4437 66
2135 4389 2151 4438 :
2180 4368 2407 4437 ludas
2425 4371 2593 4438 Ma-

1028 4480 1450 4551 eliabaeus...
1506 4479 1603 4548 sit
1649 4475 1839 4546 vobis
1891 4476 2213 4569 princeps
2286 4474 2584 4544 militiae.

1029 4586 1359 4657 Proverb.
1419 4608 1613 4672 xvm,
1657 4585 1738 4654 17
1775 4607 1791 4653 ε
1841 4586 2082 4654 Justus
2110 4584 2312 4675 prior
2348 4591 2446 4650 est
2481 4604 2593 4649 ac·

1029 4703 1303 4765 cusator
1318 4694 1457 4762 sui.

1118 4935 1153 4974 α
1211 4903 1514 4978 Psallite
1552 4907 1723 4975 Deo.
1772 4931 1802 4969 n
1870 4904 1999 4974 llic
2052 4901 2456 4984 secundum,
2518 4903 2588 4970 in

1028 5039 1165 5111 quo
1213 5022 1452 5083 monet
1507 5012 1787 5082 laudare
1844 5013 2047 5082 etiam
2102 5010 2284 5079 bona
2333 5032 2590 5103 opera-

1036 5123 1246 5193 stone.

1117 5230 1330 5313 Quasi
1367 5229 1620 5299 diceret
1661 5249 1678 5299 ε
1716 5228 1832 5299 Sic
1868 5230 2055 5321 prius
2103 5236 2381 5319 peccata
2414 5250 2586 5298 con-

1026 5340 1340 5427 fitemini,
1390 5346 1456 5409 et
1500 5336 1802 5418 laudate,
1839 5344 1904 5407 et
1945 5345 2098 5428 post
2130 5364 2165 5401 α
2191 5336 2512 5428 psallite,
2548 5362 2583 5400 n

1025 5448 1287 5517 bonum
1326 5444 1731 5539 operamini,
1754 5441 1883 5513 hoc
1911 5452 2011 5513 est
2038 5444 2221 5512 enim
2251 5444 2591 5512 veraciter

1025 5553 1353 5645 psallere:
1388 5561 1457 5623 et
1485 5550 1643 5637 hoc,
1680 5578 1713 5615 «
1749 5551 1819 5618 in
1843 5550 2134 5634 cithara,
2170 5575 2205 5617 »
2240 5551 2312 5619 in
2344 5549 2581 5620 decem

1101 5785 1228 5846 ¹01.
1259 5785 1583 5861 Aponi-v,
1614 5788 1640 5843 1
1677 5791 1739 5844 et
1793 5800 1945 5860 seq„
1991 5783 2066 5845 do
2095 5784 2252 5845 libro
2290 5785 2546 5861 signato.

2696 4150 3067 4244 Scripturae
3114 4154 3501 4232 veritatem,
3559 4154 3628 4222 in
3660 4178 3796 4248 qua
3846 4155 4011 4227 latet
4061 4157 4244 4227 Deus

2697 4269 3049 4352 tamquam
3071 4259 3142 4329 in
3162 4260 3357 4343 coeln,
3382 4288 3414 4327 α
3449 4262 3774 4345 nabibus,
3808 4293 3841 4327 ιι
3864 4288 4247 4337 sacramen·

2695 4367 2945 4436 talibus
2961 4365 3216 4439 scilicet
3256 4367 3515 4461 figuris.
3540 4369 3743 4450 Quod
3772 4375 3955 4442 enim
3995 4373 4243 4443 coelum

2695 4477 2783 4544 sit
2818 4476 3069 4545 veritas
3118 4476 3650 4569 Scripturarum,
3692 4479 4003 4562 habetur,
4056 4483 4249 4576 Apo-

2695 4582 2824 4653 cal.
2857 4606 3006 4666 vin,
3029 4585 3112 4653 13
3148 4607 3165 4653 ε
3196 4585 3459 4655 Audivi
3500 4609 3724 4670 vocem
3756 4591 3963 4659 unius
3991 4591 4247 4684 aquilae

2696 4690 2998 4762 volantis
3017 4715 3149 4783 per
3182 4693 3488 4762 medium
3519 4693 3696 4764 coeli.
3742 4695 3878 4765 Sed
3906 4697 4248 4767 Dominus

2697 4800 2829 4869 hoc
2856 4797 3102 4870 coelum
3128 4799 3424 4870 nubibus
3454 4804 3696 4894 operit.
3733 4802 3862 4873 lsa.
3899 4828 3959 4885 L,
3996 4808 4035 4875 3
4079 4829 4095 4875 :
4136 4808 4249 4876 In-

2702 4910 2918 4979 duam
2938 4909 3140 4979 coelos
3168 4911 3482 4980 tenebriS.
3523 4911 3682 4992 Job,
3717 4937 3950 4994 xxxvi,
3987 4917 4070 4984 32
4107 4939 4122 4984 :
4162 4918 4245 4985 In

2699 5016 3019 5086 ”carnibus
3047 5017 3403 5088 abscondit
3426 5019 3671 5105 lucem,
3705 5031 3768 5088 et
3788 5023 4104 5114 praecipit
4133 5023 4250 5092 illi

2697 5135 2775 5193 ut
2789 5147 3028 5193 rursus
3056 5126 3408 5197 adveniat.
3431 5127 3696 5197 Daniel.
3719 5150 3843 5213 κη,
3868 5129 3910 5196 4
3944 5129 4248 5200 :Claude

2691 5255 3054 5314 sermoneS,
3087 5245 3151 5303 et
3186 5236 3391 5327 siqua
3415 5234 3674 5305 librum
3714 5258 3926 5327 usque
3962 5237 4059 5305 ad
4083 5248 4242 5308 tem·

2683 5364 2823 5435 pas
2857 5351 3202 5411 statutam
3244 5346 3290 5412 ¹.

2787 5476 2820 5517 ι
2843 5453 2939 5519 E't
2958 5461 3199 5544 parat.
3227 5477 3262 5515 n
3295 5450 3427 5520 Ilio
3472 5449 3871 5519 secundum.
3905 5450 4114 5533 Quasi
4147 5451 4245 5521 di·

2692 5566 2874 5629 ceret
2899 5580 2915 5626 ε
2944 5555 3060 5627 Sic
3084 5560 3405 5629 veritates
3436 5558 3507 5626 in
3535 5580 3728 5627 sacra
3753 5557 4111 5651 Scriptura
4138 5580 4242 5628 re·
