5008 6329
1893 245 2611 316 COMMENTARIUS
2657 243 2752 312 IN
2795 240 3231 313 PSALMUM
3282 237 3522 309 CXIII.

1128 415 1288 491 Deo,
1320 411 1540 478 honor
1585 422 1648 479 et
1693 413 1931 504 qloria
1980 419 2053 484 in
2087 418 2345 485 saecula
2405 417 2696 484 saeculo-

1128 537 1308 586 rum.
1335 518 1554 585 Amen
1578 539 1622 586 ¹.
1656 520 1767 602 Et,
1802 523 2089 615 Apocal.
2130 548 2200 608 v,
2248 524 2329 591 13
2366 547 2381 590 :
2415 522 2696 591 Sedenti

1130 625 1198 690 in
1239 626 1483 694 tlzrono
1515 640 1578 696 et
1615 633 1842 722 Aqno,
1882 633 2283 711 benedictio,
2330 643 2395 699 et
2447 632 2687 709 honor,

1130 744 1192 801 εἰ
1214 735 1476 824 θῖθνία,
1529 750 1593 808 εἰ
1632 754 1947 834 potestas
2006 744 2080 808 in
2117 741 2373 808 saecula
2414 738 2694 806 saeculo·

1130 862 1310 907 rum.

1205 1186 1239 1228 α
1263 1162 1489 1253 Super
1516 1163 2016 1230 misericordia.
2056 1187 2090 1227 n
2126 1161 2256 1230 Hic
2283 1161 2683 1238 secundum,

1130 1268 1198 1335 in
1238 1291 1376 1360 quo
1418 1277 1486 1337 et
1513 1291 1719 1359 super
1748 1290 1886 1359 quo
1927 1268 2077 1337 vult
2133 1269 2264 1359 ipsi
2323 1289 2686 1360 procurare

1126 1374 1443 1463 gloriam,
1480 1382 1547 1441 et
1594 1397 1735 1442 non
1782 1375 2011 1458 nobis,
2048 1379 2214 1467 quia
2273 1397 2480 1466 super
2510 1374 2687 1442 duo-

1124 1481 1252 1550 bus
1295 1503 1310 1548 :
1351 1506 1385 1547 α
1437 1482 1665 1573 Super
1695 1484 2197 1559 misericordia,
2238 1509 2272 1550 n
2314 1482 2537 1551 bonos
2574 1482 2687 1550 ad-

1028 1671 1041 1676 Ἰ
1122 1598 1437 1670 vocante,
1476 1616 1510 1657 α
1542 1600 1607 1659 et
1635 1616 1843 1683 super
1882 1593 2194 1671 veritate,
2233 1617 2267 1658 n
2304 1614 2427 1660 seu
2473 1592 2686 1681 justi-

1121 1698 1240 1779 tia,
1281 1698 1503 1768 malos
1545 1702 1901 1791 puniente.

1207 1806 1327 1874 Ait
1355 1807 1540 1875 enim
1573 1828 1590 1876 ε
1629 1806 1746 1876 Sic
1777 1808 1946 1890 dixi,
1982 1816 2058 1877 ut
2086 1831 2229 1877 non
2258 1806 2686 1876 detur'nobis

1120 1910 1365 2002 gloria,
1408 1912 1530 1982 sed
1585 1921 1655 1982 et
1692 1911 1829 1983 hoc
1878 1939 1912 1981 α
1969 1937 2178 2006 super
2213 1913 2683 1982 misericordia

1121 2026 1269 2101 tua,
1308 2047 1341 2082 n
1376 2043 1513 2111 qua
1538 2030 1820 2091 vocatos
1867 2022 1955 2091 ad
2002 2021 2209 2091 fidem
2259 2020 2679 2090 convertisti.

1115 2125 1226 2194 Ad
1260 2126 1392 2196 Tit.
1428 2151 1525 2208 m,
1568 2131 1608 2197 5
1650 2151 1666 2195 τ
1709 2131 1866 2198 Non
1897 2153 1983 2198 ea:
2011 2129 2331 2222 operibus
2347 2128 2678 2219 justitiae,

1120 2255 1270 2324 quae
1325 2234 1622 2322 lecimus
1685 2259 1843 2320 nos,
1904 2235 2031 2304 sed
2081 2235 2485 2319 secundum,
2548 2242 2674 2303 etc.

1114 2340 1363 2411 Thren.
1427 2365 1525 2426 m,
1578 2345 1664 2416 22
1736 2368 1754 2414 ε
1815 2344 2313 2413 Misericordiae
2363 2345 2673 2421 Domini,

1117 2450 1285 2540 quia
1338 2473 1477 2518 non
1513 2474 1760 2520 sumus
1833 2454 2226 2545 consumpti
2282 2476 2307 2520 .·
2336 2453 2507 2544 quia
2544 2474 2705 2554 non·

1117 2559 1511 2649 defecerunt
1577 2563 2053 2631 miserationes
2117 2564 2298 2654 ejus.
2336 2561 2474 2631 Sed
2508 2585 2680 2655 quos

1117 2677 1344 2748 vocat,
1379 2667 1739 2757 justificat,
1810 2679 1880 2739 et
1943 2670 2187 2740 salvat.
2239 2668 2350 2739 Ad
2380 2669 2675 2739 Roman.

1115 2799 1259 2861 vm,
1303 2777 1388 2846 30
1422 2799 1440 2846 :
1479 2778 1664 2863 Quos
1704 2779 1997 2859 vocavit,
2036 2778 2162 2847 lios
2209 2789 2275 2848 et
2318 2778 2678 2869 justifica·

1114 2887 1212 2955 vit
1239 2907 1265 2954 .·
1287 2908 1458 2978 quos
1486 2898 1720 2957 autem
1747 2887 2205 2978 justificavit,
2237 2887 2407 2957 illos
2431 2897 2497 2957 et
2516 2888 2682 2979 qlo-

1113 2994 1437 3084 rificavit.

1207 3128 1242 3171 ι
1273 3106 1372 3174 Et
1400 3104 1686 3175 veritate
1724 3115 1879 3186 tua,
1920 3107 2131 3199 n‘qua
2162 3115 2283 3176 tuo
2305 3103 2568 3197 judicio
2609 3105 2678 3174 in

1117 3234 1346 3281 errore
1401 3234 1529 3283 suo
1602 3211 1778 3284 alios
1834 3214 2181 3284 dimisisti.
2260 3213 2675 3305 ApocalypS.

1117 3341 1287 3397 xxu.
1328 3321 1402 3387 ¹1
1442 3342 1459 3387 ε
1492 3319 1771 3389 Justum
1818 3330 1946 3400 est.
1980 3330 2056 3391 ut
2093 3321 2219 3414 qui
2248 3322 2323 3390 in
2358 3319 2681 3390 sordibus

1118 3438 1242 3509 est,
1286 3428 1634 3498 sordescat
1678 3429 1934 3502 adhuc.
1971 3431 2128 3510 Qua
2174 3439 2242 3501 et
2273 3451 2394 3500 eos
2435 3431 2680 3521 punies

1120 3534 1190 3603 in
1229 3533 1484 3615 futuro,
1508 3537 1733 3607 sinon
1760 3536 2361 3629 fuerint-correcti.
2403 3537 2515 3607 Ad
2548 3537 2682 3607 no-

1119 3663 1307 3711 man.
1377 3664 1453 3723 u,
1514 3645 1556 3711 6
1615 3668 1632 3714 :
1707 3645 1971 3714 Reddet
2037 3645 2414 3736 unicuique
2454 3643 2680 3734 juxta

1118 3771 1327 3843 opera
1362 3749 1542 3841 ejus.
1570 3751 1632 3819 11
1672 3751 1759 3821 ad
1791 3752 2106 3824 Corinth.
2141 3775 2210 3832 ν,
2251 3755 2333 3822 10
2367 3774 2385 3823 t
2432 3753 2683 3822 Omnes

1117 3881 1241 3927 nos
1296 3861 1742 3952 manifestari
1810 3870 2078 3954 oportet
2138 3870 2303 3931 ante
2365 3859 2687 3930 tribunal

1124 3963 1408 4046 Christi,
1450 3975 1527 4035 ut
1572 3969 1834 4054 reserat
1880 3968 2355 4061 unusquisque
2391 3967 2682 4059 propria

1119 4070 1450 4162 corporis,
1483 4083 1699 4163 prout
1728 4074 2002 4164 qressit,
2039 4076 2186 4144 sive
2223 4074 2504 4154 bonum.
2543 4075 2685 4144 sice

1121 4178 1421 4252 malum.
1488 4177 1653 4250 llaeo
1709 4180 1852 4274 duo
1907 4182 2155 4275 utique
2220 4183 2360 4254 fere
2416 4184 2485 4253 in
2533 4183 2682 4254 Deo

1113 4286 1526 4379 junguntur.
1590 4289 1778 4359 Psal.
1840 4279 2052 4372 ¹11an
2110 4293 2191 4363 10
2254 4312 2272 4360 ε
2339 4292 2685 4363 Universae

1121 4396 1249 4463 viae
1281 4395 1589 4482 Domini,
1634 4397 2144 4479 misericordia,
2184 4409 2250 4468 et
2278 4400 2553 4468 veritas.
2597 4398 2683 4468 Et

1122 4500 1269 4571 haec
1293 4502 1433 4573 duo
1467 4504 1539 4573 in
1581 4503 1787 4574 nobis
1825 4513 1988 4575 sunt
2016 4508 2428 4588 necessaria,
2470 4514 2548 4576 ut
2582 4506 2684 4575 si-

1121 4629 1276 4678 mus
1314 4610 1792 4681 misericordes
1819 4621 1888 4681 et
1916 4634 2195 4682 veraces
2229 4635 2246 4682 :
2281 4613 2470 4706 quia,
2502 4613 2682 4684 Pro-

1117 4716 1307 4787 verb.
1340 4739 1485 4801 xvi,
1525 4719 1594 4799 6,
1636 4717 1888 4791 dieitur
1912 4742 1928 4789 ε
1955 4721 2435 4791 Misericordia
2473 4732 2539 4791 et
2567 4747 2683 4791 re-

1116 4824 1347 4909 ritate,
1396 4848 1539 4896 non
1595 4849 1735 4895 una
1779 4828 1931 4897 sino
1996 4827 2238 4909 altera,
2306 4829 2684 4898 redimitur

1117 4931 1477 5026 iniqmtas.
1536 4933 1649 5016 Et,
1710 4957 1855 5014 xiv,
1914 4938 2003 5004 22
2036 4959 2054 5007 ε
2086 4937 2570 5006 Misericordia
2617 4948 2682 5006 et

1116 5042 1370 5111 veritas
1397 5052 1809 5136 praeparant
1837 5042 2044 5113 bona.

1182 5429 1203 5467 ⁸
1241 5422 1329 5485 sd
1358 5427 1613 5486 Roman.
1645 5443 1765 5496 ιη.
1796 5426 1867 5484 27
1899 5443 1916 5486 z
1947 5424 2073 5486 Soli
2115 5424 2362 5501 sapienti
2390 5424 2521 5497 Deo,
2571 5444 2680 5501 per

1109 5521 1293 5579 secum
1320 5516 1630 5589 christum,
1677 5514 1775 5575 cui
1802 5517 1984 5575 honor
2023 5524 2079 5575 et
2123 5516 2310 5590 otoria
2355 5517 2419 5574 in
2471 5518 2675 5577 secuta

1115 5610 1461 5671 secutorum,
1490 5607 1685 5667 Am.

4221 226 4347 295 199

2897 438 2930 474 α
2965 407 3340 499 Nequando
3362 406 3617 472 dicant.
3655 426 3689 468 t
3714 400 3843 468 Hic
3870 403 3973 467 est
3994 395 4343 487 persuasio

2805 517 2888 583 ad
2919 516 3319 606 petitionem
3347 512 3655 604 superius
3686 510 3929 577 factam
3970 499 4346 591 adimplen-

2803 623 2986 702 dam,
3046 621 3300 689 scilicet
3355 627 3432 688 ut
3470 617 3846 686 infidelium
3894 615 4147 680 vitetur
4186 608 4345 674 irri-

2802 733 2902 799 sio
2938 753 2952 798 :
2991 732 3060 797 in
3091 751 3227 820 quo
3258 729 3418 797 duo.
3456 725 3715 803 Prim0‚
3750 730 3824 791 ut
3862 723 4156 789 evitetur
4194 713 4343 782 infi-

2802 839 3054 908 delium
3096 836 3525 928 blasphemia
3588 841 3658 901 et
3694 831 3944 900 irrisio.
3993 822 4337 900 SecundO,

2799 948 3171 1018 secundum
3215 945 3553 1022 Glossam,
3597 938 4046 1010 nihilominus
4085 954 4346 1024 suppo-

2797 1061 2982 1127 nitur
3013 1056 3315 1127 fidelium
3357 1052 3710 1145 responsio
3743 1049 3828 1118 ad
3865 1047 4052 1116 illam
4091 1043 4346 1113 irrisio-

2799 1189 2980 1246 nem,
3031 1164 3150 1245 ibi,
3184 1170 3248 1239 y.
3283 1164 3323 1231 3
3360 1185 3376 1230 ε
3441 1188 3470 1226 α
3509 1163 3695 1228 Deus
3748 1165 3978 1224 autem
4008 1161 4256 1236 noster.
4305 1177 4336 1211 υ

2889 1271 3022 1340 Sed
3071 1279 3294 1362 potest
3349 1269 3480 1337 dici
3549 1265 3821 1343 meliuS,
3867 1261 4051 1353 quod
4103 1255 4343 1327 suadet

2796 1388 2869 1445 ut
2908 1379 3003 1447 sic
3035 1380 3328 1447 evitetur
3356 1375 3603 1444 irrisio.
3650 1370 3993 1451 Secundo,
4026 1364 4339 1458 probatio

2796 1487 2977 1578 quod
3019 1509 3178 1555 vere
3217 1494 3318 1554 est
3347 1483 3568 1552 irrisio
3612 1490 3680 1551 et
3734 1476 4183 1570 blasphemia,
4217 1472 4338 1555 ibi,

2796 1622 2830 1661 α
2873 1600 3058 1664 Deus
3098 1606 3328 1663 autem
3379 1603 3629 1662 noster.
3677 1614 3713 1657 s

2879 1701 3057 1769 Dicit
3122 1707 3352 1768 autem
3432 1719 3447 1764 :
3514 1695 3630 1764 Sic
3703 1694 3934 1774 facias,
4012 1689 4335 1770 Domine,

2796 1838 2828 1873 «
2860 1810 3247 1901 nequando,
3285 1833 3318 1874 s
3351 1807 3421 1875 id
3448 1814 3573 1883 est,
3608 1801 3999 1895 aliquando,
4038 1828 4070 1864 α
4106 1799 4340 1866 dicant

2793 1919 3061 1998 Gentes,
3115 1944 3148 1984 u
3211 1917 3431 1985 Deum
3468 1914 3780 1984 volentes
3817 1908 4071 1980 habere
4122 1903 4338 1975 oculis

2789 2026 3253 2118 corporalibus
3299 2023 3685 2094 visibilem:
3734 2049 3769 2085 α
3827 2019 3961 2090 Ubi
4005 2020 4122 2107 est,
4149 2019 4335 2084 Deus

2787 2158 3020 2205 eorum
3056 2134 3098 2203 P
3126 2163 3162 2200 »
3195 2133 3406 2214 Quasi
3453 2131 3706 2200 diceret
3740 2152 3756 2197 z
3798 2127 4154 2218 Nusquam
4204 2131 4328 2200 est,

2788 2245 2948 2337 quia
2985 2242 3202 2312 videri
3232 2264 3370 2310 non
3400 2246 3649 2332 potest.
3716 2236 3966 2327 Supra,
4033 2233 4104 2300 in
4143 2229 4327 2299 Psal.

2785 2373 2917 2429 ω,
2952 2351 2993 2417 4
3028 2372 3043 2419 ε
3076 2351 3388 2419 Fuerunt
3439 2345 3616 2414 milii
3663 2344 3986 2432 lacrymae
4014 2359 4178 2407 mcae
4207 2359 4336 2428 pa·

2784 2480 2899 2525 nes
2927 2456 3038 2523 die
3065 2477 3147 2522 ac
3172 2461 3384 2531 nocte,
3418 2451 3587 2520 dum
3615 2449 3872 2517 dicitur
3898 2444 4073 2514 milei
4099 2442 4334 2536 quoti-

2785 2566 2946 2634 die:
2974 2565 3106 2634 Ubi
3152 2571 3248 2632 est
3292 2563 3482 2631 Deus
3537 2569 3701 2628 tuus
3740 2555 3783 2625 Ρ
3816 2556 3920 2625 De
3977 2554 4111 2624 hoc
4169 2553 4333 2621 satis

2784 2673 2879 2741 ibi
2908 2689 2956 2741 ⁸.

2876 3017 2910 3059 α
2957 2993 3138 3061 Deus
3165 3000 3396 3059 autem
3451 2998 3704 3058 noster.
3739 3011 3775 3054 s
3828 2985 3956 3055 Hic
3981 2982 4324 3076 probatio,

2785 3098 2967 3193 quod
3031 3122 3191 3170 vere
3254 3096 3735 3191 blasphemant
3798 3093 3945 3163 haec
4008 3090 4321 3161 dicendo.

2784 3208 3044 3289 Primo,
3089 3209 3157 3277 in
3215 3206 3346 3277 hoe
3375 3205 3560 3299 quod
3586 3205 3814 3275 Deum
3842 3190 4126 3274 credunt
4180 3222 4328 3269 esse

2783 3340 3145 3409 nusquam.
3183 3315 3525 3396 Secundo,
3559 3315 3630 3384 in
3666 3312 3801 3383 hoc
3845 3310 4031 3404 quod
4065 3307 4325 3378 nullam

2784 3427 3066 3495 omnino
3107 3446 3276 3506 rem,
3309 3421 3430 3505 ibi,
3463 3452 3496 3487 α
3536 3447 3571 3489 ι
3617 3420 3893 3492 Omnia.
3932 3445 3966 3486 s

2873 3535 2987 3602 Ait
3033 3535 3219 3602 enim
3298 3556 3316 3628 ,³
3363 3529 3479 3600 Sic
3515 3528 3707 3616 volo,
3756 3526 3943 3620 quod
4005 3523 4328 3619 praedicta

2783 3637 3013 3721 facias,
3048 3660 3134 3707 ne
3163 3635 3296 3706 hoc
3323 3635 3575 3717 dicant,
3613 3633 3776 3725 quia
3803 3654 3963 3701 vere
4005 3627 4333 3719 blasphe-

2784 3747 2946 3815 mia.
2999 3774 3037 3812 α
3075 3747 3348 3823 Auem,
3382 3769 3414 3808 ι
3468 3741 3631 3834 quia
3671 3764 3707 3807 ι
3750 3741 3937 3809 Deus
3989 3747 4219 3806 noster
4257 3735 4330 3803 in

2783 3856 2972 3934 eoelo,
3038 3885 3072 3918 »
3132 3851 3510 3925 secundum
3581 3848 4228 3922 manifestationem,
4264 3852 4331 3913 et

2784 3961 3273 4056 apparentiam.
3307 3957 3439 4029 lsa.
3482 3979 3663 4038 uvi,
3721 3957 3744 4023 Ι
3811 3977 3828 4023 ε
3874 3955 4140 4025 Coelum
4178 3973 4332 4020 mea

2782 4072 2991 4142 sedes.
3029 4070 3189 4155 Job,
3237 4093 3331 4152 xx,
3364 4071 3408 4139 8
3449 4091 3467 4139 ε
3499 4065 3866 4138 Est-celsior
3895 4063 4065 4135 coelo
4107 4073 4229 4141 est,
4268 4069 4334 4131 et

2783 4180 2961 4275 quid
2989 4181 3207 4272 facies
3238 4178 3282 4249 ?
3315 4174 3523 4248 Eccli.
3557 4196 3748 4259 xxxv,
3777 4174 3818 4243 ‘1
3854 4197 3872 4243 ε
3903 4174 4060 4264 Eoo
4089 4172 4164 4240 in
4210 4168 4332 4238 al-

2786 4288 3067 4356 tissimis
3101 4283 3441 4358 habitavi.
3478 4283 3510 4351 1
3574 4280 3660 4352 ad
3722 4277 4024 4349 Timoth.
4056 4300 4153 4363 vt,
4198 4277 4325 4346 10:

2782 4398 3031 4466 Lucem
3078 4394 3424 4465 inhabitat
3464 4388 4018 4466 inaccessibilem,
4068 4393 4332 4456 morta-

2782 4502 2961 4575 libus
2998 4501 3239 4583 oeulis,
3276 4523 3419 4572 non
3456 4498 3880 4593 glorificatis.

2872 4612 2957 4681 131
2978 4612 3182 4681 etiam

2872 4751 2906 4786 κ
2971 4721 3223 4792 Omnia
3268 4737 3714 4812 quaecumque
3773 4709 3997 4782 voluit
4042 4709 4237 4802 lecit.
4289 4733 4323 4774 s

2781 4832 2966 4901 Bene
2996 4830 3420 4899 mentiuntur
3445 4826 3770 4904 dieentes,
3813 4818 4000 4914 quod
4043 4817 4328 4889 omnino

2779 4938 2950 5010 nihil
3008 4944 3132 5006 est.
3178 4934 3481 5027 Sapient.
3532 4954 3653 5011 ιιι,
3701 4930 3782 5000 18
3826 4952 3843 4998 ;
3882 4926 4136 4999 Subest
4169 4922 4325 5004 tibi,

2778 5069 2936 5116 cum
2974 5043 3294 5123 colueris,
3315 5063 3532 5134 posse.
3564 5038 3727 5119 Job,
3760 5060 3856 5123 tx,
3886 5037 3929 5104 4
3966 5058 3982 5105 ε
4030 5033 4202 5122 Quis
4228 5054 4329 5101 re-

2775 5154 2958 5223 stitit
2990 5153 3081 5238 ei,
3107 5159 3173 5221 et
3192 5171 3434 5243 pacem
3461 5145 3712 5216 habuit
3736 5144 3780 5215 ?
3813 5142 3922 5223 Et,
3956 5164 4149 5222 xxm,
4189 5140 4269 5209 13
4301 5158 4320 5207 ε

2846 5421 2872 5459 ’
2903 5418 2992 5479 Cf.
3031 5415 3540 5477 commentarium
3570 5413 3636 5474 in
3664 5412 3722 5488 ἃ.
3752 5413 3786 5471 4
3812 5410 3973 5473 Psal.
4005 5426 4119 5482 ω,
4165 5413 4326 5467 tomo

2773 5510 2900 5573 xv1
2924 5509 3177 5586 hujusce
3202 5507 3507 5571 editionis.
