5008 6329
650 306 777 375 342

650 479 885 545 cordia
950 482 1085 547 Dei
1148 483 1223 546 in
1326 489 1625 569 tempore
1698 479 2189 559 tribulationis,

650 588 852 673 quasi
888 586 1098 653 nubes
1124 586 1386 675 pluviae
1418 589 1488 653 in
1514 596 1805 678 tempore
1841 589 2188 656 siccitatis,

654 717 689 753 α
727 691 1068 772 Clamavi,
1091 720 1123 752 υ
1159 695 1332 761 sicut
1361 694 1598 777 Jonas,
1631 695 1786 762 Jon.
1815 718 1884 774 11,
1919 697 1957 763 3
1996 719 2009 763 ε
2041 696 2197 764 Cla-

649 798 838 863 mavi
878 798 962 864 de
990 797 1440 870 tribulatione
1469 826 1617 869 mea
1648 803 1743 869 ad
1784 802 2186 869 Dominum.

661 931 691 968 α
749 906 841 970 Et
909 908 1267 975 exaudivit
1317 932 1445 977 me.
1503 935 1536 974 ι)
1607 908 1735 975 Isa.
1822 930 1974 985 LxV,
2045 907 2189 972 24:

646 1014 741 1079 Et
790 1014 918 1081 erit
988 1027 1358 1107 antequam
1436 1015 1754 1094 clament,
1815 1038 1934 1104 eqo
1989 1036 2195 1081 exau·

648 1118 839 1188 diam
871 1144 895 1188 .·
942 1122 1171 1189 adlzuc
1199 1121 1346 1188 illis
1376 1120 1859 1202 clamantibus,
1902 1145 2021 1213 eqo
2060 1145 2197 1190 au-

651 1225 865 1294 diam.

752 1576 785 1617 α
826 1554 1119 1621 Domine
1151 1554 1391 1622 libera.
1428 1583 1459 1616 »
1526 1556 1650 1624 Hic
1689 1555 2086 1639 secundum,
2126 1557 2198 1623 in

659 1684 795 1752 quo
826 1663 1166 1752 specificat
1204 1687 1244 1731 a
1273 1688 1408 1755 quo
1444 1664 1621 1733 malo
1686 1669 1952 1756 proprie
2015 1674 2201 1758 petat

657 1768 954 1837 liberari.
1015 1770 1100 1838 Et
1137 1772 1387 1861 primo,
1449 1774 1608 1863 quia
1654 1797 1691 1841 a
1730 1774 1908 1842 malo
1950 1775 2199 1866 linguae

658 1885 886 1968 aperte
962 1880 1142 1947 mala
1215 1883 1663 1972 suggerentis.
1744 1882 2082 1963 Secunde,
2162 1907 2202 1952 a

660 1985 841 2054 malo
868 1985 1120 2079 linguae
1153 1989 1416 2057 occulte
1454 1989 1631 2058 mala
1669 1991 2036 2074 suadentiS,
2080 1990 2198 2072 ibi,

665 2119 698 2160 ι
732 2096 828 2162 Et
864 2117 908 2163 a
947 2095 1194 2185 linqua
1227 2095 1492 2165 dolosa.
1537 2125 1570 2160 ι)

751 2202 929 2271 Dicit
958 2205 1141 2272 enim
1177 2226 1192 2271 :
1233 2204 1347 2273 Sic
1378 2204 1665 2275 clamavi
1689 2206 1773 2274 ad
1804 2207 2200 2291 Dominum,

661 2334 787 2380 nec
839 2311 1280 2382 infructuose.
1340 2312 1427 2380 Et
1457 2313 1619 2405 quid
1656 2315 2002 2405 petivisti?
2060 2315 2205 2384 Cla-

661 2420 847 2487 mavi
909 2417 1141 2487 dicens
1194 2442 1210 2487 ε
1257 2418 1313 2487 Ο
1351 2443 1384 2484 ι
1426 2422 1739 2501 Domine,
1788 2422 2003 2490 libera
2057 2424 2204 2491 ani·

663 2550 851 2596 mam
898 2550 1147 2609 meam,
1203 2554 1237 2592 υ
1294 2551 1435 2597 non
1475 2530 1623 2598 dico
1672 2554 1938 2621 corpus,
1973 2540 2039 2600 et
2077 2540 2207 2602 ter-

666 2659 811 2703 ram
849 2658 1100 2715 meam,
1137 2637 1295 2728 quia
1334 2637 1472 2706 scio
1531 2637 1692 2705 illud
1728 2639 1883 2718 Job,
1929 2664 2020 2725 ix,
2063 2642 2147 2708 24
2186 2663 2201 2709 ε

669 2747 871 2813 Terra
901 2745 1069 2811 data
1098 2755 1194 2812 cst
1244 2747 1312 2812 in
1353 2769 1601 2814 manus
1650 2749 1868 2839 impii.
1917 2751 1972 2816 A
2016 2751 2209 2842 quo?

669 2855 790 2921 «A
839 2850 1045 2920 labiis
1102 2853 1384 2945 iniquis,
1431 2880 1464 2920 ιο
1521 2854 1776 2923 malum
1825 2856 1989 2925 mihi
2047 2881 2209 2926 sua-

666 2959 1005 3029 dentibus,
1037 2958 1241 3029 Eccli.
1294 2984 1415 3044 xn,
1481 2964 1561 3032 13
1601 2987 1624 3031 .·
1673 2965 1755 3032 In
1809 2965 2011 3034 labiis
2062 2970 2209 3035 suis

667 3067 984 3134 indulcat
1020 3067 1364 3147 inimicus,
1408 3080 1473 3136 et
1514 3071 1581 3137 in
1627 3072 1825 3140 corde
1865 3095 1990 3141 suo
2039 3075 2210 3142 insi-

668 3176 931 3256 diatur,
967 3183 1043 3243 ut
1068 3174 1419 3244 subvertat
1457 3187 1521 3245 te
1558 3181 1626 3247 in
1680 3181 1969 3268 foveam.
2023 3180 2206 3251 Talia

669 3284 849 3351 enim
883 3282 1067 3351 labia
1093 3282 1450 3374 disperdis.
1504 3286 1747 3378 Supra,
1782 3290 1848 3357 in
1891 3289 2070 3358 Psal.
2110 3314 2207 3375 xi,

671 3393 760 3459 4:
834 3390 1205 3481 Dispcrdat
1240 3394 1584 3463 Dominus
1639 3398 1949 3467 universa
2022 3398 2212 3468 labia

671 3498 939 3579 dolosa,
975 3508 1040 3567 et
1074 3498 1392 3590 linquam
1430 3504 1984 3598 maqnitoquam.

763 3636 796 3671 α
832 3610 928 3676 Et
964 3631 1008 3676 a
1039 3607 1288 3698 linqua
1328 3609 1596 3693 dolosa,
1643 3641 1677 3674 n
1736 3613 1914 3683 mala
1953 3616 2213 3686 occulte

674 3715 1131 3785 machinante.
1161 3716 1416 3786 Jerem.
1454 3743 1547 3802 ix,
1581 3724 1621 3787 8
1656 3743 1673 3788 ε
1724 3724 1999 3813 Saqitta
2056 3726 2217 3793 vul-

673 3846 940 3910 nerans,
974 3846 1129 3914 quoe
1168 3827 1458 3916 percutit
1488 3826 1792 3912 latenter,
1835 3829 2075 3921 linqua
2104 3856 2215 3901 eo·

675 3952 831 3999 rum
866 3953 890 3998 .·
924 3929 1166 3999 dolum
1208 3931 1439 4000 locuta
1480 3945 1598 4001 est.
1646 3934 1803 4013 Job,
1855 3961 1924 4018 v,
1964 3940 2042 4005 21
2094 3960 2110 4006 :
2154 3942 2211 4008 A

673 4036 964 4128 flaqello
1031 4037 1291 4129 linqua·
1344 4040 1796 4111 absconderis.
1874 4043 2217 4114 Debemus

678 4154 905 4214 autem
955 4154 1182 4237 petere
1230 4155 1303 4215 ut
1340 4147 1706 4219 liberemur
1751 4175 1790 4219 a
1844 4152 2101 4245 lingua,
2153 4161 2221 4223 et

676 4250 874 4321 labiis
914 4253 1134 4325 malis.
1178 4252 1439 4341 Primo,
1499 4259 1822 4340 avaritiae,
1880 4282 2031 4352 quae
2078 4284 2219 4330 non

676 4358 982 4450 loquitur
1024 4360 1156 4428 nisi
1194 4360 1277 4428 de
1325 4364 1629 4431 terrenis.
1686 4363 1814 4434 lsa.
1857 4390 2044 4453 xxix,
2103 4370 2144 4436 4
2196 4391 2213 4436 τ

678 4467 785 4534 De
813 4474 996 4534 terra
1029 4463 1351 4558 loqueris,
1386 4478 1450 4536 et
1478 4468 1563 4536 de
1612 4471 1819 4540 humo
1868 4472 2218 4565 eloquium

680 4581 878 4640 tuum
915 4573 1330 4643 mussitabit.
1388 4574 1589 4645 Joan.
1646 4600 1742 4663 m,
1793 4580 1903 4661 31,
1970 4603 2220 4650 secun-

679 4678 844 4746 dum
870 4701 1309 4750 communem
1342 4680 1634 4751 litteram
1679 4707 1696 4752 ε
1748 4687 1885 4772 Qui
1920 4686 2005 4755 de
2037 4697 2220 4758 terra
2291 4701 2297 4707 '

682 4797 803 4864 est,
845 4786 929 4854 de
965 4797 1150 4855 terra
1182 4787 1518 4880 loquitur.
1561 4790 1898 4876 Luxuriae,
1942 4795 2026 4864 de
2055 4818 2217 4888 qua,

682 4893 889 4964 Eccli.
950 4918 1047 4982 ix,
1105 4897 1177 4964 11
1221 4920 1238 4965 :
1292 4897 1727 4991 Colloquium
1785 4902 1981 4972 illius
2020 4906 2223 4997 quasi

685 5004 870 5094 iqnis
898 5002 1302 5073 exardescit.
1323 5005 1362 5072 J
1370 5005 1485 5088 ob,
1517 5029 1704 5089 xxxi,
1754 5011 1833 5076 12
1867 5033 1884 5079 ε
1916 5013 2109 5101 anis
2127 5021 2224 5080 est

686 5132 899 5202 usque
946 5111 1045 5178 ad
1064 5109 1526 5203 perditionem
1579 5114 1931 5185 devorans.
1980 5117 2224 5188 Detra-

686 5220 951 5301 ctionis,
995 5219 1078 5289 de
1108 5244 1269 5311 qua,
1302 5222 1371 5290 in
1420 5220 1601 5290 l‘sal.
1643 5246 1776 5308 ινι,
1808 5227 1848 5294 5
1892 5247 1909 5294 ε
1976 5229 2225 5296 Dentes

687 5348 915 5393 eorum
947 5349 1147 5396 arma
1175 5337 1239 5396 et
1265 5330 1561 5420 saqittae,
1604 5340 1668 5398 et
1695 5331 1939 5423 linqua
1985 5356 2220 5402 eorum

687 5433 970 5526 qladius
1047 5447 1315 5505 acutus.
1374 5437 1830 5520 Adulationis,
1888 5441 2220 5512 Proverb.

688 5564 807 5626 vn,
839 5544 918 5610 21
950 5568 966 5611 ε
1003 5544 1302 5613 Irretivit
1329 5568 1485 5615 eum
1506 5547 1745 5617 multis
1772 5550 2221 5636 sermonibus,

693 5659 756 5718 et
821 5648 1180 5719 blanditiis
1231 5653 1575 5724 labiorum
1633 5661 1975 5749 pertraxit
2037 5681 2219 5727 eum.

1654 311 1737 375 D.
1789 309 1986 375 ALB.
2039 310 2258 378 MAG.
2310 309 2517 379 ORD.
2570 311 2866 379 PRAED.

2305 481 2637 550 Proverb.
2680 506 2773 560 xi,
2835 483 2874 548 9
2921 503 2935 546 :
2997 481 3392 549 Simulator
3449 504 3563 548 ore
3603 481 3857 571 decipit

2304 591 2605 657 amicum
2676 611 2903 657 suum.
2971 587 3273 668 Susurri,
3337 587 3546 655 Eccli.
3611 609 3852 665 xxvm,

2308 698 2387 764 15
2434 719 2449 765 :
2501 699 2839 782 Susurro,
2885 708 2949 764 et
3005 696 3344 786 bilinquis
3397 695 3810 762 maledictus
3832 718 3854 760 .·

2303 805 2560 871 multos
2616 806 2796 872 enim
2855 804 3163 872 turbabit
3205 825 3448 895 pacem
3506 801 3849 868 habentes.

2305 908 2658 976 Ilaereticae
2752 911 3130 1001 pravitatiS,
3218 910 3282 977 ΙΙ
3375 909 3462 977 ad
3547 906 3847 975 Timoth.

2299 1038 2376 1094 11,
2453 1017 2532 1082 16
2601 1024 2667 1083 et
2728 1017 2860 1083 17:
2931 1020 3249 1106 Prosana
3317 1027 3382 1083 et
3446 1015 3854 1105 vaniloquia

2303 1121 2531 1190 devita
2738 1146 2956 1191 sermo
3014 1126 3194 1191 enim
3224 1146 3464 1191 eorum
3504 1133 3582 1190 ut
3620 1145 3857 1190 cancer

2300 1233 2534 1324 serpit.
2578 1231 2753 1301 Psal.
2798 1255 2943 1310 xm,
2982 1233 3020 1302 3
3063 1254 3078 1298 ε
3127 1233 3468 1299 Venenum
3500 1231 3848 1322 aspidum,

2303 1346 2433 1408 etc.

2399 1689 2432 1729 α
2480 1663 2672 1748 Quid
2695 1663 2894 1732 detur
2921 1663 3072 1732 tibi.
3116 1689 3149 1727 ιο
3182 1662 3312 1730 Hic
3344 1661 3752 1741 secundum,
3787 1662 3858 1728 in

2309 1796 2444 1866 quo
2493 1772 2928 1863 subjungitur
2971 1773 3261 1863 petentis
3310 1771 3736 1850 deliberatiO,
3792 1779 3859 1839 et

2307 1882 2433 1950 sibi
2490 1882 2963 1974 colloquentiS,
3027 1882 3188 1973 quid
3265 1882 3546 1950 remedii
3624 1890 3862 1950 contra

2308 1987 2439 2058 hoc
2482 1990 2730 2080 poterit
2758 1991 3034 2080 apponi.

2396 2097 2515 2166 Ait
2552 2120 2714 2188 ergo
2762 2120 2778 2165 :
2823 2095 2937 2164 Sic
2978 2094 3141 2186 petii
3172 2117 3212 2161 a
3241 2093 3440 2163 labiis
3481 2095 3737 2187 iniquis
3776 2094 3865 2161 li-

2312 2207 2532 2276 berari
2588 2206 2914 2292 animam,
2977 2212 3044 2273 et
3086 2227 3125 2272 a
3165 2203 3404 2295 lingua
3435 2202 3702 2284 dolosa,
3745 2202 3865 2271 sed

2311 2336 2353 2382 o
2384 2322 2482 2399 tu,
2525 2314 2754 2381 anima
2783 2334 2959 2394 mea,
2994 2319 3068 2379 ιιι
3113 2311 3258 2402 ipse
3309 2311 3426 2401 qui
3474 2312 3647 2401 petit
3695 2309 3870 2379 deli-

2311 2420 2610 2490 berando
2643 2420 2962 2512 loquatur
2989 2442 3220 2488 secum
3291 2417 3447 2498 Vel,
3480 2426 3557 2486 ut
3596 2420 3685 2487 sit
3729 2440 3866 2486 vox

2311 2529 2463 2615 Dei,
2497 2553 2539 2598 o
2569 2538 2644 2598 ιιι
2676 2551 2880 2621 quem
2921 2528 3101 2596 labia
3142 2529 3378 2618 iniqua
3415 2526 3759 2617 affligunt,
3802 2533 3870 2593 et

2314 2637 2552 2707 dolosa
2599 2636 2859 2729 lingua,
2903 2663 2939 2700 α
2979 2635 3154 2726 quid
3187 2635 3392 2702 detur
3438 2634 3593 2715 tibi,
3650 2659 3683 2700 ι
3739 2633 3872 2723 pri-

2315 2770 2455 2827 mo,
2502 2771 2536 2811 «
2588 2755 2712 2812 aut
2756 2744 2932 2836 quid
2966 2753 3363 2835 apponatur
3401 2741 3554 2822 tibi,
3603 2768 3637 2807 ι
3681 2751 3875 2832 post-

2314 2877 2522 2946 quam
2569 2853 2770 2921 fuerit
2808 2852 3069 2932 datum,
3120 2879 3156 2916 κ
3205 2851 3324 2930 ad,
3373 2876 3407 2915 ι
3453 2850 3520 2918 id
3568 2859 3668 2918 est
3716 2873 3876 2918 con·

2314 2969 2443 3043 tra,
2490 2990 2524 3026 «
2570 2960 2885 3052 linquam
2917 2959 3228 3027 dolosam
3257 2958 3299 3026 P
3332 2986 3368 3022 n
3413 2958 3626 3038 Quasi
3685 2957 3873 3026 dice-

2320 3077 2467 3138 ret:
2520 3066 2809 3138 Difficile
2845 3076 2949 3137 est
2994 3066 3302 3136 invenire
3346 3088 3363 3133 ε
3418 3074 3484 3134 et
3531 3066 3588 3135 si
3640 3065 3874 3134 inven-

2317 3188 2462 3248 tum
2518 3179 2744 3260 fuerit,
2813 3178 3083 3248 difficile
3145 3186 3247 3246 est
3303 3179 3404 3247 uti
3454 3203 3471 3247 z
3533 3176 3872 3246 Dominus

2316 3295 2573 3367 tamen,
2607 3288 2725 3377 qui
2755 3283 3058 3355 medicus
3086 3307 3400 3353 summus
3430 3292 3558 3365 est,
3603 3285 3746 3375 ipse
3778 3284 3876 3351 in·

2318 3395 2506 3463 venit
2534 3393 2967 3463 medicinam.
3003 3391 3208 3461 Eccli.
3250 3415 3336 3472 ιι,
3374 3393 3413 3460 3
3457 3415 3473 3459 :
3538 3391 3878 3460 Libet-asti

2319 3524 2564 3594 corpus
2594 3523 2817 3569 meum
2849 3523 2892 3567 a
2914 3499 3325 3591 perditione.
3354 3497 3436 3565 Et
3469 3497 3725 3577 subdit,
3756 3497 3877 3565 ibi·

2321 3611 2476 3680 dem
2521 3611 2629 3679 :A
2664 3609 2910 3700 laqueo
2969 3608 3228 3697 linquae
3258 3606 3542 3697 iniquae,
3576 3616 3640 3673 et
3678 3628 3722 3673 a
3765 3605 3877 3673 la-

2324 3715 2454 3784 biis
2489 3716 2922 3806 operantium
2953 3711 3415 3780 mendacium.
3463 3710 3614 3779 Una
3646 3719 3874 3778 autem

2323 3820 2663 3890 medicina
2735 3827 2862 3900 est,
2946 3827 3022 3887 ιιι
3113 3840 3315 3886 aures
3400 3815 3872 3885 obstruantur.

2322 3926 2530 3997 Eccli.
2573 3948 2811 4005 xxvm,
2853 3926 2940 3993 28
2982 3947 2999 3994 ε
3047 3926 3214 4017 Sepi
3260 3947 3466 3992 aures
3523 3934 3682 3992 tuas
3734 3923 3879 4015 spi·

2323 4036 2455 4115 nis,
2515 4044 2579 4102 et
2635 4033 2786 4101 noli
2822 4033 3067 4100 audire
3123 4031 3447 4123 linquam
3504 4053 3802 4122 nequam
3855 4052 3878 4096 :

2323 4140 2520 4209 aliter
2554 4140 2672 4207 vix
2728 4138 3014 4208 evadere
3077 4139 3361 4229 poteris.
3432 4135 3880 4205 indomabilis

2324 4249 2510 4317 enim
2550 4255 2654 4317 est
2680 4245 2941 4338 lingua.
2979 4242 3222 4313 Jacob.
3258 4267 3358 4324 m,
3392 4246 3435 4312 8
3470 4266 3488 4312 z
3529 4247 3877 4335 Linguam

2324 4354 2568 4425 nullus
2604 4355 2962 4423 hominum
3003 4352 3286 4420 domare
3314 4360 3542 4444 potest
3570 4373 3596 4420 .·
3626 4351 3879 4419 etenim

2324 4464 2562 4555 lingua
2625 4470 2728 4532 est
2800 4461 3183 4553 inquietum
3268 4458 3573 4540 malum,
3660 4459 3875 4551 plena

2324 4593 2575 4639 veneno
2615 4570 2999 4659 mortifero.

2419 4926 2455 4968 ι
2506 4901 2798 4993 Saqiuae
2814 4899 3136 4993 potentis.
3173 4926 3203 4961 υ
3241 4898 3373 4968 llic
3411 4900 3716 4985 tertium,
3746 4902 3882 4971 sci-

2330 5119 2543 5209 ipsius
2583 5117 2860 5186 Domini
2902 5117 3282 5207 responsio,
3341 5126 3500 5208 post
3547 5117 3793 5188 factam
3842 5144 3883 5189 a

2328 5228 2553 5317 seipso
2601 5225 3069 5317 quaestionem.
3116 5222 3202 5291 Et
3238 5222 3378 5291 duo
3427 5224 3626 5295 docet
3662 5252 3883 5321 appo·

2330 5337 2553 5406 nenda
2598 5333 2707 5404 vel
2753 5333 2975 5402 danda
3023 5332 3345 5402 remedia.
3393 5332 3624 5404 Sacrae
3659 5336 3885 5432 Scrip-

2329 5451 2500 5512 turae
2539 5440 2749 5511 verba
2774 5441 3023 5533 prime.
3086 5437 3434 5523 Secundo,
3484 5453 3876 5516 sanctorum

2332 5547 2671 5641 exempla,
2713 5546 2832 5630 ibi,
2871 5575 2906 5612 «
2941 5548 3116 5617 Cum
3145 5544 3588 5621 carbonibus.
3633 5578 3667 5613 n

2420 5656 2599 5727 Dicit
2652 5678 2816 5748 ergo
2858 5676 2876 5723 ι
2929 5653 3045 5723 sio
3090 5650 3423 5740 delibem,
3475 5659 3640 5750 quid
3685 5660 3885 5732 dabi-

2327 5007 2486 5078 licet
2541 5007 2793 5077 solutio
2838 5014 2995 5097 post
3051 5005 3618 5078 deliberationem
3681 5035 3699 5078 ε
3742 5012 3876 5094 vel,
3907 5016 4220 5122 mm:

3953 5129 4114 5183 iniqu·
4139 5130 4190 5168 οι
