5008 6329
338 3949 519 4017 182

637 312 765 381 302

635 489 923 580 MoyseS,
997 500 1059 558 et
1105 513 1332 558 omnes
1381 493 1504 583 qui
1543 494 1962 584 placuerunt
2018 499 2184 573 De0,

630 620 754 689 per
846 599 1104 665 multas
1196 598 1678 670 tribulationes
1767 605 2187 671 transierunt

632 703 893 790 fideles,
963 702 1134 781 Imo,
1189 704 1331 795 ipse
1370 706 1705 788 Christus,
1753 707 1808 775 Ἰ
1880 708 2063 776 Petr.
2109 730 2179 786 ιι,

636 811 714 877 21
756 831 774 872 2
823 809 1132 878 Christus
1172 835 1420 903 passus
1477 824 1572 881 est
1615 837 1744 904 pro
1790 813 2007 891 nobi5‚
2064 838 2186 881 vo-

639 912 739 981 bis
777 913 1116 1005 reliquens
1144 918 1564 1010 exemplum,
1600 919 1899 1009 patiendi
1931 919 2183 987 scilicet

636 1024 986 1112 tamquam
1040 1024 1530 1094 haereditatem.
1576 1025 1769 1095 Hanc
1821 1025 2186 1096 haeredita-

635 1136 773 1197 tem
830 1133 1185 1223 acquisivi,
1222 1157 1255 1198 α
1308 1136 1382 1200 in
1427 1144 1784 1215 arternum,
1856 1164 1887 1198 n
1937 1135 2185 1203 ducen-

635 1245 798 1306 tem.
861 1239 992 1307 Per
1063 1238 1240 1308 hanc
1308 1241 1489 1308 enim
1568 1241 1860 1311 habetur
1932 1249 2183 1310 aeterna

632 1344 1011 1414 haereditas.
1083 1345 1538 1439 Sapient.1!1,
1602 1352 1641 1418 5
1708 1374 1723 1418 ε
1795 1351 1879 1416 In
1939 1351 2184 1441 paucis

631 1453 884 1534 vexati,
965 1455 1038 1521 in
1121 1456 1363 1523 multis
1465 1457 1624 1524 bene
1707 1457 2175 1548 disponentur,

631 1560 1056 1630 aeternaliter.
1091 1562 1176 1630 Et
1205 1563 1402 1642 bene,
1440 1566 1623 1655 quia,
1659 1563 1721 1630 ll
1751 1564 1836 1631 ad
1867 1563 2172 1632 Corinth.

631 1691 722 1747 ιν,
770 1672 847 1737 17
886 1693 901 1736 :
935 1671 1024 1738 Id
1068 1671 1256 1762 quod
1281 1673 1352 1738 in
1383 1673 1711 1763 praesenti
1746 1681 1844 1740 est
1872 1693 2181 1738 momen-

627 1773 903 1846 taneum
943 1789 1005 1846 et
1047 1776 1186 1847 leve
1225 1778 1698 1846 tribulationis
1741 1788 2011 1860 nostrae,
2055 1801 2179 1844 su-

615 1908 756 1977 pra
787 1886 1066 1953 modum
1100 1885 1639 1978 i11[sublimitate
1670 1896 2000 1954 aeternum
2027 1885 2178 1976 qlo-

630 1994 749 2059 rioe
755 1991 1038 2084 pondus
1065 2002 1394 2084 operatur
1426 1993 1496 2060 in
1525 1992 1746 2061 nobis.

720 2241 752 2275 «ι
803 2213 983 2298 Quia
1046 2209 1445 2279 exsultatio.
1494 2234 1526 2275 ι
1590 2209 1716 2276 llic
1769 2207 2167 2276 secundum.

626 2319 834 2398 Quasi
866 2318 1157 2386 diceret:
1207 2315 1322 2386 Sic
1377 2316 1708 2407 acquisivi
1766 2315 2169 2405 jurehaere-

625 2427 865 2495 ditario
900 2425 1222 2516 martyria
1260 2426 1619 2505 sustinere,
1658 2448 1692 2490 ι
1725 2424 1894 2514 quia
1932 2422 2171 2491 exsul-

623 2537 792 2603 tatio
843 2534 1065 2603 cordis
1094 2533 1230 2601 mei
1250 2542 1413 2600 sunt
1481 2556 1515 2595 κ
1549 2530 1689 2599 illa.
1731 2530 1882 2599 Act.
1918 2553 1987 2617 V,
2017 2530 2091 2597 41
2147 2552 2163 2597 :

622 2643 824 2713 Ibant
886 2643 1200 2736 Apostoli
1251 2641 1630 2732 {laudentes
1694 2665 1738 2708 a
1812 2650 2165 2732 conspeetu

620 2752 918 2830 concilii,
958 2750 1288 2844 quoniam
1343 2749 1543 2839 diyni
1588 2746 1815 2815 liabiti
1848 2754 2011 2815 sunt
2034 2769 2164 2838 pro

619 2862 891 2929 nomine
922 2862 1085 2928 Jesu
1131 2858 1619 2927 contumeliam
1644 2858 1833 2948 pati.
1879 2856 2165 2946 Propter

618 2969 749 3039 hoc
778 2977 1127 3060 tamquam
1179 2965 1492 3059 quaedam
1550 2967 1846 3058 pretiosa
1913 2962 2162 3054 jocalia

617 3076 737 3146 tibi
804 3074 1128 3144 offerebat
1183 3073 1534 3163 martyria,
1593 3069 1950 3162 plagarum
1992 3073 2164 3139 cica-

617 3188 814 3256 trices
849 3192 916 3252 et
942 3182 1227 3252 verbera
1255 3180 1538 3250 Paulus.
1600 3179 1661 3247 11
1711 3180 1798 3248 ad
1845 3178 2155 3248 Corinth.

615 3318 710 3378 nv,
747 3295 827 3362 10
880 3315 896 3360 :
930 3293 1211 3383 Semper
1246 3289 1848 3378 mortificationem
1883 3288 2046 3356 Jesu
2090 3288 2159 3354 in

612 3424 888 3493 corpore
916 3409 1143 3468 nostro
1185 3398 1759 3489 circumferentes.
1795 3393 1898 3463 Ad
1935 3392 2155 3461 Galat.

612 3536 703 3591 vt,
746 3513 822 3579 Π
856 3533 872 3579 :
916 3511 1264 3600 Stiqmata
1282 3508 1574 3577 Domini
1584 3508 1748 3574 lesu
1778 3506 1848 3573 in
1886 3527 2162 3596 corpore

615 3643 760 3691 meo
791 3628 1018 3712 porto.

703 3968 736 4008 ι
788 3939 1133 4011 Inclinavi
1183 3962 1300 4009 cor
1354 3961 1606 4006 meum.
1670 3961 1705 4004 ι
1766 3936 1894 4005 nic
1923 3946 2153 4007 sextus

609 4048 884 4143 gradus,
915 4054 981 4115 et
1023 4045 1331 4125 ultimus,
1383 4044 1639 4114 scilicet
1682 4041 2150 4137 promptitudo

601 4157 1117 4253 perseverantiae
1150 4176 1168 4225 ε
1202 4162 1272 4225 et
1315 4153 1638 4224 dicuntur
1686 4154 1849 4223 duo.
1885 4152 2146 4234 Primo,

600 4265 902 4357 tangitur
947 4270 1264 4355 prompta
1329 4258 1744 4331 obedientia.
1801 4259 2148 4345 Secundo,

604 4373 1002 4444 obedientiae
1027 4380 1367 4465 promptae
1410 4393 1641 4450 causa,
1694 4370 1816 4456 ibi,
1853 4395 1887 4437 ι
1917 4374 2150 4464 Prop-

601 4492 703 4551 ter
729 4479 1267 4551 retributionem.
1305 4506 1339 4542 »ι

688 4590 805 4661 Ait
847 4589 1028 4660 enim
1089 4610 1106 4657 ε
1187 4585 1305 4657 Sic
1344 4585 1415 4656 in
1473 4586 1821 4679 martyriis
1850 4584 2143 4677 gaudeo,

601 4706 669 4770 et
738 4726 773 4761 κ
846 4695 1201 4775 inclinavi,
1292 4722 1324 4760 ι
1385 4692 1846 4773 humiliando,
1940 4717 1975 4760 ι
2032 4716 2152 4762 eor

601 4828 852 4886 meum,
900 4830 934 4870 ι
985 4826 1124 4873 non
1163 4801 1250 4872 ad
1305 4800 1815 4895 cognoscendas
1851 4808 2142 4880 tantum,

606 4911 723 4982 sed
755 4938 789 4975 α
831 4908 930 4978 ad
942 4905 1302 5001 faciendas
1317 4904 1866 4998 justificationes
1900 4914 2082 4983 tuas,
2110 4933 2143 4968 ιι

606 5025 672 5087 et
701 5040 840 5086 non
870 5014 955 5084 ad
982 5023 1254 5106 tempus
1319 5013 1494 5081 sicut
1548 5009 1774 5092 multi,
1826 5010 1944 5081 sed
1991 5040 2022 5072 α
2077 5010 2148 5077 in

605 5134 957 5195 eternum.
995 5152 1028 5187 »ι

1637 319 1724 390 D.
1779 323 1976 393 ALB.
2030 324 2242 394 MAG.
2299 324 2498 392 0111).
2554 326 2852 394 PRAED.

2287 495 2484 562 Joan.
2522 519 2636 579 xv,
2672 497 2709 563 3
2753 518 2769 563 t
2802 499 2964 564 Jam
2994 519 3110 564 vos
3148 501 3394 567 mundi
3429 504 3587 569 estis
3624 527 3834 595 prop-

2293 615 2391 671 ter
2415 627 2787 672 sermonem
2845 629 3047 697 quem
3088 605 3356 674 locutus
3417 631 3575 675 sum
3617 610 3830 677 vobis.

2291 709 2529 778 Ezech.
2573 734 2803 793 xxxvr,
2840 715 2923 780 25
2963 736 2977 779 ε
3012 713 3400 804 Effundam
3456 737 3665 806 super
3718 740 3834 783 vos

2291 840 2543 908 aquam
2599 819 2956 898 mundam,
3007 829 3070 887 et
3127 820 3661 889 mundabimini.
3703 820 3836 890 Se-

2288 928 2610 1011 cundum,
2631 937 3211 996 sacramentorum
3231 931 3597 1022 perceptio,
3628 930 3668 998 J
3674 954 3830 998 oan.

2289 1059 2359 1113 11,
2398 1037 2435 1103 6
2458 1057 2473 1103 ε
2497 1039 2722 1103 Erant
2773 1035 2869 1102 ibi
2900 1035 3191 1127 lapideae
3217 1038 3484 1128 hydriae
3502 1062 3623 1107 sex
3645 1040 3834 1130 posi-

2288 1153 2370 1209 tee
2395 1143 2763 1211 secumlnm
2796 1144 3357 1235 purificationem
3383 1146 3819 1215 Judoeorum.

2290 1249 2425 1318 Sex
2480 1252 2661 1317 enim
2712 1261 3138 1319 sacramenta
3175 1263 3469 1343 purgant
3525 1257 3826 1345 proprie,

2286 1353 2403 1421 sed
2434 1356 2795 1443 septimum
2830 1378 2968 1423 non
3006 1357 3128 1438 sie,
3162 1358 3416 1426 scilicet
3465 1361 3831 1427 matrimo-

2286 1462 2498 1542 nium,
2545 1464 2853 1551 quamvis
2891 1473 3249 1532 conservet
3285 1464 3368 1531 ab
3409 1464 3830 1554 inquinatio-

2286 1590 2393 1634 ne.
2452 1568 2776 1647 'l'ertium,
2831 1571 3074 1636 oratio,
3140 1570 3346 1638 Eccli.
3414 1594 3657 1650 xxxin,
3719 1574 3821 1640 9:

2288 1675 2425 1741 Ora
2447 1675 2846 1756 Dominum,
2889 1684 2952 1742 et
2984 1677 3123 1766 ipse
3159 1676 3429 1744 curabit
3467 1688 3551 1745 te.
3598 1678 3826 1770 Prop-

2283 1789 2382 1848 ter
2410 1780 2539 1849 hoc
2577 1782 2734 1849 dicit
2796 1782 3034 1851 Jacob.
3085 1808 3155 1864 v,
3223 1786 3340 1852 15:
3381 1787 3621 1853 Oratio
3657 1786 3828 1875 fidei

2276 1888 2575 1955 salvabit
2607 1889 3044 1977 infirmum...
3079 1915 3107 1961 .·
3131 1893 3275 1959 etsi
3296 1893 3677 1982 inpeccatis
3701 1894 3818 1975 sit,

2279 1999 2703 2065 remittentur
2721 2000 2807 2066 ei.
2835 1997 3199 2078 Quartum,
3225 1999 3818 2091 eleemosynarum

2276 2107 2566 2198 largitio.
2616 2107 2748 2176 Luc
2780 2131 2871 2186 xr,
2917 2109 2993 2175 »Η
3057 2131 3073 2173 2
3131 2111 3605 2178 Verumtamen
3635 2111 3825 2202 quod

2268 2225 2594 2306 superest,
2626 2215 2784 2285 date
2813 2217 3334 2307 eleemosynam,
3365 2227 3430 2285 et
3461 2241 3605 2286 ecce
3665 2242 3826 2286 om-

2272 2323 2390 2388 nia
2421 2323 2678 2391 munda
2732 2335 2892 2391 sunt
2941 2325 3149 2392 cobis.
3186 2326 3815 2416 Quintum,peccati

2273 2433 2577 2499 remissio
2638 2433 2763 2523 ipsi
2800 2435 3115 2524 proximo
3161 2457 3317 2502 cum
3367 2435 3702 2528 delinquit
3745 2438 3815 2504 in

2268 2560 2415 2605 nos,
2454 2537 2655 2607 licen.
2708 2562 2944 2620 xxvm,
2989 2543 3028 2607 2
3064 2563 3079 2607 ε
3121 2541 3454 2633 Relinque
3486 2546 3812 2634 proximo

2268 2654 2383 2711 tuo
2440 2647 2705 2713 nocenti
2767 2657 2853 2724 te,
2922 2658 2986 2715 et
3034 2658 3197 2714 tunc
3242 2648 3636 2740 deprecanti
3682 2649 3815 2717 tibi

2258 2762 2535 2844 peccata
2571 2752 2942 2820 solventur.
2981 2753 3141 2822 Luc.
3186 2777 3279 2837 vt,
3314 2756 3396 2823 37
3435 2778 3449 2821 τ
3486 2757 3812 2822 Dimitti-

2266 2873 2350 2941 te,
2387 2871 2446 2927 et
2474 2861 2919 2928 dimittemini
2932 2865 2974 2929 ¹.
3022 2862 3337 2942 Sextum,
3372 2872 3612 2955 potens
3641 2862 3815 2932 tole-

2267 2970 2432 3038 ratio
2499 2968 3039 3038 tribulationum.
3098 2973 3343 3039 Genes.
3412 2995 3534 3052 vn,
3608 2975 3682 3041 Η
3744 2981 3813 3042 et

2263 3099 2434 3167 seq„
2467 3074 2798 3143 Dominus
2836 3075 3018 3144 lavat
3066 3077 3398 3145 mundum
3438 3077 3636 3169 aquis
3692 3077 3805 3146 di-

2261 3185 2449 3252 luvii.
2496 3185 2573 3252 Et
2615 3185 2854 3253 fornax
2894 3195 3138 3276 purgat
3175 3209 3447 3270 aurum,
3493 3185 3805 3278 Sapient.

2262 3316 2357 3373 ιιι,
2400 3298 2439 3358 6
2493 3316 2509 3360 :
2547 3294 2899 3384 Tanquam
2940 3316 3193 3361 aurum
3224 3294 3293 3360 in
3332 3295 3618 3383 samace
3638 3317 3813 3385 pro-

2262 3398 2445 3467 buri!
2475 3399 2660 3479 illos,
2689 3398 2942 3469 scilicet
2970 3398 3220 3469 electos
3252 3398 3611 3469 Dominus.
3642 3400 3809 3492 Sep·

2260 3509 2528 3585 timum.
2597 3508 2878 3576 fratrum
2963 3509 3304 3577 revocatio
3371 3532 3410 3576 a
3442 3508 3625 3577 malo
3685 3532 3810 3601 per

2258 3615 2830 3708 praedicationem.
2863 3616 3116 3684 Jerem.
3162 3640 3277 3692 xv,
3344 3618 3426 3684 19
3462 3639 3478 3684 :
3520 3617 3605 3686 Si
3646 3639 3808 3685 con-

2256 3727 2552 3802 verteris,
2594 3735 2974 3794 emicet-tam
3008 3734 3094 3792 te.
3130 3722 3208 3793 In
3255 3723 3461 3814 liujus
3501 3725 3595 3793 rei
3635 3722 3810 3814 ligu-

2257 3856 2399 3901 ram
2447 3831 2706 3900 Eliscus
2753 3833 2999 3923 septies
3064 3854 3270 3922 super
3333 3853 3622 3921 puerum
3680 3852 3803 3899 os-

2253 3942 2509 4019 citavit,
2550 3949 2614 4008 et
2689 3939 2997 4008 Naaman
3055 3940 3306 4031 septies
3375 3941 3445 4007 in
3498 3938 3804 4008 Jordane

2252 4050 2420 4135 lavit
2446 4054 2492 4115 ⁸.

2340 4284 2372 4322 ι
2423 4259 2714 4349 Propter
2786 4255 3330 4325 retributionem.
3398 4284 3431 4320 n
3508 4256 3641 4326 llio
3704 4278 3809 4325 se·

2249 4363 2572 4443 cundum,
2640 4362 2895 4433 seilicet
2941 4385 3172 4444 causa,
3215 4371 3284 4433 et
3340 4365 3511 4432 ratio
3565 4386 3807 4457 perse-

2248 4473 2569 4540 verantiae
2607 4469 2833 4560 hujus,
2889 4493 2974 4539 ne
3022 4470 3195 4541 t'orte
3230 4469 3626 4540 viderentur
3662 4472 3808 4539 ina·

2251 4578 2320 4645 ni
2357 4577 2598 4668 gloria,
2642 4576 2750 4646 vel
2799 4576 3147 4647 mundana
3203 4577 3656 4671 prosperitate
3705 4579 3806 4647 sie

2248 4708 2700 4777 perseverare.

2336 4794 2452 4862 Ait
2487 4794 2670 4862 enim
2713 4816 2733 4864 z
2766 4792 2883 4863 Sie
2923 4816 3044 4862 cor
3076 4815 3306 4863 meum
3349 4792 3672 4862 inclinavi
3714 4791 3801 4861 ad

2251 4900 2590 4968 faciendas
2654 4901 3178 4989 justificationes
3242 4910 3395 4969 tuas
3464 4901 3538 4968 in
3601 4907 3804 4968 aeter-

2250 5030 2464 5076 num:
2519 5007 2741 5076 ctlnoc
2773 5015 2994 5075 totum
3051 5008 3226 5077 facio
3282 5038 3313 5070 α
3363 5016 3650 5101 propter
3691 5026 3804 5073 re-

2254 5116 2689 5184 tributionem
2725 5144 2758 5180 »
2791 5125 3116 5184 aeternam
3146 5138 3356 5210 quam
3406 5115 3796 5184 considero.

260 5248 455 5307 sopiam
496 5258 580 5294 no-
696 5234 781 5303 Et
817 5241 1003 5315 nota,
1056 5231 1239 5324 quod
1296 5231 1460 5301 dicit
1495 5228 2035 5321 justificationes
2079 5228 2149 5294 in
2254 5224 2581 5294 l‘roverb.
2617 5247 2764 5304 xm,
2808 5227 2884 5292 21
2962 5243 2981 5295 ε
3041 5227 3264 5294 Iustis
3335 5222 3804 5293 retribuentur

280 5304 427 5349 tanda

260 5360 324 5405 aa
349 5312 579 5416 jun-‹ffi-
609 5341 879 5435 plurali,
913 5340 1073 5431 quia
1117 5347 1378 5432 septem
1425 5345 1586 5406 sunt
1613 5358 1735 5427 per
1764 5358 1915 5426 quae
1944 5334 2154 5425 justi·
2254 5333 2455 5414 bona,
2497 5343 2563 5403 et
2618 5342 2869 5403 aeterna
2902 5333 3108 5403 bona.
3151 5332 3395 5402 Matth.
3439 5354 3600 5410 xxv,
3655 5331 3742 5400 34
3778 5351 3796 5400 ε

259 5415 438 5462 utonem
465 5421 582 5456 eon·

337 5468 504 5516 ιυωιιι
611 5448 854 5517 ficatur
921 5444 1172 5515 anima.
1233 5444 1544 5513 Primum
1593 5451 1695 5512 est
1730 5442 2148 5534 praedicatio·
2269 5444 2511 5525 l'enite,
2581 5440 2909 5510 benedicti
2945 5441 3185 5510 Patris
3246 5441 3408 5525 mei,
3456 5438 3802 5532 possidete

685 5686 798 5747 ¹Cl'
845 5684 1043 5744 nauh.
1079 5700 1150 5755 vr,
1184 5682 1251 5739 {4
1283 5685 1344 5738 et
1375 5681 1464 5751 ¹5,
1494 5685 1555 5738 et
1582 5697 1738 5750 nm,
1765 5682 1856 5737 33.

2323 5674 2345 5711 ⁸
2372 5674 2458 5730 Cf.
2495 5676 2566 5730 lv
2607 5677 2744 5749 neg.
2785 5692 2861 5745 ιν,
2894 5677 2955 5732 21
2993 5676 3053 5731 et
3080 5690 3246 5748 seq.;
3277 5678 3419 5745 etv,
3451 5675 3473 5730 ¹
3505 5674 3566 5731 et
3590 5686 3720 5745 seq.
