5008 6329
574 297 648 360 12
1588 296 1671 365 D.
1724 295 1922 361 ALB.
1980 290 2200 358 MAG.
2254 291 2458 358 0111).
2515 292 2809 359 PRAED.

566 460 829 526 Filium
894 460 1191 530 hominis
1257 466 1626 531 venientem
1675 464 1745 528 in
1808 459 2109 528 nubibus

564 565 716 630 coeli
750 587 903 632 cum
947 570 1199 635 virtute
1228 570 1478 648 mulla,
1539 577 1602 633 ct
1642 567 2008 655 majcslalc
2057 587 2102 630 ι.

443 756 450 762 ¹
565 670 649 737 Et
706 672 862 739 mali
914 675 1359 765 expellentur,
1416 673 1541 740 lsa.
1594 696 1783 758 xxvi,
1842 674 1921 741 10
1969 673 2110 740 :In

566 788 744 845 terra
800 791 1188 850 sanctorum
1266 782 1509 870 iniqua
1569 783 1800 869 qcssit,
1855 793 1916 851 el
1973 803 2110 848 non

2316 456 2392 523 In
2430 460 2650 547 prima
2680 459 2838 525 duo.
2882 458 3143 537 Primo,
3179 468 3529 548 gestorum
3579 481 3771 525 com-

2224 563 2568 633 mendatio
2592 566 2867 654 scripto,
2902 573 2976 631 ut
3004 564 3278 631 illorum
3313 575 3583 632 maneat
3623 586 3771 631 me-

2225 673 2466 740 moria.
2540 670 2879 755 Secundo,
2934 671 3118 761 quod
3165 692 3458 761 sequens
3525 678 3625 736 est
3688 668 3771 735 ad

2222 781 2377 858 hoc,
2424 781 2643 849 laudis
2673 779 2920 849 Christi
2962 779 3412 855 continuatiO,
3446 777 3566 861 ibi,
3612 804 3645 838 «
3678 778 3773 841 Et

566 891 815 958 videbit
839 894 1143 983 qloriam
1193 893 1497 960 Domini.
1554 892 1637 959 Et
1702 894 1837 962 alia
1886 895 2115 963 littera
2215 889 2546 980 populus·
2587 916 2618 955 ιν

567 997 768 1067 habet
802 1022 816 1068 :
858 1026 889 1065 (ι
932 999 1239 1067 Tollatur
1286 1001 1536 1089 impius
1587 1024 1671 1069 ne
1701 1003 1930 1070 videat
1969 1004 2114 1095 glo·

576 1137 608 1177 α
644 1114 813 1178 riam
852 1110 1001 1180 Dei.
1041 1140 1072 1173 >³

670 1462 702 1495 «
734 1434 1053 1523 Respexit
1106 1434 1175 1500 in
1218 1437 1616 1502 orationem.
1665 1461 1696 1500 »
1744 1434 1873 1502 Hic
1920 1455 2120 1525 quar-

578 1550 748 1621 tum,
805 1542 1057 1610 scilicet
1115 1566 1251 1634 quo
1317 1546 1575 1611 motivo
1615 1543 1973 1612 aedisieavit
2027 1543 2119 1610 il-

574 1652 735 1730 lam,
776 1652 1032 1722 scilicet
1060 1665 1336 1745 propter
1379 1656 1723 1723 orationes
1746 1653 2117 1722 humilium

573 1763 791 1851 ipsum
839 1771 1159 1853 urgentes
1196 1787 1211 1833 ε
1282 1764 1361 1831 de
1429 1764 1677 1855 quibus
1742 1771 2122 1854 tanguntur

569 1868 727 1939 due.
757 1870 1090 1955 Primum,
1137 1873 1296 1962 quia
1330 1872 1857 1963 precesillorum
1890 1871 2115 1939 humi-

570 1976 732 2046 lium
766 1980 1085 2069 suscepit.
1114 1978 1531 2060 Secundum,
1576 1981 1734 2071 quia
1764 1988 2117 2071 susceptos

570 2084 935 2169 exaudivit,
969 2086 1087 2170 ibi,
1152 2116 1184 2150 «
1228 2090 1323 2156 Et
1367 2113 1501 2156 non
1537 2090 1812 2180 spreuit.
1860 2114 1894 2155 a

659 2193 834 2262 Dicit
870 2216 1030 2283 crgo
1066 2219 1081 2262 ε
1119 2196 1233 2263 Sic
1287 2196 1644 2264 aedificavit
1691 2195 2064 2264 Ecclesiam
2098 2218 2114 2264 :

571 2301 686 2369 sed
716 2324 923 2392 quare
958 2302 1111 2370 fecit
1151 2300 1333 2371 hoc?
1366 2326 1502 2395 quo
1538 2312 1855 2372 movente
1886 2304 1923 2371 ⁴?
1960 2301 2120 2372 Cer-

571 2414 636 2473 te
666 2409 824 2497 quia
866 2435 895 2470 α
925 2409 1242 2498 respexit,
1290 2435 1322 2471 ιι
1367 2408 1567 2478 oculo
1626 2410 1923 2501 pietatiS,
1971 2436 2008 2474 α
2043 2409 2116 2476 in

578 2518 918 2584 orationes
977 2516 1352 2585 humilium
1398 2540 1412 2584 :
1451 2547 1486 2581 »
1521 2518 1771 2609 quippe
1823 2516 2122 2585 humiles

576 2622 945 2713 elegitJad
977 2623 1283 2692 Corinth.
1321 2648 1368 2703 ι,
1421 2627 1503 2692 27
1542 2649 1556 2692 :
1592 2625 1885 2712 Infirma
1927 2647 2126 2693 mun-

577 2730 651 2797 di
711 2732 920 2822 eleqi!
946 2735 1156 2801 Deus.
1184 2731 1471 2824 Propter
1500 2732 1685 2826 quod
1719 2731 2125 2814 ‹licitur‚Sa-

582 2840 789 2930 pient.
862 2864 951 2917 iv,
1023 2843 1099 2907 15
1157 2864 1173 2909 :
1238 2842 1329 2908 Et
1372 2850 1705 2932 respectus
1761 2843 1830 2909 iu
1881 2840 2124 2908 electos

579 2945 796 3016 illius.
851 2945 1129 3026 lterum,
1195 2946 1398 3016 Eccli.
1451 2971 1662 3028 xxxv,
1733 2951 1809 3017 21
1891 2972 1907 3018 :
1968 2950 2124 3018 Non

581 3051 875 3122 discedet
982 3052 1192 3121 donec
1286 3052 1692 3123 Altissimus
1799 3055 2124 3147 respiciat

578 3182 750 3228 eam.
797 3158 1084 3252 Propter
1103 3158 1233 3229 hoc
1280 3160 1443 3230 dicit
1485 3160 1598 3230 illa
1637 3161 1872 3242 Beata,
1915 3186 2123 3255 quam

579 3276 986 3360 respexerat,
1039 3268 1198 3337 Luc.
1236 3292 1281 3348 ι,
1323 3271 1409 3338 48
1443 3293 1459 3338 ε
1499 3273 1819 3364 Hesperi!
1884 3273 2125 3340 Immi-

581 3377 840 3446 Iilatem
880 3377 1155 3447 ancillae
1183 3402 1350 3449 suar.

671 3640 704 3678 ι
728 3613 823 3682 Ee
848 3637 983 3682 non
1009 3613 1468 3706 sprevil.»ilic
1486 3614 1888 3683 secundum.
1915 3614 2125 3694 Quasi

581 3717 830 3788 diceret
870 3741 887 3787 :
932 3717 1253 3787 Nondum
1296 3721 1586 3812 inspexit
1643 3728 1719 3788 ut
1767 3721 2118 3812 reciperet,

587 3850 622 3891 ι
644 3834 709 3892 et
726 3848 859 3892 non
884 3826 1141 3918 sprevit
1153 3848 1417 3917 precem
1437 3848 1742 3908 eorum.»
1766 3827 1931 3917 quin
1962 3827 2131 3920 peti·

587 3941 730 4001 tum
787 3932 1210 4024 adimpleret.
1256 3932 1333 4001 ln
1391 3932 1571 4001 l‘sal.
1607 3957 1748 4014 xxi,
1806 3936 2124 4004 25:1von

583 4042 861 4132 sprevit,
928 4064 1146 4133 neque
1207 4041 1515 4133 despexit
1584 4042 2129 4134 deprecationem

580 4149 929 4240 pauperis.
997 4147 1264 4230 Judith,
1333 4171 1428 4229 ix,
1494 4151 1573 4218 16
1642 4171 1659 4216 :
1730 4149 2130 4219 Ilumilium

587 4266 652 4323 e!
687 4265 1196 4325 mansuetorum
1252 4280 1516 4347 semper
1543 4256 1672 4324 tibi
1690 4256 1966 4350 placui!
2011 4257 2137 4326 de-

580 4366 906 4458 precatio.

684 4602 717 4642 ι
758 4572 1168 4645 scribantur
1201 4576 1364 4643 lia-c.
1395 4601 1427 4639 ι
1469 4574 1598 4645 uie
1625 4576 1999 4645 secundum
2037 4584 2140 4644 to-

591 4682 726 4752 tius
761 4679 965 4774 hujus
997 4685 1231 4774 partia,
1266 4684 1333 4751 in
1364 4706 1499 4776 qua
1537 4685 1762 4776 agitur
1788 4681 1872 4752 de
1911 4682 2141 4754 Eccle-

591 4790 706 4859 sioe
769 4789 1237 4860 edificatione.
1300 4791 1472 4860 Cum
1528 4794 1713 4862 enim
1768 4791 2144 4860 ostenderit

592 4897 965 4990 quomode,
998 4908 1063 4968 et
1101 4921 1223 4990 per
1268 4921 1500 4990 quem,
1542 4907 1608 4968 et
1644 4922 1730 4968 cx
1767 4897 2039 4990 quibua,
2074 4906 2143 4967 et

595 5030 633 5075 a
691 5028 827 5097 quo
894 5005 1225 5076 aediticata
1302 5009 1451 5087 tuit,
1519 5006 1961 5099 subjungitur
2029 5004 2144 5076 hic

596 5114 842 5185 actoris
904 5113 1376 5184 aediticationis
1432 5112 1938 5185 commendatio
1995 5136 2016 5188 t
2077 5122 2145 5184 et

594 5223 913 5292 dicuntur
969 5220 1131 5290 duo.
1176 5220 1437 5303 Primo,
1496 5221 1681 5315 quod
1726 5219 2138 5293 laudabitur.

600 5327 942 5415 Secundo,
997 5328 1337 5423 probatio,
1398 5330 1582 5422 quod
1627 5330 1803 5401 bene
1855 5327 2146 5399 laudan-

591 5438 743 5518 dua,
787 5438 904 5519 ibi,
936 5447 1002 5517 ὴ.
1044 5442 1130 5509 20
1164 5466 1180 5508 ε
1217 5469 1254 5506 ι
1297 5441 1479 5527 Quia
1509 5442 1890 5533 prospexit.
1929 5465 1963 5506 ι

670 5677 691 5714 ¹
718 5672 807 5732 ΩΙ.
839 5672 974 5730 Luc.
1001 5686 1123 5741 xxi,
1149 5672 1244 5729 2⁴1.

2313 997 2492 1064 Dicit
2531 1021 2691 1088 ergo
2726 1022 2741 1065 :
2782 997 2895 1064 Sic
2934 996 3262 1065 :edificata
3321 1004 3422 1063 est
3473 990 3773 1061 Ecclesia

2227 1126 2263 1170 a
2292 1103 2439 1172 Deo
2489 1107 2853 1172 miserante
2901 1104 3329 1172 orationibus
3380 1101 3769 1170 humilium.

2229 1235 2265 1276 α
2298 1213 2460 1279 Haec
2491 1237 2525 1278 a
2568 1234 2755 1303 ergo,
2790 1234 2875 1279 ne
2915 1212 2985 1279 in
3016 1210 3435 1279 oblivionem
3468 1209 3770 1283 veniant,

2228 1342 2264 1383 α
2295 1317 2708 1398 scribantur,
2768 1346 2799 1385 ω
2869 1319 3117 1410 scripto
3178 1314 3769 1391 commendentur,

2229 1456 2266 1494 α
2300 1431 2372 1496 in
2425 1431 2861 1521 qcncratione
2918 1429 3167 1508 altera,
3241 1456 3273 1490 »
3329 1426 3580 1495 futura.
3647 1423 3773 1490 [sa.

2226 1560 2390 1616 xxx,
2427 1538 2466 1604 8
2501 1561 2518 1603 :
2552 1536 2788 1605 Scribe
2814 1539 2879 1603 ci
2920 1560 3125 1628 super
3157 1535 3451 1612 buxum,
3485 1542 3548 1599 ct
3580 1533 3648 1598 in
3701 1529 3785 1595 li-

2232 1642 2351 1711 bro
2382 1644 2748 1735 diliqenler
2793 1668 3005 1712 exara
3038 1642 3247 1724 illud,
3291 1649 3356 1708 ct
3393 1641 3521 1708 erit
3563 1640 3630 1705 in
3671 1638 3781 1704 die

2229 1752 2593 1818 novissimo
2628 1753 2694 1819 in
2727 1752 3192 1818 testimonium
3225 1771 3441 1840 usque
3471 1749 3540 1813 in
3578 1756 3779 1814 ceter-

2229 1882 2423 1928 nmn.
2482 1858 2649 1927 Haec
2713 1859 2838 1926 fuit
2912 1857 3242 1948 sapientia
3316 1853 3783 1945 Evangelista-

2232 1990 2409 2045 rum,
2478 1968 2592 2058 qui
2654 1969 3064 2056 scripserunt
3113 1986 3265 2055 quae
3322 1961 3643 2029 viderunt
3694 1957 3776 2027 de

2232 2075 2500 2145 Christo
2545 2084 2611 2145 et
2675 2070 3058 2155 audierunt,
3121 2073 3206 2142 ad
3244 2072 3608 2140 utilitatem
3666 2093 3780 2137 se-

2231 2189 2612 2277 quentium.
2679 2186 2878 2253 Joau.
2948 2206 3066 2265 xx,
3125 2184 3202 2250 31
3263 2205 3277 2248 :
3342 2183 3504 2251 Ilaec
3549 2187 3779 2247 autem

2227 2296 2487 2387 scripta
2532 2304 2693 2362 suut
2750 2305 2827 2361 ut
2888 2291 3183 2360 credatis
3211 2292 3380 2381 quia
3433 2291 3632 2358 lesus
3685 2296 3783 2354 est

2234 2405 2570 2482 Christus,
2630 2402 2859 2470 Filius
2924 2401 3079 2483 Dei,
3139 2409 3201 2467 ct
3271 2409 3348 2466 u!
3412 2396 3772 2470 credentes,

2232 2514 2446 2580 citam
2484 2510 2794 2578 habeatis
2825 2511 2895 2577 in
2923 2510 3197 2575 nominc
3225 2505 3406 2596 ejus.

2325 2750 2360 2791 ι
2403 2726 2498 2794 Et
2519 2722 2847 2815 populus.
2888 2747 2919 2786 »
2962 2719 3091 2786 Hic
3129 2716 3531 2787 secundum.
3576 2713 3785 2793 Quasi

2231 2833 2482 2902 diceret
2519 2857 2534 2901 ε
2573 2831 2686 2899 Sic
2743 2854 3020 2909 monce,
3081 2826 3265 2918 quod
3322 2824 3712 2894 scribantur
3766 2845 3782 2891 :

2235 2968 2268 3006 ι
2319 2943 2417 3010 Et
2446 2938 2752 3033 populus
2790 2940 2914 3030 qui
2938 2936 3305 3004 creabitur.
3358 2960 3390 2999 a
3442 2932 3612 3012 Quis
3667 2932 3789 2997 iste

2232 3048 2585 3142 populus?
2629 3050 2774 3138 jam
2832 3048 3015 3115 enim
3083 3043 3293 3134 aliqui
3352 3039 3592 3134 populi
3648 3061 3788 3107 non

2232 3156 2526 3228 fiuntdc
2580 3155 2822 3236 nihilo,
2890 3156 3066 3224 sicut
3121 3152 3367 3222 Genea.
3439 3172 3486 3234 ι,
3553 3150 3580 3217 1
3637 3171 3651 3216 :
3705 3147 3786 3216 In

2226 3270 2575 3361 principio
2604 3268 2855 3336 creavit
2886 3268 3072 3334 Deus
3100 3263 3349 3332 coelum
3405 3269 3471 3329 et
3498 3271 3779 3328 terram.

2228 3377 2541 3470 Tropice,
2583 3376 2857 3469 quando
2903 3374 2986 3444 de
3029 3382 3384 3465 peccatore
3426 3370 3500 3438 tit
3529 3369 3781 3458 justus.

2233 3485 2597 3554 Peccatum
2672 3485 2856 3553 enim
2930 3481 3090 3550 facit
3173 3479 3530 3548 hominem
3617 3471 3787 3543 nihil

2234 3616 2406 3663 esse.
2442 3592 2686 3662 Ezech.
2729 3614 2965 3672 xxviii,
3013 3592 3094 3658 19
3129 3613 3145 3658 :
3179 3587 3410 3658 Nihili
3435 3589 3669 3676 lactus
3696 3606 3785 3660 cs,

2233 3699 2482 3770 dicitur
2535 3701 2869 3793 peccatori
2926 3696 3196 3789 angelo.
3242 3693 3425 3786 Ergo
3481 3714 3638 3762 cum
3703 3688 3786 3758 de

2234 3818 2590 3901 peccatore
2645 3808 2872 3896 justua
2919 3803 3231 3880 eflicitur,
3286 3810 3558 3871 creatur
3611 3821 3790 3889 quo-

2234 3915 2632 3985 dammodo.
2731 3913 3018 4005 Propter
3116 3909 3247 3980 hoc
3351 3908 3601 3977 dicitur
3709 3906 3778 3974 in

2237 4022 2421 4094 l’aal.
2512 4046 2575 4104 ι,
2649 4024 2728 4090 12
2791 4044 2808 4090 ;
2873 4021 3009 4091 Cor
3067 4016 3406 4087 'nundum
3472 4038 3627 4084 crea
3710 4014 3782 4080 in

2239 4155 2370 4212 me,
2422 4135 2634 4202 Deus.
2688 4129 2748 4198 11
2825 4128 2911 4197 ad
2965 4125 3275 4197 Corinth.
3331 4148 3404 4205 v,
3461 4123 3539 4192 17
3620 4143 3638 4190 :
3703 4119 3787 4190 Si

2239 4267 2381 4339 qua
2455 4264 2616 4334 erqo
2700 4242 2771 4308 in
2856 4238 3125 4308 Christo
3201 4257 3381 4304 nova
3443 4240 3784 4307 creatura,

2240 4362 2468 4423 vetera
2522 4349 2967 4419 transierunt.
3032 4343 3269 4413 Jacob.
3341 4365 3390 4425 ι,
3455 4342 3536 4410 18
3591 4362 3609 4408 :
3671 4338 3787 4406 Vo-

2244 4461 2550 4534 luntarie
2600 4459 2779 4528 em'm
2855 4456 3095 4547 genuit
3148 4475 3273 4521 nos
3341 4446 3542 4519 verbo
3608 4446 3790 4515 ceri-

2243 4573 2434 4656 talis,
2502 4579 2580 4637 ut
2630 4569 2848 4636 simus
2906 4565 3183 4633 initium
3241 4555 3542 4652 aliqtaod
3598 4577 3786 4624 crea·

2241 4693 2417 4751 turae
2496 4679 2677 4770 ejus.
2747 4674 2875 4745 llic
2967 4669 3262 4764 populus
3353 4693 3389 4734 ι
3468 4662 3791 4736 laudabit

2241 4788 2650 4858 Dominum.
2694 4809 2728 4850 a
2776 4781 3031 4850 Jerem.
3079 4800 3270 4856 xxxi,
3331 4776 3410 4844 ¹2
3473 4797 3489 4844 ε
3552 4775 3647 4841 Et
3676 4795 3792 4841 vc-

2243 4895 2453 4970 m‘ent,
2501 4900 2567 4959 et
2615 4885 3005 4958 laudabunt
3035 4884 3105 4952 in
3154 4891 3383 4950 monte
3416 4880 3613 4950 Sion.
3657 4875 3788 4944 lsa.

2245 5025 2359 5084 mr,
2393 5002 2435 5070 8
2471 5025 2487 5071 ε
2522 4995 2762 5071 Simul
2789 4991 3201 5069 laudabunt,
3244 4992 3415 5082 quia
3461 4985 3661 5056 oculo
3702 4982 3800 5054 ad

2247 5107 2529 5180 oculum
2562 5103 2909 5184 ridebunt,
2940 5123 3094 5171 cum
3126 5095 3531 5168 converterit
3560 5092 3796 5163 Domi·

2248 5245 2380 5296 nus
2405 5224 2602 5295 Sion.
