5008 6329
693 289 819 356 522

689 460 902 551 ponit,
942 488 974 522 «
1007 468 1071 526 et
1103 486 1137 522 υ
1167 460 1263 526 sic
1295 484 1326 520 «
1346 463 1558 546 parat
1603 462 1794 519 terrae
1821 448 2166 541 pluviam,
2198 475 2230 508 n

690 567 757 635 id
797 576 918 646 est,
962 565 1340 634 doctrinam
1383 559 1698 626 Ecclesiae
1730 564 2007 624 sanctae.
2046 553 2227 621 Psal.

689 696 892 752 mvn,
941 673 1020 738 10
1058 693 1072 737 :
1126 667 1457 736 Pluviam
1498 662 1968 729 voluntariam
2006 682 2234 748 seqre-

627 781 631 786 ’
683 781 903 873 qubiS,
929 779 1140 856 Deus,
1172 770 1560 840 haereditati
1590 778 1758 834 tuse:
1782 778 1844 835 et
1877 766 2232 852 infirmata

686 884 802 957 est.
836 882 993 968 Jhob,
1027 901 1314 961 xxxvm,
1347 879 1431 944 28
1465 898 1479 943 :
1510 876 1677 961 Quis
1707 883 1802 940 est
1816 872 2080 963 pluviae
2105 894 2231 961 pa-

687 1003 810 1074 ter,
842 987 1077 1077 etquis
1100 984 1342 1076 qenuit
1354 979 1590 1050 stillas
1611 979 1786 1047 roris
1820 975 1862 1044 1⁷
1892 974 2224 1044 Ezechiel.

684 1121 919 1181 xxxW,
962 1096 1086 1163 26:
1150 1093 1425 1162 Pluviae
1459 1087 1942 1158 benedictionis
1996 1094 2221 1155 erunt.

773 1332 805 1371 α
853 1306 989 1392 Qui
1019 1301 1341 1395 producit
1381 1301 1453 1368 in
1481 1297 1851 1404 montibus.
1893 1322 1927 1360 n
1969 1296 2096 1364 Hic
2116 1317 2226 1362 se-

680 1412 999 1489 cundum,
1051 1406 1379 1477 exhibitio
1428 1402 1737 1472 beneficii
1790 1401 2160 1491 corporalis
2204 1422 2218 1466 ε

678 1528 743 1589 et
799 1523 1170 1609 tanguntur
1216 1513 1377 1580 duo.
1438 1511 1701 1588 Prim0,
1746 1506 2221 1600 temporalium

676 1628 1011 1697 bonorum
1078 1622 1463 1714 productio.
1532 1618 1875 1700 Secundo,
1947 1617 2217 1709 quibuS,

675 1737 793 1823 ibi,
830 1761 861 1802 α
905 1734 1261 1805 Servituti.
1305 1757 1335 1794 s

761 1845 941 1914 Dicit
968 1867 1129 1937 ergo
1156 1865 1170 1910 ε
1208 1842 1324 1911 Sic
1346 1840 1768 1931 Scripturam
1790 1839 2219 1930 praeparavit,

677 1980 710 2021 ι
768 1962 833 2022 et
877 1978 911 2019 a
973 1953 1179 2021 etiam
1232 1950 1376 2042 ipse
1433 1955 1560 2030 est,
1625 1974 1660 2011 α
1731 1949 1857 2037 qui
1895 1946 2222 2040 producit

673 2064 744 2130 in
785 2059 1150 2140 montibus,
1185 2084 1221 2122 n
1273 2059 1342 2126 in
1396 2056 1666 2147 magnis
1707 2052 1911 2143 hujus
1950 2054 2213 2136 mundi,

672 2179 740 2240 et
776 2168 1120 2253 divitibus,
1177 2195 1211 2231 α
1242 2168 1534 2258 loenum,
1582 2192 1613 2226 »
1642 2164 1786 2253 jam
1830 2163 2047 2254 magis
2078 2185 2218 2230 ma·

672 2289 924 2360 turum,
959 2286 1034 2347 ut
1061 2279 1148 2346 sit
1191 2282 1808 2345 sustentamentum
1849 2273 2213 2361 majorum,

674 2416 707 2457 ι
733 2393 825 2459 Et
860 2387 1165 2472 herbam,
1195 2411 1227 2451 ι
1255 2386 1473 2477 magis
1504 2393 1832 2462 teneram,
1867 2390 1941 2449 ut
1972 2382 2057 2449 sit
2079 2403 2221 2448 sus-

670 2504 1164 2566 tentamentum
1196 2492 1542 2560 minorum
1571 2512 1586 2560 :
1613 2489 1744 2558 hoc
1764 2497 1866 2557 est
1897 2487 2215 2568 breviter,

671 2604 1084 2674 abundantia
1111 2599 1621 2692 temporalium.
1645 2594 1973 2665 Proverb.
2001 2618 2214 2676 xxvn,

670 2716 753 2782 25
799 2736 814 2780 :
856 2713 1111 2802 Aperta
1149 2718 1312 2776 sunt
1361 2716 1598 2798 prata,
1645 2715 1709 2772 et
1745 2713 2218 2796 apparuerunt

667 2819 885 2888 lierbae
913 2820 1223 2896 virentes,
1275 2824 1339 2883 et
1365 2813 1653 2882 collecta
1715 2822 1879 2881 sunt
1918 2814 2109 2903 scena
2137 2811 2220 2879 de

668 2924 1033 2995 montibus.
1069 2923 1337 2991 Montes
1366 2921 1550 2990 enim
1584 2928 1743 2988 sunt
1773 2919 1892 2987 alti
1924 2921 1991 2987 in
2025 2942 2221 2987 mun-

668 3035 779 3113 do,
824 3041 888 3102 et
913 3040 1247 3123 potentes,
1282 3029 1364 3098 de
1410 3027 1685 3120 quibus,
1722 3027 1851 3095 Isa.
1911 3049 2043 3104 mv,
2083 3028 2162 3095 10
2198 3049 2213 3095 ε

670 3147 928 3214 Montes
963 3137 1590 3217 commovebuntur,
1631 3145 1695 3205 et
1732 3135 1939 3206 eolles
1967 3145 2221 3204 contre-

669 3251 967 3319 miscent.
1016 3246 1153 3315 Sed
1198 3246 1307 3314 isti
1357 3245 1579 3313 lerunt
1623 3243 1870 3312 herbas
1926 3251 1992 3310 et
2040 3243 2218 3310 foena

669 3380 892 3429 rerum
931 3352 1438 3446 temporalium.
1479 3352 1637 3430 Job,
1683 3374 1792 3429 xz,
1832 3352 1913 3419 15
1958 3372 1973 3417 τ
2007 3352 2213 3429 Huic,

669 3467 919 3539 scilicet
956 3462 1367 3543 Behemoth,
1394 3471 1654 3530 montes
1681 3459 1926 3529 herbas
1951 3461 2213 3550 ferierit.

763 3605 796 3640 α
836 3573 1168 3645 Servituti
1218 3571 1603 3640 hominum.
1643 3594 1675 3634 ιι
1721 3567 1892 3637 Ecce
1940 3566 2215 3657 quibus,

669 3694 745 3754 ut
780 3684 1077 3753 serviant
1113 3681 1183 3749 in
1224 3680 1370 3747 istis
1400 3674 1796 3746 hominibus
1826 3675 2220 3768 praedicato-

670 3791 881 3871 ribus,
924 3796 991 3859 et
1035 3785 1456 3864 doctoribus,
1506 3791 1585 3852 ut
1628 3781 1994 3874 impleatur
2049 3779 2217 3849 illud

674 3898 915 3968 Genes.
949 3916 1114 3976 xxV,
1157 3893 1242 3963 23
1276 3914 1294 3961 ε
1337 3889 1581 3981 Major
1640 3889 1883 3957 serviet
1936 3888 2213 3972 minori,

674 4012 745 4079 in
796 4002 1313 4097 temporalibus,
1390 4010 1454 4070 et
1511 4000 1759 4082 minor,
1820 3996 2099 4067 humilis
2155 4006 2221 4068 et

673 4137 951 4208 pauper,
1001 4110 1287 4202 majori,
1358 4112 1428 4177 in
1503 4104 1989 4198 spiritualibus„
2047 4104 2075 4172 1
2133 4103 2219 4173 ad

676 4218 979 4292 Corinth.
1022 4242 1117 4302 xx,
1154 4219 1228 4287 1¹
1271 4239 1287 4285 ε
1323 4216 1555 4287 Sinos
1590 4212 1780 4282 vobis
1808 4211 2215 4305 spiritualia

673 4329 1176 4404 seminavimus,
1247 4344 1584 4417 maynum
1639 4329 1737 4391 est
1782 4322 1846 4389 si
1901 4319 2219 4390 carnalia

676 4447 895 4508 vestra
944 4445 1282 4504 metamus
1324 4430 1367 4501 ?
1411 4430 1543 4503 lsa.
1574 4452 1757 4512 xux,
1802 4429 1887 4499 23
1933 4451 1950 4497 ε
1990 4431 2219 4498 Erunt

677 4569 862 4639 reyes
922 4542 1200 4613 nutritii
1270 4541 1400 4627 tui,
1480 4548 1545 4609 et
1605 4538 1859 4629 reqinoe
1921 4537 2217 4605 nutrices

677 4665 832 4725 tuae.

780 5002 813 5043 ι
867 4958 1004 5061 0άί
1064 4968 1187 5038 dat
1241 4970 1609 5061 jumentis.
1678 4997 1711 5031 »ι
1751 4967 1883 5038 Hic
1918 4967 2220 5048 tertium,

688 5078 937 5149 scilicet
980 5073 1289 5144 beneficii
1329 5071 1697 5164 spiritualis
1743 5071 2098 5141 exhibitio.
2139 5070 2224 5137 Et

684 5187 933 5280 primo,
964 5180 1291 5253 exhibitio
1322 5177 1692 5271 spiritualis
1734 5178 1865 5246 cibi
1906 5177 2226 5269 simplici-

681 5294 831 5364 bus.
865 5288 1206 5368 Secundo,
1232 5293 1661 5380 peccatorum
1691 5284 2217 5361 successoribus,

681 5403 803 5485 ibi,
840 5426 873 5467 ι
914 5400 1011 5471 Et
1030 5396 1259 5490 pullis
1287 5417 1669 5465 corvorum.
1709 5419 1744 5461 »

766 5509 947 5581 Dicit
982 5528 1144 5599 ergo
1198 5527 1214 5573 ε
1263 5504 1378 5573 Sic
1426 5504 1542 5572 dat
1590 5502 1982 5572 doctoribus
2026 5502 2225 5571 bene·

682 5624 909 5693 licium
947 5612 1296 5707 corporale
1328 5637 1366 5680 a
1403 5610 1748 5679 montibus
1793 5633 1809 5678 ε
1847 5618 1914 5679 et
1942 5611 2087 5702 ipse
2125 5618 2225 5680 est

1690 277 1771 344 1).
1825 274 2026 343 ALB.
2080 273 2298 341 MAG.
2353 272 2561 342 ORD.
2617 272 2911 340 PRAED.

2347 449 2583 529 etiam,
2632 472 2665 513 ι
2698 448 2821 538 qui
2851 445 2972 513 dat
3000 467 3219 512 escam
3270 444 3577 534 ipsorum
3605 439 3899 530 jumen-

2343 556 2452 632 tis,
2493 579 2528 620 »
2571 552 2990 644 simplicibus
3039 553 3108 618 in
3157 549 3481 626 Ecclesia,
3526 547 3607 615 de
3648 546 3896 637 quibus

2342 685 2570 752 supra,
2609 666 2678 729 in
2739 662 2919 729 Psal.
2978 684 3188 738 xxxV,
3244 661 3281 727 7
3347 682 3362 725 ε
3436 659 3763 726 Homines
3829 664 3892 722 et

2329 769 2659 858 jumenta
2687 768 3015 847 salvabis,
3091 770 3409 836 Domine.
3455 766 3562 841 Et,
3600 762 3781 840 Joel,
3817 786 3888 842 n,

2339 875 2476 942 22:
2540 874 2770 943 Nolite
2837 876 3094 956 timere,
3155 873 3498 940 animalia
3566 871 3887 961 reqionis,

2335 984 2504 1072 quia
2578 983 3133 1073 qerminaverunt
3213 981 3518 1071 speciosa
3613 978 3881 1046 deserti.

2333 1089 2559 1168 Jonae,
2593 1113 2662 1169 v,
2700 1091 2771 1156 11
2815 1111 2830 1155 τ
2858 1091 2951 1156 Et
2980 1111 3101 1180 eqo
3132 1111 3267 1154 non
3290 1107 3579 1177 parcam
3612 1086 3882 1164 Ninive,

2338 1198 2607 1265 civitati
2652 1218 2943 1286 maqnae,
2989 1197 3059 1261 in
3106 1217 3245 1285 qua
3309 1202 3472 1260 sunt
3504 1193 3885 1283 plusquam

2333 1315 2602 1374 eentum
2633 1305 2880 1396 viqinti
2919 1303 3151 1371 millia
3190 1303 3552 1370 hominum
3606 1301 3733 1390 qui
3775 1320 3886 1365 ne-

2330 1417 2557 1483 sciunt
2622 1412 2796 1504 quid
2826 1415 2917 1480 sit
2972 1415 3150 1479 inter
3199 1413 3552 1479 dexteram
3599 1418 3663 1478 et
3709 1408 3887 1475 sini-

2329 1533 2549 1590 stram
2575 1543 2803 1602 suain,
2839 1531 2899 1587 et
2917 1520 3246 1611 jumenta
3268 1518 3497 1586 multa
3519 1516 3559 1584 Ρ

2434 1658 2463 1694 α
2501 1632 2597 1698 Et
2653 1630 2874 1722 pullis
2937 1651 3313 1704 corvorum,
3381 1652 3415 1692 n
3480 1634 3729 1717 repete,
3772 1625 3888 1692 dat

2331 1758 2582 1820 escam,
2655 1735 2723 1805 id
2769 1744 2895 1816 est,
2947 1735 3103 1803 tiliis
3151 1733 3537 1827 gentilium,
3592 1731 3883 1822 peccatis

2329 1848 2685 1939 nigrorum
2715 1855 2782 1916 et
2808 1845 3265 1927 horribilium,
3324 1873 3354 1908 «ι
3410 1840 3883 1911 invocantibus

2327 1980 2508 2025 eum.
2548 1982 2580 2022 ι
2624 1955 2825 2025 Corvi
2866 1956 3140 2024 fuerunt
3189 1962 3416 2044 patres
3458 1952 3702 2031 nostri,
3763 1950 3880 2042 qui

2326 2068 2697 2136 morientes
2729 2068 2797 2135 in
2838 2073 3111 2158 peccato
3162 2065 3588 2144 idololatriae,
3634 2061 3875 2130 nolue-

2327 2182 2485 2244 runt
2506 2175 2593 2243 ad
2612 2197 2835 2244 arcam
2860 2173 3105 2242 reverti
3154 2173 3426 2262 (Genes.
3453 2194 3598 2251 vni,
3624 2172 3692 2256 7,
3715 2167 3879 2237 Cor-

2325 2305 2453 2350 vus
2491 2304 2632 2351 non
2661 2289 2761 2350 est
2787 2303 3095 2350 reversus
3149 2280 3234 2348 ad
3265 2281 3545 2370 arcam),
3583 2297 3878 2370 quorum

2325 2391 2448 2459 filii
2492 2399 2652 2458 sunt
2707 2390 2822 2481 qui
2870 2390 3174 2457 converti
3216 2388 3512 2472 tardant,
3562 2384 3673 2454 vel
3723 2405 3879 2475 pro-

2326 2503 2718 2569 crastinant.
2756 2497 3063 2590 Sophon.
3099 2522 3172 2581 n,
3212 2499 3292 2565 14
3337 2519 3351 2564 ε
3410 2499 3552 2564 Vox
3589 2505 3881 2564 cantan-

2327 2609 2414 2675 tis
2452 2608 2524 2674 in
2551 2609 2874 2698 fenestra.
2922 2628 3159 2672 corvus
3209 2607 3278 2672 in
3321 2602 3872 2695 superliminari,

2327 2723 2564 2783 contra
2612 2713 2779 2781 illud
2840 2712 3043 2781 Eccli.
3096 2735 3165 2792 V,
3227 2713 3268 2778 8
3341 2733 3357 2779 :
3436 2711 3593 2779 Non
3649 2709 3878 2777 tardes

2325 2822 2624 2889 converti
2649 2821 2748 2889 ad
2771 2820 3149 2890 Dominum
3174 2842 3198 2887 .·
3228 2818 3348 2887 sed
3387 2825 3546 2886 sunt
3575 2815 3697 2885 tilii
3732 2837 3881 2884 cor-

2323 2950 2571 2997 vorum
2612 2928 2947 3006 conversi,
2982 2933 3048 2994 et
3080 2925 3454 2995 clamantes
3491 2923 3578 2993 ad
3623 2922 3873 3003 Deum,

2324 3057 2448 3127 pro
2478 3033 2633 3103 cibo
2673 3031 3028 3125 spirituali,
3072 3031 3156 3100 de
3188 3030 3438 3122 quibus
3486 3029 3597 3098 bic
3645 3028 3879 3120 loqui-

2324 3150 2457 3210 tur.
2504 3138 2632 3209 lsa.
2677 3163 2785 3221 Lx,
2827 3141 2903 3208 ¹4
2975 3162 2990 3207 :
3075 3139 3351 3208 Venient
3401 3137 3498 3205 ad
3567 3146 3631 3205 te
3683 3136 3878 3205 curvi

2320 3251 2465 3340 filii
2500 3271 2734 3317 eorum
2756 3250 2878 3340 qui
2895 3248 3443 3315 humiliaverunt
3479 3256 3564 3314 te.

2415 3355 2620 3424 Corvi
2658 3356 2859 3423 etiam
2920 3353 3109 3433 boni,
3180 3353 3341 3445 quia
3397 3360 3557 3420 sunt
3598 3360 3876 3441 reputa-

2324 3466 2510 3532 tione
2558 3485 2681 3530 sua
2714 3462 3003 3553 peccatis
3051 3462 3255 3552 nigri,
3308 3467 3466 3528 sunt
3516 3458 3872 3539 Doctores,

2324 3578 2391 3639 et
2428 3568 2737 3661 Apostoli
2789 3569 3030 3650 sancti,
3100 3568 3348 3660 quibus
3413 3568 3599 3637 Deus
3648 3588 3876 3637 escam

2321 3687 2687 3772 praeparat,
2736 3686 2802 3746 et
2849 3677 3005 3746 tiliis
3060 3700 3325 3746 eorum.
3383 3676 3543 3756 Job,
3586 3698 3874 3755 xxxvm,

2323 3788 2403 3855 41
2452 3812 2469 3854 ε
2521 3786 2692 3872 Quis
2720 3794 3077 3877 praeparat
3128 3806 3326 3853 corvo
3378 3807 3601 3852 escam
3642 3806 3873 3862 suam,

2322 3892 2603 3988 quando
2648 3890 2841 3984 pulli
2890 3891 3047 3982 ejus
3103 3890 3203 3959 ad
3254 3892 3482 3983 ipsum
3537 3891 3872 3969 clamant,

2322 4010 2674 4091 vaqanles,
2743 4023 2818 4068 eo
2881 3998 3072 4092 quod
3104 4021 3243 4066 non
3282 3997 3582 4068 habeant
3617 3997 3805 4068 cibos
3839 3997 3881 4066 ?

2324 4108 2488 4210 Luc.
2538 4132 2659 4188 xn,
2693 4109 2777 4176 24
2839 4131 2856 4178 :
2919 4107 3361 4177 Considerate
3410 4128 3666 4181 corvos.
3709 4108 3879 4198 quia

2324 4237 2461 4284 non
2487 4216 2855 4295 seminant,
2887 4236 3103 4306 neque
3139 4224 3426 4294 metunt,
3459 4214 3712 4307 quibus
3737 4237 3875 4282 non

2326 4330 2423 4391 est
2448 4322 2841 4404 cellarium,
2896 4345 3015 4390 nec
3049 4321 3371 4390 horreum
3401 4344 3425 4389 .·
3455 4331 3521 4390 et
3536 4323 3727 4390 Deus
3734 4344 3879 4414 pa-

2323 4431 2452 4498 scit
2479 4428 2668 4497 illos.

2422 4750 2460 4813 «ι’
2490 4751 2647 4820 Νοη
2689 4751 2761 4820 in
2804 4751 3222 4843 fortitudine
3256 4755 3439 4845 equi.
3500 4781 3535 4818 a
3583 4754 3713 4825 Hic
3766 4778 3880 4826 se-

2327 4858 2657 4937 cundum,
2700 4859 2770 4928 in
2811 4882 2947 4952 quo
2977 4867 3251 4929 ostenso
3291 4859 3542 4952 quibus
3562 4861 3727 4931 talia
3764 4862 3882 4932 be-

2328 4966 2571 5036 neficia
2658 4966 2958 5048 exhibet,
3051 4967 3348 5037 ostendit
3404 4969 3652 5061 quibus
3708 4992 3871 5038 non.

2329 5073 2594 5159 Primo,
2648 5072 2830 5166 quod
2885 5095 3024 5142 non
3070 5082 3406 5166 praeparat
3454 5077 3884 5145 contumaci-

2328 5179 2484 5260 hus,
2553 5189 2621 5249 et
2676 5178 3006 5272 superbis.
3071 5178 3413 5261 Secundo,
3488 5182 3673 5275 quod
3740 5206 3882 5254 non

2332 5287 2729 5366 audacibus,
2780 5296 2850 5355 et
2910 5287 3383 5380 incompositis
3454 5289 3878 5374 hominibus,

2330 5387 2448 5479 ibi,
2483 5427 2517 5464 α
2551 5399 2689 5468 Nec
2724 5398 2796 5467 in
2823 5395 3036 5468 tibiis.
3074 5423 3109 5461 n

2419 5506 2536 5574 Ait
2569 5526 2783 5598 ergo:
2830 5503 2944 5574 Sic
2989 5504 3106 5574 dat
3160 5528 3386 5577 escam
3453 5506 3881 5599 simplicibus

2330 5610 2489 5681 filiis
2526 5617 2957 5705 peccatorum
3010 5612 3426 5705 petentibus,
3479 5614 3598 5688 sed
3642 5640 3677 5682 e
3744 5639 3880 5685 non
