5008 6329
1860 351 2573 457 coMMENTAmns
2624 387 2715 454 {N
2761 385 3196 458 rsALMUM
3244 387 3626 457 cxxxm.

1412 870 1508 937 IN
1573 870 2013 938 PSALMUM
2072 870 2426 940 CXXXIII

1649 1102 2178 1150 constan-ramus,

1443 1427 1474 1464 α
1523 1402 1890 1471 Canticum
1926 1402 2302 1491 qraduum.
2382 1428 2419 1466 ιο

1228 1758 1260 1792 «
1291 1730 1467 1796 Ecce
1494 1749 1676 1794 nunc
1705 1725 2131 1794 benedicite¹.
2159 1753 2191 1786 »
2229 1725 2357 1793 Hic
2378 1734 2478 1794 est
2502 1725 2692 1793 Psal-

1131 1860 1284 1905 mus
1323 1835 1737 1904 centesimus
1768 1835 2157 1925 trigesimus
2179 1836 2416 1901 tertius
2441 1837 2508 1900 in
2540 1843 2684 1902 toto

1125 1944 1331 2023 libro,
1373 1945 1444 2010 in
1488 1944 1683 2010 tertia
1731 1952 1918 2032 parte
1962 1943 2354 2033 trigesimus
2419 1943 2682 2027 tertius,

1124 2053 1197 2120 in
1255 2050 1551 2120 Psalmis
1600 2049 2053 2118 Gradualibus
2126 2049 2432 2118 decimus
2490 2052 2686 2141 quin·

1126 2173 1258 2239 tus,
1289 2162 1571 2230 ultimus
1599 2160 1668 2228 in
1693 2159 1823 2228 illis
1854 2162 2153 2251 quinque
2192 2163 2308 2252 qui
2339 2162 2682 2251 pertinent

1123 2270 1207 2338 ad
1249 2268 1732 2360 perfectionem
1775 2270 1839 2334 in
1882 2266 2086 2335 bono.
2132 2267 2438 2336 Charitas
2494 2268 2675 2335 enim

1122 2377 1273 2453 Dei,
1311 2384 1378 2445 et
1414 2377 1770 2445 conversio
1802 2377 2013 2444 totius
2054 2377 2298 2444 mentis
2335 2375 2420 2443 ad
2453 2376 2674 2466 ipsum

1120 2483 1572 2563 laudandum,
1634 2492 1854 2551 totum
1904 2483 2159 2573 perficit
2235 2491 2301 2549 et
2360 2505 2676 2551 consum·

1123 2603 1291 2661 mat.

798 2739 1068 2796 arg-nnn·
1218 2700 1587 2769 Praemisso
1634 2699 1816 2766 enim
1851 2698 2049 2766 titulo
2105 2700 2349 2789 saepius
2398 2722 2676 2790 proeno-

774 2790 1093 2892 ,ῗῗῶζιῖΐ
1124 2813 1292 2886 tato,
1326 2805 1766 2894 subjungitur
1807 2803 2144 2883 l’salmus,
2185 2806 2299 2895 qui
2349 2804 2675 2873 dividitur

775 2899 1091 3001 awoae.
1120 2914 1193 2981 in
1258 2912 1429 2980 duas
1492 2920 1717 3004 partes
1776 2910 2257 3003 principaliter.
2324 2911 2403 2980 ln
2449 2913 2674 3003 prima

1120 3020 1368 3090 invitat
1415 3018 1502 3088 ad
1547 3017 2084 3087 benedicendum
2145 3018 2392 3098 Deum,
2436 3018 2668 3100 corde,

1121 3137 1189 3200 et
1216 3150 1452 3222 opere.
1486 3136 1550 3198 et
1582 3148 1726 3198 ore.
1764 3127 2107 3208 Secundo,
2133 3135 2324 3220 optat
2342 3129 2439 3197 sic
2468 3126 2671 3198 bene-

1116 3238 1502 3310 dicentibus
1519 3247 1844 3308 aeternam
1871 3239 2520 3323 remunerationem,
2545 3238 2665 3325 ibi,

1113 3357 1179 3426 5.
1218 3349 1259 3417 3
1302 3371 1319 3416 ε
1357 3375 1392 3412 ι
1424 3347 1795 3416 Benedicat
1822 3357 1887 3414 lc
1916 3348 2275 3417 Dominus.
2316 3372 2350 3413 2

1206 3453 1284 3522 ln
1358 3453 1580 3545 prima
1655 3452 1897 3519 invitat
1966 3450 2053 3520 ad
2127 3450 2666 3523 benedicendum

1110 3560 1335 3631 Deum
1366 3558 1785 3651 simpliciter.
1850 3560 2193 3645 Secundo,
2247 3560 2334 3630 ad
2379 3559 2667 3658 benedi-

1110 3670 1405 3741 cendum
1433 3677 1500 3738 et
1530 3690 1736 3759 opere
1773 3677 1840 3737 et
1876 3689 2020 3747 ore,
2071 3669 2139 3737 in
2168 3667 2471 3737 adversis
2498 3692 2663 3760 spe-

1109 3776 1399 3862 cialiter,
1440 3775 1560 3854 ibi,
1593 3783 1657 3854 5.
1690 3780 1732 3844 2
1766 3797 1783 3845 t
1819 3805 1851 3837 α
1888 3774 1971 3844 In
2011 3775 2344 3845 noctibus.
2392 3802 2426 3843 2
2529 3857 2539 3864 ·

1199 3883 1279 3953 In
1332 3886 1555 3976 prima
1605 3883 1766 3952 duo.
1814 3882 2073 3961 Primo,
2129 3883 2373 3953 invitat
2416 3907 2663 3954 omnes

1104 3991 1590 4061 indifferenter.
1638 3990 1982 4069 Secundo,
2015 3990 2326 4061 distincte
2364 3993 2662 4082 majores

1101 4108 1171 4170 et
1207 4101 1539 4181 minores,
1574 4098 1693 4184 ibi,
1735 4129 1768 4162 e«
1809 4099 1949 4183 Qui
1984 4101 2185 4168 statis
2232 4101 2305 4170 in
2357 4101 2588 4170 domo.
2621 4128 2655 4169 1»

886 4432 945 4499 1
1188 4418 1372 4488 Dicit
1403 4441 1568 4511 ergo
1602 4438 1620 4488 ε
1656 4417 1772 4487 Sic
1807 4441 1930 4510 per
1977 4417 2321 4487 Christum
2361 4425 2463 4488 est
2488 4418 2660 4488 zedi-

755 4533 1072 4638 Ἢν·
1101 4527 1332 4597 ficatio
1362 4525 1710 4604 Ecclesioe.
1743 4548 1897 4617 quae
1929 4533 2032 4595 est
2068 4548 2152 4593 ex
2195 4526 2563 4595 concordia
2591 4535 2658 4596 et

1098 4635 1365 4705 unitate
1420 4633 1647 4703 Deum
1695 4632 1901 4725 digne
1958 4631 2533 4714 benedicentium,
2589 4643 2657 4705 et

1097 4750 1428 4813 aeternam
1471 4740 2093 4812 remunerationem
2141 4763 2229 4810 ex
2270 4739 2400 4811 hac
2445 4740 2652 4811 bene·

1165 5030 1184 5066 ⁸
1217 5049 1243 5079 ι
1285 5026 1365 5083 ce
1411 5038 1665 5098 psanme
1717 5024 1973 5082 termine
2026 5024 2166 5082 bien
2230 5025 2290 5082 la
2332 5024 2487 5083 serie
2543 5025 2651 5085 des

1092 5137 1122 5172 e
1156 5131 1439 5191 psaumes
1472 5112 1776 5189 graduels.
1810 5114 1887 5173 Le
1910 5114 2125 5188 peuple
2155 5131 2232 5172 au
2273 5121 2545 5173 moment
2570 5119 2647 5172 ou

1092 5229 1118 5259 e
1160 5208 1204 5266 il
1231 5207 1452 5265 acbeve
1480 5211 1544 5262 et
1570 5221 1739 5262 cesse
1775 5203 1851 5261 de
1881 5203 2052 5261 louer
2079 5205 2246 5279 Dieu,
2270 5211 2406 5263 veut
2438 5224 2503 5263 se
2525 5209 2650 5264 voir

1090 5321 1114 5350 ι
1152 5295 1492 5371 remplacer
1518 5295 1657 5370 pres
1687 5294 1760 5351 de
1808 5293 1890 5351 lui
1943 5311 2051 5368 par
2085 5312 2233 5353 ceux
2264 5297 2389 5370 qui,
2423 5298 2645 5371 specia-

1088 5408 1119 5442 ι
1163 5387 1392 5445 lement
1438 5386 1756 5443 consacres
1794 5383 1829 5441 a
1890 5401 2000 5441 son
2046 5384 2228 5449 culte.
2270 5393 2532 5460 peuvent
2585 5391 2645 5444 et

1084 5499 1117 5530 a
1146 5476 1392 5534 doivent
1425 5492 1466 5550 y
1493 5491 1717 5548 vaquer
1770 5490 1913 5532 sans
1942 5489 2129 5531 cesse.
2189 5497 2220 5528 ιι
2278 5476 2353 5533 Le
2397 5476 2520 5533 nir.
2564 5477 2640 5535 Ge

1086 5579 1339 5641 psaume
1367 5571 1463 5622 est
1498 5579 1574 5621 en
1604 5565 1747 5620 ess'et
1773 5578 1856 5619 un
1886 5561 2162 5635 dialogue
2198 5570 2368 5620 entre
2407 5564 2496 5621 les
2535 5566 2638 5639 pe·

1083 5654 1271 5714 terius
1301 5653 1405 5726 qui
1426 5651 1691 5727 quittent
1716 5651 1775 5710 la
1801 5649 1939 5708 ville
1967 5650 2181 5720 sainte,
2202 5657 2264 5709 et
2290 5652 2379 5709 les
2409 5654 2639 5725 preti-es

1079 5743 1182 5820 qui
1242 5740 1561 5799 benissent
1614 5756 1693 5799 au
1741 5756 1881 5798 nom
1930 5738 2011 5796 du
2055 5739 2361 5814 seigneur.
2409 5743 2634 5800 Notons

4236 391 4365 460 407

2809 556 3105 626 dictione
3127 560 3691 648 exspectantium.
3714 559 3898 651 Ergo
3920 584 4044 628 vos
4072 586 4104 626 ι
4132 584 4364 630 omnes

2804 666 2982 731 servi
3007 666 3320 748 Domini,
3367 690 3400 729 »
3456 665 3890 755 generaliter,
3946 677 4086 736 tam
4136 670 4365 757 majo-

2808 792 2914 838 res
2961 794 3165 861 quam
3197 774 3525 852 minorem,
3573 797 3607 838 ι
3650 796 3817 852 ecce,
3873 799 3904 839 n
3943 776 4010 840 iu
4042 778 4357 866 praesenti

2804 888 3062 960 monte,
3119 906 3151 946 α
3212 881 3579 949 benedicite
3614 884 3999 950 Dominum
4058 906 4267 964 nunc,
4322 910 4354 949 n

2802 995 3265 1073 exspectantes
3316 988 3384 1052 in
3442 987 3696 1053 futuro,
3787 986 4052 1055 Daniel.
4097 1010 4194 1064 ιιι,
4241 989 4354 1066 83,

2798 1093 3041 1160 similis
3069 1094 3447 1161 admonitio
3492 1116 3508 1161 ε
3559 1094 3976 1172 Benedicite,
4005 1096 4185 1163 servi
4221 1099 4362 1164 Do-

2799 1199 3000 1277 mini,
3036 1200 3358 1267 Domino,
3383 1198 3556 1266 Tob.
3591 1224 3743 1281 xm,
3792 1202 3871 1269 10
3908 1224 3923 1267 :
3971 1203 4359 1271 Benedicite

2795 1306 3200 1390 Dominum,
3261 1329 3492 1375 omnes
3521 1308 3718 1375 electi
3745 1308 3927 1397 eju-5,
3989 1308 4209 1391 electi,
4246 1310 4358 1377 in-

2800 1435 3032 1503 quam,
3069 1414 3152 1481 ad
3183 1414 3313 1484 hoc
3351 1416 3760 1484 utserviatis
3800 1418 3888 1484 ei.
3925 1417 4013 1485 Et
4041 1449 4069 1480 .-
4112 1441 4348 1486 nunc»

2797 1520 3202 1603 benedicite,
3252 1524 3509 1592 scilicet
3549 1526 3619 1591 in
3660 1522 3788 1592 hoc
3829 1534 4140 1616 tempore
4189 1536 4352 1617 apto

2797 1629 2882 1697 ad
2930 1628 3490 1699 benedicendum.
3545 1631 3607 1698 Π
3637 1632 3723 1700 ad
3765 1631 4076 1701 Corinth.
4113 1657 4212 1713 vr,
4256 1637 4296 1701 2
4332 1657 4348 1701 :

2794 1738 2967 1804 Ecce
2995 1761 3177 1805 nunc
3205 1748 3472 1828 tempus
3510 1739 3951 1831 acceptabile,
3986 1764 4129 1808 ecce
4167 1764 4355 1808 nunc

2794 1843 2938 1911 dies
2973 1845 3251 1913 salutis.
3297 1845 3382 1912 Et
3439 1869 3706 1929 omneS,
3750 1846 3836 1914 ad
3885 1847 4180 1914 Roman.
4226 1870 4342 1927 xv,

2793 1952 2882 2018 6:
2935 1953 3023 2019 Ul
3083 1953 3465 2030 unanimes,
3526 1975 3663 2020 uno
3724 1977 3839 2022 ore
3881 1955 4348 2045 honorificetis

2790 2058 3042 2143 Deum,
3084 2066 3213 2128 etc.

2881 2298 2915 2339 ι
2953 2272 3089 2356 Qui
3132 2272 3332 2338 statis
3398 2273 3469 2338 in
3511 2271 3713 2339 domo
3773 2274 4078 2340 Domini.
4122 2301 4153 2335 n
4217 2273 4345 2340 llic

2784 2376 3196 2444 secundum:
3281 2382 3347 2443 et
3422 2377 3644 2466 primo
3714 2378 3954 2445 invitat
4015 2379 4333 2465 majores.

2785 2482 3125 2561 Secundo,
3159 2484 3486 2563 minores,
3522 2484 3640 2560 ibi,
3687 2510 3721 2551 ι
3761 2486 3842 2552 ln
3871 2487 4097 2552 atriis.
4137 2512 4169 2548 ι

2870 2590 3047 2660 Dicit
3085 2614 3293 2682 ergo:
3330 2590 3446 2659 Sic
3473 2615 3740 2670 omnes,
3775 2592 4152 2660 benedicite
4183 2593 4333 2660 Do-

2785 2701 3070 2767 minum.
3107 2700 3367 2781 Primo,
3411 2724 3536 2769 vos
3585 2730 3617 2764 α
3643 2703 3769 2792 qui
3829 2704 4055 2779 statis,
4093 2732 4123 2763 «ι
4162 2713 4331 2770 tam·

2781 2830 2990 2898 quam
3021 2809 3418 2886 servienteS,
3453 2818 3520 2875 et
3553 2807 3834 2878 obedire
3863 2811 4106 2900 parati,
4144 2810 4327 2900 quod

2778 2920 2882 2982 est
2899 2913 3237 2983 bonorum
3268 2937 3652 2998 servorum,
3686 2944 3719 2977 κ
3757 2916 3830 2983 in
3869 2916 4073 2982 domo
4094 2917 4336 2983 Domi-

2775 3024 2876 3104 ni,
2912 3050 2946 3091 2
2989 3025 3057 3091 in
3087 3022 3296 3092 domo
3359 3022 3690 3105 interiori,
3758 3030 4112 3114 tamquam
4186 3045 4334 3114 per·

2774 3129 2952 3201 fecti.
2996 3129 3103 3199 Ad
3132 3127 3378 3220 Ephes.
3427 3153 3521 3211 vi,
3569 3130 3651 3198 14
3696 3153 3712 3199 ε
3753 3129 3951 3199 State
3985 3152 4146 3221 erqo
4171 3151 4333 3198 suc-

2775 3238 2978 3306 cincti
3008 3234 3276 3304 lumbos
3304 3244 3580 3303 vestros.
3645 3234 3730 3304 Et
3768 3236 3886 3327 qui
3943 3234 4041 3304 sic
4104 3235 4324 3314 statis»,

2773 3345 2994 3416 videte
3023 3343 3209 3436 quod
3238 3343 3308 3412 in
3337 3341 3546 3411 domo
3575 3344 3748 3421 sitis,
3785 3342 3982 3412 aliter
4011 3340 4179 3410 nihil
4209 3364 4326 3410 va·

2772 3450 2962 3522 leret.
2995 3451 3124 3520 isa.
3159 3473 3292 3528 nn,
3328 3450 3410 3517 7:
3444 3447 3843 3538 Laetificabo
3869 3472 3981 3518 eos
4012 3450 4083 3516 in
4121 3447 4325 3516 domo

2770 3560 3103 3629 orationis
3129 3578 3314 3626 τηεσε.
3354 3556 3589 3637 Extra,
3632 3579 3802 3639 non,
3862 3556 3982 3626 sed
4010 3558 4067 3625 si
4097 3555 4321 3637 statis,

2771 3676 2841 3739 et
2868 3670 2940 3737 in
2967 3667 3174 3737 domo
3212 3668 3397 3744 estis,
3432 3688 3592 3736 vere
3649 3665 4050 3736 benedicere
4088 3673 4156 3734 et
4195 3687 4327 3757 po-

2769 3777 2986 3861 testis,
3065 3783 3134 3845 et
3204 3773 3492 3859 debetis,
3586 3774 3749 3866 quia
3856 3773 4033 3843 beati
4127 3773 4317 3842 estis.

2770 3882 2863 3952 lll
2905 3882 3075 3976 Reg,
3110 3905 3179 3961 x,
3221 3881 3305 3951 8:
3376 3882 3580 3950 Beati
3636 3882 3771 3950 oiri
3835 3881 3969 3961 tui,
4027 3887 4094 3948 et
4142 3879 4324 3947 servi

2766 3992 2900 4074 tui,
2930 3990 3054 4083 qui
3085 3997 3274 4058 stant
3327 4010 3563 4057 coram
3629 3998 3694 4055 te
3728 4010 4016 4079 semper.
4082 3985 4319 4055 Bonus

2765 4098 2950 4167 enim
2979 4118 3242 4177 servus,
3285 4095 3604 4187 quamvis
3669 4095 3759 4163 sit
3811 4092 3923 4163 hic
3981 4095 4049 4161 in
4105 4102 4312 4172 terra,

2765 4215 2896 4276 stat
2925 4207 3265 4299 attingens
3293 4226 3514 4295 usque
3544 4201 3630 4271 ad
3662 4201 3941 4271 coelum.
4003 4201 4314 4295 Sapient.

2766 4336 2958 4398 xvru,
3004 4314 3126 4382 16:
3193 4313 3421 4404 Usque
3473 4310 3571 4378 ad
3619 4308 3870 4378 coelum
3935 4308 4321 4401 attinqebat

2760 4431 2954 4491 stans
2990 4422 3062 4489 in
3085 4429 3322 4488 terra..
3369 4417 3464 4486 ΙΙΙ
3532 4417 3703 4511 Reg.
3739 4440 3907 4499 xvn,
3949 4418 4008 4496 l,
4050 4416 4320 4486 dicebat

2764 4528 2988 4598 Elias:
3059 4529 3234 4596 Vivit
3287 4526 3634 4596 Dominus
3703 4528 3890 4596 Deus
3936 4525 4183 4611 lsrael,
4244 4527 4317 4594 in

2760 4637 2966 4729 cujus
2991 4644 3348 4727 conspectu
3380 4645 3515 4716 sto,
3541 4642 3674 4704 etc.

2851 4769 2886 4810 α
2917 4744 3000 4812 In
3028 4742 3228 4811 atriis
3256 4741 3527 4811 domus.
3568 4768 3602 4803 u
3686 4739 3858 4810 Ecce
3906 4738 4310 4810 secundum.

2756 5036 3037 5097 toutefois
3065 5034 3245 5109 qu'on
3274 5037 3547 5111 pourrait
3572 5037 3738 5094 aussi
3769 5054 3807 5110 y
3834 5037 3964 5094 voir
4011 5052 4097 5093 un
4124 5035 4314 5093 dialo-

2753 5144 2865 5204 gue
2894 5133 3063 5184 entre
3123 5126 3212 5183 les
3256 5127 3489 5199 pretres
3524 5125 3600 5182 de
3636 5125 3820 5199 garde
3849 5142 3926 5183 au
3973 5125 4219 5199 temple,
4253 5133 4317 5184 et

2752 5235 2899 5277 ceux
2932 5218 3036 5292 qui
3062 5218 3348 5276 viennent
3368 5218 3458 5275 les
3496 5217 3833 5290 templacer
3858 5217 4190 5290 (Tholuck),
4231 5234 4311 5275 ou

2751 5309 2899 5366 faire
2930 5307 3060 5365 dire
3092 5313 3220 5365 tout
3243 5306 3299 5364 le
3330 5322 3610 5363 morceau
3642 5323 3752 5379 par
3788 5307 3878 5363 les
3909 5307 4139 5364 memes
4167 5324 4307 5382 per·

2750 5413 3065 5472 sonnages.
3091 5398 3167 5453 ce
3195 5412 3445 5472 psaume
3475 5399 3568 5452 est
3593 5395 3935 5469 posterieur
3959 5396 3996 5453 a
4026 5395 4087 5454 la
4114 5398 4306 5471 capti-

2748 5488 2886 5556 vite,
2940 5493 3003 5543 et
3038 5485 3494 5559 probablement
3550 5486 3834 5558 compose
3891 5503 4046 5561 pour
4083 5486 4308 5563 l’usage

2748 5576 3071 5651 liturgique
3101 5574 3184 5633 du
3211 5575 3436 5634 second
3466 5573 3710 5649 temple.

3639 5742 3706 5798 ΙΙ.
3752 5741 4011 5798 basma.
