5008 6329
1862 395 2578 470 COMMENTARms
2625 395 2720 463 IN
2773 367 3207 461 PSALM'UM
3257 392 3635 462 cxxxiv.

1145 581 1275 654 tae,
1309 600 1342 634 a
1378 580 1442 638 et
1470 571 1720 640 occidit
1756 596 1944 664 reyes
1967 573 2206 663 sortes.
2255 594 2287 635 a
2338 567 2378 635 J
2384 589 2575 644 osue,
2631 587 2700 643 x,

1148 680 1232 746 42
1275 701 1291 746 :
1343 679 1702 750 Universos
1738 703 1949 771 reyes,
1993 689 2057 746 et
2095 677 2402 767 reqiones
2438 693 2702 755 eorum,

1151 811 1288 856 uno
1328 790 1589 882 impetu
1618 789 1818 880 cepit,
1850 797 2058 877 atque
2110 784 2429 852 vastavit.
2464 780 2502 846 J
2511 801 2703 857 osue,

1150 919 1244 976 xi,
1293 897 1425 963 17:
1479 895 1727 964 Omnes
1782 915 1969 981 reyes
2026 911 2261 958 eorum
2298 890 2500 979 cepit,
2548 909 2707 977 per·

1149 1005 1382 1089 cussit,
1425 1012 1489 1069 et
1517 999 1787 1069 occidit.
1824 996 2105 1065 Gladius
2135 997 2320 1064 enim
2352 995 2473 1062 Dei
2538 992 2705 1060 nulli

1148 1113 1387 1202 parcit.
1430 1110 1515 1177 Et
1552 1109 1853 1176 minores
1896 1114 2101 1198 atque
2138 1106 2459 1196 majores,
2511 1101 2711 1191 Apo-

1150 1215 1279 1286 cal.
1311 1236 1454 1292 x1x,
1515 1214 1594 1280 1·5
1633 1233 1648 1278 ε
1708 1213 1814 1279 De
1851 1234 1965 1278 ore
2009 1210 2166 1300 ejus
2187 1208 2500 1302 procedit
2543 1206 2711 1297 yla-

1152 1327 1310 1393 dius
1355 1347 1442 1391 ex
1489 1331 1784 1412 utraque
1803 1331 2007 1412 parte
2036 1330 2304 1404 acutus,
2340 1325 2417 1386 ut
2449 1317 2520 1384 in
2563 1318 2708 1407 ipso

1141 1432 1483 1525 percutiat
1509 1451 1741 1498 omnes
1764 1437 2017 1518 qenteS.

1245 1777 1278 1817 ι
1337 1734 1586 1826 Sekon,
1630 1771 1855 1839 reqem
1894 1746 2475 1815 Amorrhaeorum.
2515 1766 2547 1807 a
2584 1739 2714 1807 Hic

1150 1859 1492 1952 specificat
1529 1858 1682 1926 illos
1713 1880 1928 1948 reges.
1975 1855 2186 1936 Quasi
2215 1853 2507 1921 diceret:
2554 1849 2710 1917 Dixi

1153 1967 1337 2059 quod
1384 1966 1714 2057 percussit
1781 1986 1999 2054 reges,
2060 1971 2128 2030 et
2176 1982 2418 2028 verum
2486 1957 2626 2025 dixi
2688 1975 2705 2020 :

1153 2077 1313 2166 quia
1344 2073 1675 2166 percussit
1714 2100 1745 2134 α
1774 2070 2027 2152 Selzon,
2061 2092 2286 2159 reqem
2316 2063 2713 2135 Amorrlzae-

1149 2203 1373 2250 orum.
1422 2205 1454 2245 n
1509 2179 1793 2248 Numer.
1834 2201 1980 2260 xxt,
2032 2179 2114 2245 25
2172 2199 2187 2244 ε
2245 2173 2432 2243 Tulit
2491 2170 2714 2239 Israel

1149 2312 1379 2357 omnes
1432 2288 1742 2356 civitates
1791 2286 1971 2374 ejus,
2027 2283 2093 2351 id
2140 2290 2268 2359 est,
2333 2279 2596 2364 Sehon,
2647 2291 2711 2348 et

1147 2396 1488 2465 habitavit
1538 2396 1608 2462 in
1652 2392 1938 2462 urbibus
1993 2392 2397 2461 Amorrhaei.
2462 2390 2526 2458 ll
2586 2392 2708 2461 Es·

1149 2505 1308 2585 drae,
1352 2529 1447 2584 tx,
1491 2506 1576 2571 22
1621 2526 1636 2571 :
1673 2503 1949 2574 Dedisti
1985 2504 2080 2569 eis
2121 2524 2359 2592 reyna,
2394 2512 2460 2570 et
2487 2524 2711 2593 popu·

1150 2614 1274 2681 los.
1322 2612 1403 2679 Et
1433 2618 1588 2701 post
1628 2632 1643 2677 τ
1681 2610 2131 2678 Possiderunt
2158 2619 2410 2676 terram
2452 2609 2704 2687 Schon,

1149 2731 1213 2791 et
1270 2731 1523 2788 terram
1561 2721 1742 2810 reqis
1781 2716 2108 2795 Hesebon,
2162 2727 2225 2784 et
2256 2728 2512 2785 terram
2574 2717 2705 2807 Oq,

1153 2832 1334 2922 reqis
1397 2828 1659 2898 Busan.
1723 2826 1871 2894 Hoc
1924 2836 2026 2893 est
2080 2825 2265 2917 quod
2314 2826 2627 2917 sequitur
2688 2848 2705 2894 ι

1154 2961 1187 3001 ι
1224 2938 1319 3005 Et
1352 2936 1481 3025 Oq,
1525 2956 1750 3026 reqem
1790 2936 2024 3002 Basan
2065 2941 2109 3000 ¹.
2161 2962 2193 2994 ι»

1236 3041 1324 3111 Et
1376 3050 1567 3124 uota,
1664 3040 1849 3133 quod
1919 3039 2155 3109 Sehon
2223 3040 2712 3131 interpretatur

1148 3149 1432 3219 tentatio
1471 3145 1859 3224 oculorum,
1918 3148 2032 3238 qui
2087 3154 2189 3216 est
2248 3169 2366 3216 rex
2416 3145 2712 3216 fortissi-

1149 3279 1328 3335 muS‚
1399 3254 1655 3324 multos
1721 3254 2066 3343 dejiciens.
2147 3252 2393 3322 Nonne
2479 3255 2709 3345 ipsum

1153 3364 1397 3442 David,
1467 3363 1584 3455 qui
1643 3364 2128 3453 interpretatur
2190 3383 2406 3430 manu
2469 3363 2705 3452 sortis,

1150 3470 1393 3564 dejecit
1428 3472 1505 3539 ⁸?
1550 3469 1636 3538 Et
1683 3491 1904 3547 senes,
1957 3469 2074 3560 qui
2115 3471 2185 3537 in
2224 3471 2710 3560 concupiscen-

1150 3582 1318 3650 tiam
1378 3579 1712 3648 Susannae
1771 3586 2170 3647 exarserunt
2226 3579 2301 3646 ⁸?
2386 3578 2468 3647 Et
2533 3578 2707 3649 bene

1150 3686 1710 3758 Amor-rhaeorum
1780 3708 1896 3754 rex
1973 3686 2242 3758 dicitur.
2318 3686 2707 3755 Amorrhaei

1149 3799 1607 3866 amaricantes
1715 3796 2269 3885 interpretantur.
2378 3793 2708 3864 Praecedit

1149 3907 1334 3973 enim
1373 3901 1734 3973 oculorum
1774 3902 2059 3970 tentatio
2094 3921 2112 3970 t
2147 3902 2458 3993 sequitur
2489 3903 2708 3994 ipsam

1149 4023 1506 4104 tamquam
1554 4030 1787 4100 regem
1826 4009 2180 4099 proprium
2220 4009 2447 4077 cordis
2494 4008 2711 4077 multa

1151 4114 1561 4188 amaritudo.
1628 4114 1821 4185 Unde
1871 4113 2140 4183 Simoni
2200 4113 2403 4207 Mago
2460 4113 2709 4206 cupido

1152 4225 1411 4295 dictum
1439 4230 1541 4292 est
1569 4244 1610 4291 a
1642 4221 1873 4300 Petro,
1908 4222 2061 4289 Act.
2091 4243 2239 4301 vm,
2261 4221 2349 4290 23
2383 4223 2513 4291 :In
2539 4219 2714 4313 selle

1154 4333 1676 4409 amaritudinis.
1718 4340 1784 4401 et
1835 4331 2263 4424 obliqatione
2318 4331 2713 4425 iniquitatis

1151 4442 1346 4512 video
1375 4450 1441 4508 te
1465 4463 1626 4509 esse.
1662 4437 1770 4529 og
1795 4460 1961 4530 ergo
1997 4437 2343 4506 conclusio
2382 4440 2713 4530 interpre-

1153 4557 1360 4630 tatur,
1401 4555 1468 4617 et
1514 4547 1741 4639 signat
1785 4542 2138 4614 diabolum
2188 4544 2305 4637 qui
2365 4543 2713 4614 concludit

1150 4658 1337 4725 viam
1392 4676 1480 4724 ne
1507 4653 1594 4723 ad
1653 4651 1998 4722 Christum
2054 4653 2394 4721 veniatur.
2451 4650 2706 4720 Thren.

1153 4785 1250 4848 ιιι,
1290 4765 1332 4831 9
1394 4783 1411 4829 t
1474 4759 1830 4830 Conclusit
1891 4759 2042 4827 vias
2100 4781 2288 4827 meas
2353 4756 2712 4852 lapidibus

1150 4869 1460 4961 quadris.
1504 4865 1591 4935 Et
1628 4865 1741 4935 hic
1794 4874 1895 4934 est
1947 4890 1980 4930 ι
2023 4888 2146 4932 rea·
2210 4868 2474 4946 Busan,
2539 4893 2573 4929 κ
2646 4864 2711 4933 id

1150 4986 1252 5047 e'st
1288 4975 1710 5046 contusionis
1752 4995 1768 5041 ε
1827 4976 1928 5043 sic
1981 4974 2167 5042 enim
2227 4974 2713 5065 interpretatur

1154 5086 1402 5155 Basan.
1441 5081 1604 5162 Job,
1636 5104 1775 5166 xm,
1817 5084 1903 5151 25
1945 5103 1964 5150 ε
2008 5081 2162 5175 Ipse
2190 5090 2289 5150 est
2334 5105 2459 5150 res:
2504 5104 2718 5175 super

1156 5195 1502 5262 universos
1543 5188 1737 5279 filios
1788 5188 2147 5282 superbiae.
2217 5187 2423 5257 Nulla
2490 5190 2715 5280 major

1153 5299 1463 5370 confusio
1518 5317 1731 5390 quam
1786 5295 2129 5388 superbia,
2190 5318 2343 5387 quae
2387 5296 2715 5387 pervertit

1155 5409 1413 5478 omnia.
1458 5407 1539 5476 In
1575 5406 1719 5474 suis
1755 5426 1920 5497 ergo
1959 5404 2300 5474 Dominus
2349 5404 2475 5473 hos
2517 5426 2716 5496 reges

1229 5673 1246 5709 ¹
1280 5668 1365 5725 Cf.
1398 5667 1635 5725 neuter.
1666 5682 1754 5735 111,
1784 5667 1821 5721 2
1848 5670 1910 5722 et
1938 5680 2065 5737 aeq.

1227 5762 1250 5798 ¹
1278 5758 1365 5817 Ct'.
1407 5756 1458 5814 11
1488 5757 1630 5829 Reg.
1663 5772 1745 5828 xi,
1774 5758 1811 5811 2
1834 5760 1895 5812 et
1923 5769 2051 5828 aeq.

4253 396 4380 462 415

2820 574 3194 655 expugnat,
3238 564 3596 632 oculorum
3620 562 4267 655 concupiscentiam,
4313 570 4379 632 et

2824 672 3232 742 daemonem.

2918 919 2949 952 «
2989 892 3086 958 Εἰ
3115 891 3349 959 omnia
3410 914 3644 982 reqna.
3684 917 3717 956 a
3780 890 3908 958 Hic
3963 893 4265 972 tertium,
4306 892 4376 958 in

2825 1019 2958 1087 quo
3025 997 3248 1088 tangit
3305 997 3650 1089 magnalia
3715 997 3891 1065 facta
3958 1000 4027 1065 in
4084 1001 4376 1068 termino

2825 1107 2977 1185 viae,
3022 1129 3172 1197 quae
3203 1107 3476 1175 fuerunt
3505 1107 3665 1184 duo,
3700 1108 3877 1176 sicut
3903 1106 4014 1175 hic
4052 1109 4373 1199 tangitur.

2826 1212 3163 1296 Primum,
3205 1236 3574 1305 regnorum
3616 1212 3942 1282 Chanaau
3962 1214 4371 1307 subjugatio.

2828 1317 3169 1399 Secund0,
3222 1321 3498 1389 collatio
3556 1321 4078 1412 subjugatorum
4129 1323 4199 1390 in
4245 1322 4378 1392 hae-

2823 1429 3210 1497 reditariam
3243 1431 3746 1518 possessionem
3805 1430 3904 1498 illi
3938 1429 4220 1522 popu10,
4254 1429 4371 1511 ibi,

2820 1539 2884 1609 ᾗ.
2926 1534 3004 1599 12
3050 1556 3065 1599 :
3116 1563 3149 1596 «
3182 1536 3278 1603 Et
3315 1533 3506 1602 dedit
3538 1545 3819 1603 terram.
3866 1563 3900 1599 κ

2916 1639 3090 1707 Dicit
3119 1662 3283 1730 ergo
3334 1663 3349 1708 :
3407 1637 3520 1708 Sic
3557 1641 3952 1733 subjugavit
3990 1640 4118 1709 hos
4157 1665 4371 1734 regeS,

2823 1755 2889 1814 et
2926 1747 3258 1838 percussit
3284 1770 3403 1816 eos
3446 1769 3461 1815 ε
3512 1772 3545 1813 α
3588 1757 3650 1815 et
3681 1750 3917 1817 omnia
3947 1772 4157 1840 reqna
4195 1750 4378 1819 Clea-

2823 1973 2900 2032 ut
2934 1966 3161 2055 fecisti
3178 1966 3431 2049 Sclzon,
3466 1968 3613 2057 rcqi
3639 1968 4225 2048 Amorrleoeorum,
4255 1969 4377 2037 lea-

2823 2069 3104 2139 bitatori
3154 2071 3485 2139 Ilesebon.
3549 2073 4041 2142 Percusserunt
4098 2098 4260 2165 ergo
4310 2084 4376 2143 et

2819 2179 3004 2250 hunc
3029 2203 3185 2249 cum
3221 2180 3375 2249 tiliis
3404 2183 3568 2260 suis,
3601 2182 4137 2276 universumque
4168 2208 4379 2275 popu-

2821 2286 2962 2356 lum
3003 2288 3172 2375 ejus.
3211 2287 3536 2357 Chanaan
3577 2289 4060 2380 interpretatur
4079 2299 4376 2382 paratus

2817 2394 3300 2464 humiliationi
3321 2419 3344 2464 .·
3368 2395 3891 2477 humiliationis,
3918 2398 4375 2488 inquam,non

2818 2502 3110 2580 virtutis,
3154 2502 3273 2570 sed
3329 2503 3734 2594 iniquitatis.
3783 2502 3990 2572 Eccli.
4037 2526 4179 2582 xix,
4232 2503 4367 2571 23:

2821 2615 2947 2681 Est
2973 2614 3099 2703 qui
3122 2615 3438 2704 nequiter
3463 2614 3801 2682 humiliat
3820 2638 3915 2695 se,
3949 2624 4013 2682 et
4043 2615 4372 2682 interiora

2819 2719 2973 2809 ejus
3000 2720 3216 2812 plena
3259 2730 3425 2788 sunt
3470 2721 3657 2790 doto.
3709 2721 3861 2799 Vel,
3914 2731 4193 2813 paratus
4241 2721 4376 2789 hu-

2819 2825 3178 2895 miliationi
3238 2851 3488 2918 poenae,
3549 2836 3616 2897 et
3666 2829 4089 2918 dejectionis,
4152 2828 4371 2921 qualis
4487 2911 4490 2914 .

2816 2944 2918 3004 est
2956 2935 3317 3027 superbus.
3376 2936 3540 3006 Luc.
3610 2959 3803 3016 xviu,
3880 2938 3962 3004 14
4029 2961 4045 3005 ε
4112 2938 4250 3022 Qui
4302 2959 4374 3005 se

2816 3043 3110 3128 exaltat,
3140 3044 3659 3114 humiliabitur.
3703 3043 3836 3114 lsa.
3870 3068 3941 3126 x,
3976 3046 4060 3114 33
4109 3069 4124 3114 :
4171 3046 4375 3115 Oculi

2813 3154 3146 3225 sublimes
3180 3156 3485 3225 hominis
3508 3154 4098 3227 humiliabuntur.
4144 3155 4229 3226 Et
4266 3164 4376 3225 ta-

2816 3260 2913 3330 les
2959 3265 3166 3332 etiam
3209 3263 3547 3332 Dominus
3575 3264 3893 3355 percutit.

2910 3602 2943 3642 ι
2996 3579 3089 3647 Et
3134 3578 3326 3646 dedit
3370 3588 3653 3647 terram.
3697 3603 3729 3643 n
3789 3578 3918 3648 nic
3966 3577 4367 3663 secundum,

2817 3685 2885 3752 in
2924 3707 3063 3776 quo
3094 3685 3415 3755 dicuntur
3442 3686 3602 3754 duo.
3642 3686 3901 3764 Primo,
3935 3695 4129 3756 terrae
4156 3685 4375 3755 colla-

2815 3789 2912 3857 tio
2980 3790 3064 3859 ad
3118 3814 3271 3861 eam
3316 3792 3473 3880 jure
3530 3791 3959 3861 haereditario
4016 3791 4378 3885 possiden-

2816 3896 2999 3966 dam.
3046 3898 3394 3980 Secundo,
3445 3899 3862 3992 specificatio
3912 3899 4186 3969 illorum
4220 3901 4380 3993 qui-

2816 4004 2944 4073 bus
2997 4003 3156 4075 data
3211 4015 3341 4092 est,
3408 4006 3532 4091 ibi,
3603 4035 3637 4070 u
3713 4007 4207 4079 Hereditatem
4276 4008 4381 4076 Is-

2816 4112 2989 4181 rael.
3029 4139 3063 4180 a

2910 4220 3084 4291 Dicit
3111 4245 3278 4315 ergo
3312 4244 3329 4290 :
3368 4222 3485 4293 Sic
3512 4223 3747 4293 omnia
3788 4244 3999 4314 regua
4053 4219 4382 4291 Chanaan

2817 4334 3155 4425 percussit
3197 4356 3213 4404 ε
3260 4343 3328 4404 et
3358 4334 3494 4403 iliis
3533 4336 3900 4428 percussis,
3936 4360 3969 4400 ι
4019 4332 4211 4403 dedit
4239 4342 4383 4403 ter-

2820 4463 2970 4509 ram
3026 4464 3265 4511 eorum
3303 4442 3800 4513 haereditatem.
3866 4469 3898 4507 e
3949 4441 4233 4512 Deuter.
4277 4464 4377 4524 ιιι,

2824 4547 2905 4614 ¹8
2941 4570 2957 4616 ε
2994 4549 3337 4617 Dominus
3364 4550 3554 4618 Deus
3581 4559 3813 4618 noster
3838 4548 3964 4616 dat
4010 4546 4201 4617 vobis
4241 4557 4381 4615 ter-

2815 4675 2971 4721 ram
3008 4653 3188 4722 Itane
3223 4654 3297 4722 in
3323 4653 3819 4724 hereditatem.

2921 4792 2949 4827 ι
3007 4760 3498 4832 Ilaereditatem
3543 4760 3770 4831 Israel
3803 4760 4073 4855 populo
4126 4783 4278 4831 suo.
4341 4783 4376 4827 ι

2822 4868 3072 4961 Supra,
3106 4870 3175 4938 in
3207 4867 3393 4937 Psal.
3446 4891 3700 4955 mxxvn,
3744 4869 3833 4938 54
3886 4891 3903 4938 ε
3954 4870 4051 4939 Et
4091 4868 4295 4959 ejecit
4339 4890 4384 4935 a

2816 4978 3001 5069 faeie
3042 4998 3280 5045 eorum
3342 4976 3609 5060 Gentes,
3650 4986 3715 5044 et
3768 4985 3951 5045 sorte
4002 4976 4241 5044 divisit
4290 4974 4387 5043 eis

2820 5093 3075 5155 terram
3104 5086 3177 5154 in
3212 5083 3539 5175 funiculo
3568 5083 4103 5152 distributionis.
4138 5081 4388 5151 Domi-

2820 5215 2950 5263 nus
2977 5193 3161 5262 enim
3190 5192 3525 5285 superbos
3555 5191 3826 5285 dejecit,
3852 5200 3920 5260 et
3947 5191 4100 5259 loco
4142 5213 4384 5260 eorum

2819 5323 2983 5370 suos
3020 5298 3372 5370 substituit
3406 5323 3422 5369 :
3459 5323 3612 5371 ecce
3635 5322 3776 5369 uno
3824 5297 4039 5368 verbo
4061 5298 4249 5392 quod
4277 5299 4390 5369 di-

2811 5408 3017 5486 ·citur,
3061 5405 3269 5478 Eccli.
3310 5431 3383 5490 x,
3423 5410 3502 5476 1‘1
3547 5431 3563 5476 z
3597 5405 3808 5478 Sedes
3847 5404 4106 5475 ducum
4140 5428 4383 5498 super·

2891 5666 2917 5704 ³
2941 5668 3029 5728 Cf.
3059 5667 3293 5727 Daniel.
3323 5683 3450 5738 xm,
3478 5667 3533 5725 8.
