5008 6329
807 287 938 355 560

1777 278 2062 344 INDEX
2110 276 2470 346 OMNIUM
2518 272 2936 343 PSALMOR
2951 274 3101 344 UM.

1185 451 1483 508 LXXXIV.
1528 447 1905 519 Benedixisti,
1942 448 2198 517 Domine,
2232 455 2435 504 terram
2469 454 2623 503 tuam
2656 463 2670 502 :
2701 446 2950 503 avertisti
2979 447 3359 520 captivitatem
3392 449 3587 507 Jacob.
3921 454 4025 510 413

1219 540 1488 597 LXXXV.
1531 538 1780 607 inclina,
1817 541 2076 611 Domine,
2109 555 2302 597 aurem
2356 546 2532 607 tuam,
2558 547 2610 596 et
2648 538 2855 594 exaudi
2885 554 2992 599 me,
3029 538 3295 609 quoniam
3327 538 3495 611 inops
3523 553 3578 596 et

1627 647 1841 704 pauper
1872 647 1999 687 eum
2030 647 2153 703 ego.
3915 634 4020 690 423

1196 722 1484 781 LXXXVI.
1532 723 1934 779 Fundamenta
1966 723 2091 792 ejus
2120 722 2179 776 in
2212 709 2503 776 montibus
2551 719 2781 775 sanctis.
2814 717 3008 788 Diligit
3060 716 3335 775 Dominus
3382 729 3572 791 portas

1624 814 1759 870 Sion
1789 829 1960 883 super
1987 811 2181 868 omnia
2209 808 2576 865 tabernacula
2601 808 2801 864 Jacob.
3917 816 4022 872 435

1137 905 1476 963 LXXXVII.
1521 904 1784 967 Domine.
1820 901 1969 958 Deus
2000 900 2200 957 salutis
2232 915 2389 966 meae,
2422 900 2481 954 in
2512 899 2603 953 die
2631 898 2870 955 clamavi
2902 905 2959 954 et
2986 906 3149 956 nocte
3178 914 3364 957 coram
3402 910 3473 958 te.
3916 907 4021 962 442

1137 996 1473 1054 LXXXVIII.
1519 995 1945 1053 Misericordias
1978 993 2201 1050 Domini
2232 994 2291 1050 in
2322 998 2598 1049 aeternum
2629 992 2893 1049 cantabo.
3914 1000 4019 1057 456

1183 1087 1472 1144 LXXXIX.
1515 1085 1783 1151 Domine,
1847 1084 2126 1156 refugium
2178 1084 2358 1141 iactus
2402 1098 2461 1140 es
2502 1082 2669 1140 nobis
2697 1100 2726 1137 a
2760 1084 3128 1153 genera-tione
3158 1084 3214 1140 in
3247 1086 3563 1154 generatio·

1622 1191 1779 1232 nem.
3911 1181 4016 1236 487

1364 1265 1470 1322 XC.
1513 1264 1623 1329 Qui
1659 1263 1873 1320 habitat
1905 1263 1966 1321 in
1997 1263 2278 1335 adjutorio
2306 1262 2605 1331 Altissimi,
2638 1262 2696 1319 in
2730 1262 3076 1334 protectione
3106 1263 3206 1320 Dei
3236 1263 3364 1321 coeli
3404 1280 3562 1323 com·

1621 1352 1961 1411 morabitur.
3906 1359 4014 1414 503

1323 1439 1473 1496 xci.
1519 1439 1746 1496 Bonum
1778 1445 1867 1495 est
1894 1438 2153 1496 confiteri
2186 1438 2446 1506 Domino,
2479 1446 2533 1494 et
2563 1438 2805 1508 psallere
2834 1438 3052 1495 nomini
3083 1446 3201 1505 luo,
3235 1441 3544 1499 Altissime.
3904 1445 4013 1500 516

1304 1530 1480 1587 XCII.
1523 1529 1809 1587 Dominus
1862 1529 2134 1600 regnavit,
2167 1530 2429 1585 decorem
2476 1529 2710 1584 indutus
2738 1536 2822 1585 est
2853 1528 3133 1585 :indutus
3161 1539 3243 1587 est
3284 1530 3569 1589 Dominus

1619 1620 2010 1677 fortitudinem
2041 1626 2095 1675 et
2123 1620 2418 1691 praecinxit
2445 1636 2524 1675 se.
3902 1624 4010 1679 526

1275 1710 1475 1766 XCiil.
1517 1711 1674 1767 Deus
1704 1707 1991 1766 ultionum
2024 1708 2301 1766 Dominus
2333 1724 2347 1764 :
2383 1713 2529 1765 Deus
2559 1706 2835 1765 ultionum
2870 1707 3045 1767 libere
3067 1708 3200 1780 egit.
3900 1714 4006 1769 533

1287 1799 1471 1856 XCIV.
1513 1799 1741 1864 Venite,
1774 1798 2122 1856 exsultemus
2153 1799 2395 1856 Domino
2428 1814 2441 1853 ε
2464 1797 2774 1870 jubilemus
2808 1801 2917 1855 Deo
2948 1798 3185 1855 salutari
3220 1808 3430 1857 nostro.
3901 1801 4008 1857 546

1315 1888 1470 1946 XCV.
1513 1889 1755 1945 Caritate
1782 1888 2027 1946 Domino
2055 1888 2340 1945 canticum
2372 1902 2605 1956 novum,
2634 1894 2859 1945 cantate
2887 1886 3131 1945 Domino
3154 1890 3345 1946 omnis
3375 1898 3542 1947 terre.
3904 1892 4007 1948 553

1289 1978 1473 2036 XCVI.
1520 1979 1800 2036 Dominus
1828 1979 2103 2050 regnavit,
2135 1976 2377 2035 exsultet
2407 1983 2554 2034 terra
2585 1993 2600 2034 z
2632 1977 2891 2035 letentur
2915 1978 3116 2036 insulae
3146 1980 3349 2039 multae.
3896 1982 4004 2038 566

1260 2066 1473 2126 xcvii.
1514 2069 1756 2126 Cantate
1789 2068 2031 2126 Domino
2058 2068 2345 2125 canticum
2375 2082 2606 2138 novum,
2637 2067 2770 2140 quia
2799 2068 3089 2127 mirabilia
3117 2069 3266 2128 iecit.
3896 2071 4001 2127 574

1220 2157 1468 2216 xcviii.
1512 2159 1795 2217 Dominus
1847 2158 2125 2230 regnavit,
2184 2158 2504 2216 irascentur
2550 2157 2739 2230 populi
2774 2174 2789 2217 z
2820 2158 2913 2230 qui
2945 2161 3104 2217 sedet
3135 2176 3306 2234 super
3335 2161 3553 2218 Cheru·
3986 2173 3994 2178 ·

1618 2248 1761 2319 blm,
1813 2257 2106 2307 moveatur
2135 2257 2299 2308 terra.
3898 2251 4001 2307 581

1266 2337 1468 2396 XCIX.
1507 2336 1763 2395 iubilate
1792 2337 1935 2409 Deo,
1965 2339 2153 2396 omnis
2183 2345 2329 2396 terra
2359 2354 2374 2394 ε
2405 2338 2609 2396 servite
2634 2338 2880 2397 Domino
2908 2339 2968 2397 in
3000 2338 3209 2397 laeiitia.
3895 2340 4003 2396 588

1401 2430 1460 2486 C.
1501 2428 1961 2487 Misericordiam
2008 2437 2064 2486 et
2104 2428 2387 2501 judicium
2420 2429 2679 2502 psallam,
2711 2436 2759 2486 et
2794 2429 3105 2502 intelligam
3137 2430 3193 2487 in
3226 2432 3316 2487 via
3341 2431 3549 2489 immu-

1598 2516 1813 2577 culale.
3895 2523 4005 2579 592

3653 3043 3832 3090 Τοπιοε
3860 3043 3996 3090 XVI!

1369 3261 1459 3319 Ci.
1506 3262 1771 3331 Domine,
1802 3263 2008 3320 exaudi
2039 3263 2354 3322 orationem
2387 3279 2596 3332 meum,
2626 3268 2685 3320 et
2712 3262 2934 3321 clamor
2959 3278 3121 3320 meus
3139 3263 3207 3319 ed
3243 3273 3294 3321 te
3323 3263 3533 3321 veniat.
3958 3263 3982 3320 1

1337 3350 1454 3408 Cli.
1500 3351 1769 3421 Benedic‚
1800 3353 1993 3409 enimn
2025 3369 2171 3421 mea,
2208 3353 2470 3421 Domino,
2499 3359 2558 3410 et
2603 3354 2798 3410 omnin
2825 3370 2952 3425 qun
2983 3353 3131 3409 intra
3162 3369 3251 3410 me
3278 3361 3410 3409 sunt
3441 3369 3545 3410 no·

1603 3441 1750 3500 mini
1777 3449 1979 3501 uncto
2006 3443 2151 3516 ejus.
3924 3442 3995 3501 19

1308 3529 1454 3588 Cin.
1498 3532 1772 3602 Benedic,
1800 3533 1998 3590 enimn
2023 3549 2173 3600 mee,
2209 3533 2471 3591 Domino.
2503 3533 2745 3591 Domine
2800 3534 2947 3592 Deua
2996 3549 3183 3602 meus,
3215 3532 3553 3604 magnilica·

1603 3628 1694 3679 tus
1717 3637 1781 3680 ee
1812 3621 2196 3680 vehementer.
3919 3623 3982 3679 31

1311 3709 1451 3770 CIV.
1493 3711 1862 3770 confitemini
1914 3712 2179 3782 Domino,
2210 3720 2265 3771 et
2293 3713 2552 3771 invocate
2594 3729 2802 3772 nomen
2833 3713 2958 3786 ejus
2991 3714 3371 3772 :annuntiate
3400 3712 3551 3771 inter

1591 3808 1793 3873 gentes
1820 3818 1994 3874 opera
2022 3803 2169 3876 ejus.
3918 3804 3989 3860 ⁵5

1334 3888 1453 3947 CV.
1494 3889 1866 3949 Contitemini
1897 3891 2165 3961 Domino,
2194 3891 2464 3966 quoniam
2506 3892 2707 3961 bonna,
2739 3892 3006 3966 quoniam
3038 3893 3098 3951 in
3127 3893 3396 3951 seculum
3430 3892 3539 3950 mi·

1597 3979 1912 4038 sericordin
1930 3981 2080 4054 ejus.

1484 4068 1627 4139 Quis
1656 4068 1940 4143 loquetur,
1970 4079 2081 4130 etc.
3911 4073 3986 4131 79

1308 4159 1453 4219 cvl.
1493 4159 1867 4219 confitemini
1895 4159 2162 4232 Domino,
2191 4161 2460 4234 quoniam
2492 4160 2696 4232 bonus,
2725 4162 2997 4236 quoniam
3029 4162 3089 4221 in
3115 4162 3391 4221 seculum
3429 4162 3541 4220 mi·

1592 4250 1904 4310 soricordia
1930 4251 2074 4324 eius.

1480 4339 1690 4399 Dicent
1716 4340 1817 4414 qui
1844 4340 2127 4415 redempti
2157 4349 2313 4410 eunt,
2343 4344 2454 4400 etc.
3882 4345 3984 4403 106

1275 4429 1446 4488 cvn.
1491 4430 1758 4489 Paratum
1815 4446 1915 4490 cor
1972 4446 2191 4500 meum,
2223 4435 2393 4500 Deos,
2438 4439 2700 4505 paratum
2759 4447 2861 4492 eor
2916 4449 3109 4492 meum
3144 4452 3159 4491 ε
3186 4435 3451 4504 cantabo,
3482 4443 3539 4493 et

1589 4519 1833 4593 psallam
1860 4519 1925 4579 in
1954 4520 2136 4595 gloria
2164 4536 2313 4578 mea.
3880 4526 3985 4583 132

1252 4611 1450 4672 CVlil.
1494 4615 1666 4682 Deus,
1698 4612 1924 4671 laudem
1955 4629 2141 4672 meam
2172 4629 2246 4671 ne
2273 4612 2538 4683 ueneris,
2569 4612 2706 4687 quie
2731 4630 2800 4673 οι
2828 4613 3146 4687 peccatoris
3172 4621 3227 4673 et
3260 4631 3329 4674 οι
3356 4616 3539 4676 dolosi

1592 4716 1765 4774 nuper
1799 4719 1892 4761 me
1919 4711 2175 4777 opertum
2205 4705 2314 4761 est.
3881 4708 3987 4765 142

1297 4791 1445 4849 CIX.
1487 4791 1646 4850 Dixit
1674 4792 1957 4852 Dominus
1990 4794 2233 4852 Domino
2263 4808 2389 4851 meo
2420 4809 2435 4850 ε
2465 4793 2606 4851 Sede
2633 4811 2667 4850 a
2698 4794 2915 4852 dextris
2963 4795 3125 4854 meis.
3884 4799 3975 4855 161

1332 4879 1445 4937 CX.
1485 4880 1818 4939 confitebor
1847 4882 1972 4955 tibi,
2002 4884 2240 4941 Domine
2267 4881 2326 4939 in
2357 4888 2472 4940 tolo
2499 4883 2673 4941 corde
2701 4898 2848 4954 meo,
2871 4882 2931 4941 in
2960 4883 3202 4943 consilio
3225 4885 3534 4960 justorum,

1589 4977 1645 5029 et
1673 4973 2133 5046 congregetione.
3877 4977 3982 5035 169

1300 5060 1451 5118 Cxi.
1492 5060 1703 5118 Beatus
1727 5063 1814 5119 vir
1842 5063 1940 5135 qui
1969 5063 2128 5121 timet
2156 5062 2490 5136 Dominum,
2523 5063 2580 5121 in
2612 5063 2898 5122 mandatis
2923 5066 3047 5137 eius
3077 5067 3233 5140 eupit
3263 5067 3461 5125 nimis.
3879 5068 3985 5126 179

1267 5151 1446 5210 cxli.
1489 5152 1758 5225 Leudate,
1789 5156 1974 5229 pueri,
2004 5155 2314 5215 Dominum
2348 5175 2363 5214 ς
2395 5155 2620 5213 laudate
2653 5172 2862 5215 nomen
2904 5160 3160 5217 Domini.
3879 5160 3982 5216 187

1239 5242 1452 5300 cxm.
1494 5244 1560 5301 In
1593 5244 1752 5301 exitu
1783 5244 1955 5303 israel
1985 5253 2041 5303 et
2067 5247 2328 5320 AEgypto‚
2351 5246 2554 5304 domus
2578 5247 2757 5304 Jacob
2784 5249 2855 5307 de
2885 5249 3096 5323 populo
3127 5250 3385 5308 barbaro.
3879 5251 3976 5307 191

1257 5331 1448 5389 CXIV.
1492 5333 1700 5403 Dilexi,
1730 5335 1999 5407 quoniam
2021 5337 2285 5394 exaudiet
2302 5336 2803 5411 Dominusvocem
2829 5339 3247 5411 deprecationis
3276 5357 3438 5398 men.
3871 5340 3980 5396 207

1278 5421 1449 5484 CXV.
1489 5424 1740 5497 Credidi,
1770 5430 2003 5498 propter
2030 5428 2179 5499 quod
2214 5426 2434 5485 locutus
2478 5441 2606 5485 sum
2638 5444 2654 5485 ε
2684 5443 2787 5502 ego
2824 5436 3011 5486 eutem
3045 5430 3377 5489 humiliatus
3401 5446 3530 5490 eum

1586 5513 1783 5576 nimis.
3870 5520 3977 5578 ²12

1250 5602 1450 5662 cxv1.
1493 5603 1747 5665 Laudete
1775 5605 2108 5678 Dominum,
2136 5623 2339 5667 omnes
2365 5615 2563 5682 gentes
2596 5625 2613 5668 ε
2641 5609 2870 5668 laudate
2897 5625 3056 5685 eum,
3078 5628 3278 5672 omnes
3304 5612 3526 5687 populi.
3870 5611 3980 5670 217
