5008 6329
650 297 774 364 138

645 462 986 531 idolorum
1054 462 1505 555 premebatur.
1590 456 1792 524 Eccli.
1873 476 1931 530 L,
2004 450 2090 517 28
2170 471 2184 515 :

645 571 921 640 Stultus
952 569 1260 663 populus
1299 569 1421 656 qui
1447 566 1715 633 habital
1745 558 2185 631 inSielzimiS.

643 677 894 767 Jerem.
940 701 1033 754 tx,
1069 679 1108 742 5
1147 699 1161 741 :
1203 676 1290 741 Ue
1323 675 1552 764 inique
1583 678 1884 763 aqereut,
1921 665 2192 733 labora-

645 794 908 853 verunt.
971 783 1079 861 Et,
1133 806 1273 857 xvi,
1339 784 1417 849 13
1471 804 1485 848 ;
1550 779 1868 850 Servietis
1915 773 2013 841 ibi
2058 772 2191 837 diis

646 894 893 960 alienis
956 890 1066 957 die
1132 913 1210 958 ac
1274 901 1486 970 nocie,
1547 889 1667 978 qui
1725 907 1859 951 non
1926 879 2191 947 dabunt

642 999 830 1066 vobis
879 999 1203 1089 requiem.
1251 997 1386 1064 Sed
1442 996 1622 1063 hunc
1671 989 1999 1081 populum
2057 985 2193 1050 Do-

643 1106 871 1171 minus
919 1104 1172 1184 divisit,
1208 1102 1481 1194 quando
1538 1100 1866 1187 majorem
1917 1093 2187 1160 illorum

639 1220 902 1302 partem
986 1211 1071 1279 ad
1129 1209 1332 1277 tidem
1389 1206 1680 1276 vocavit.
1742 1200 1980 1270 Matth.
2043 1204 2185 1276 xin,

641 1322 725 1390 48
781 1347 796 1391 ε
858 1321 1240 1410 Eleqerunt
1296 1318 1501 1385 bonos
1558 1318 1627 1383 iu
1684 1337 1874 1396 vasa,
1936 1309 2191 1377 scilicet

638 1451 785 1497 sua.
823 1428 1066 1495 Divisit
1095 1427 1304 1494 etiam
1334 1425 1419 1493 ad
1452 1418 2051 1511 invicem,quando
2084 1416 2192 1484 di-

639 1557 867 1603 versas
893 1535 1145 1623 gratias
1180 1532 1312 1599 illis
1362 1531 1568 1613 dedit,
1613 1526 1986 1597 secundum
2027 1523 2192 1590 illud

641 1642 879 1711 Matth.
911 1666 1078 1722 xxV,
1135 1643 1214 1710 15
1263 1665 1279 1709 :
1337 1642 1714 1729 Unicuique
1751 1637 1938 1703 dedit
1963 1655 2194 1701 seeun-

645 1752 810 1818 dum
870 1753 1233 1842 propriam
1300 1750 1643 1817 virtulem.
1720 1745 1827 1811 Ad
1895 1744 2187 1812 Roman.

645 1881 763 1937 xn,
836 1859 918 1926 13
980 1882 996 1926 :
1064 1858 1445 1947 Unicuique
1486 1856 1662 1921 sicut
1727 1856 1913 1920 Deus
1962 1850 2196 1917 divisit

655 1990 1046 2035 mensuram
1096 1965 1290 2055 fidei,
1357 1974 1423 2032 et
1472 1964 1626 2031 fecit
1683 1984 1839 2029 eum
1886 1958 2194 2026 laborare

649 2072 882 2141 labore
962 2072 1146 2141 bono
1235 2080 1510 2163 propter
1588 2078 1861 2137 aeterna.
1944 2065 2188 2133 Genus,

647 2203 830 2258 xmx,
889 2181 1020 2248 135:
1072 2179 1250 2246 Vidi!
1300 2179 1596 2268 requiem
1639 2175 1830 2267 quod
1863 2182 2026 2240 esset
2076 2169 2196 2238 bo·-

647 2311 764 2367 ηα,
824 2296 887 2354 et
926 2297 1179 2354 terram
1218 2285 1408 2376 quod
1470 2286 1729 2375 optima
1777 2305 1799 2349 .·
1832 2290 1894 2347 et
1942 2303 2192 2370 suppo·

646 2397 787 2462 suit
815 2396 1180 2463 humerum
1215 2416 1420 2460 suum
1451 2392 1548 2459 ud
1565 2389 2013 2482 portandum.

741 2638 774 2671 «ι
844 2609 940 2676 Et
1004 2607 1383 2677 covevallem
1453 2604 2076 2673 tabernaculorum.
2159 2629 2190 2666 ι

656 2716 780 2784 llic
816 2716 1217 2784 secundum.
1277 2715 1484 2795 Quasi
1525 2714 1771 2781 «liceret
1811 2737 1825 2780 ε
1872 2711 1986 2778 Sic
2031 2708 2197 2776 divi·

649 2825 805 2893 «lam
849 2825 1252 2900 Sichimam,
1290 2848 1323 2887 ι
1359 2834 1421 2889 e!
1459 2824 1804 2904 clinez-liar,
1843 2848 1875 2882 n
1915 2839 2197 2886 mensu-

647 2957 718 3001 ra
798 2931 1052 3011 debita,
1149 2960 1181 2994 α
1267 2930 1641 2998 com-ollem
1732 2925 2198 2993 tabernaculo·

650 3063 831 3124 rum,
872 3066 903 3101 n
944 3048 1216 3130 gentem
1270 3037 1522 3105 scilicet
1564 3034 1983 3109 Judaeorum,
2026 3030 2197 3099 alios

646 3146 730 3217 ad
775 3170 886 3215 me
916 3169 1168 3216 vocans
1219 3155 1293 3215 ut
1341 3145 1596 3222 vivant,
1632 3142 1802 3211 alios
1850 3140 2196 3209 dimittens

646 3261 722 3323 ut
766 3261 1070 3345 pereant.
1107 3251 1326 3320 Vocat
1371 3261 1594 3320 autem
1649 3249 1925 3317 Judaeos
1966 3247 2197 3315 taber-

647 3361 927 3441 nacula,
978 3359 1288 3429 alludens
1334 3361 1393 3426 ei
1436 3359 1617 3450 quod
1666 3357 1839 3425 dixit
1892 3355 2193 3438 Balaam,

650 3469 932 3539 Numer.
1005 3490 1193 3550 xxiv,
1243 3469 1285 3532 :5
1355 3490 1371 3533 :
1446 3472 1667 3550 Quam
1732 3465 2030 3557 pulchra
2088 3473 2202 3531 Ια-

654 3575 1025 3646 bernacula
1081 3586 1231 3652 tua,
1289 3573 1528 3650 Jacob,
1583 3584 1644 3639 et
1703 3573 1993 3640 [micaria
2049 3580 2198 3656 tua,

657 3685 927 3754 Israel!
966 3683 1122 3753 llaec
1182 3681 1614 3751 tabernacula
1669 3680 2017 3749 dimensus
2070 3686 2195 3758 est,

656 3792 828 3861 alios
864 3812 1247 3866 assumens,
1281 3789 1452 3857 alios
1479 3787 1892 3879 relinquens,
1927 3784 1984 3852 11
2029 3785 2196 3875 neg.

657 3925 804 3986 vm,
844 3904 885 3969 2
920 3923 938 3969 ε
972 3903 1249 3969 Meu-vus
1293 3908 1390 3966 est
1430 3897 1644 3965 David
1702 3897 1874 3964 duos
1916 3895 2203 3985 funicu-

660 4009 786 4091 los,
820 4031 1034 4077 mitem
1079 4006 1180 4075 ad
1229 4004 1695 4082 occidendum,
1729 4015 1792 4072 et
1852 4025 2067 4072 unum
2110 4002 2207 4070 ad

656 4114 1171 4205 vivificandum.
1225 4112 1395 4180 Aliis
1442 4114 1729 4200 gratiam
1783 4110 2088 4178 tribuens
2135 4111 2201 4178 in

657 4220 1004 4312 praesenti,
1061 4228 1130 4287 et
1181 4217 1335 4286 aliis
1380 4216 1716 4298 auterens,
1767 4217 1907 4285 suis
1974 4224 2201 4282 tamen

663 4327 944 4406 meritis,
1004 4323 1027 4392 1
1063 4325 1234 4415 neg.
1286 4347 1359 4403 n,
1390 4327 1432 4390 6
1467 4346 1483 4390 :
1518 4324 1858 4392 Dominus
1905 4322 2204 4410 mortifi-

657 4443 790 4512 cat,
831 4441 897 4501 el
926 4432 1252 4521 vivificat.
1291 4429 1372 4498 Et
1436 4431 1503 4497 in
1560 4429 1812 4509 tuturo,
1863 4427 2016 4496 aliis
2062 4426 2207 4519 glo-

661 4543 829 4610 riam
872 4540 1086 4619 dans,
1146 4538 1299 4608 aliis
1340 4561 1504 4606 vero
1545 4537 1859 4628 infligens
1914 4543 2200 4604 mortem

657 4657 1011 4731 aeternam,
1053 4646 1298 4715 Matth.
1350 4668 1493 4726 xiv,
1526 4646 1599 4712 41
1653 4668 1669 4712 :
1705 4646 1903 4722 Due,
1934 4641 2200 4736 supple,

656 4765 855 4825 eruut
884 4753 1208 4824 violentes
1237 4756 1307 4821 iu
1339 4751 1528 4820 uiola
1558 4776 1582 4820 :
1614 4776 1752 4820 una
1792 4761 2201 4827 assumetur,

656 4875 721 4934 el
759 4888 897 4932 uua
935 4862 1386 4954 relinquetur.
1456 4860 1537 4927 Et
1586 4861 1762 4929 inter
1819 4866 2207 4950 assumptos

657 4973 859 5042 etiam
916 4970 1220 5038 diversas
1275 4991 1629 5037 mensuras
1686 4965 1987 5046 habebit,
2041 4964 2200 5036 Luc.

653 5102 748 5166 vt,
782 5079 869 5146 38
929 5099 948 5145 ε
1011 5079 1121 5145 Eu
1163 5098 1505 5155 recemum,
1567 5099 1707 5167 qua
1745 5075 1962 5142 'nemi
1993 5076 2208 5164 lueri-

656 5187 769 5266 tis,
838 5185 1231 5253 remetietur
1308 5181 1516 5250 vobis.
1576 5181 1779 5250 Joan.
1853 5204 1995 5259 xiv,
2077 5183 2118 5249 2
2187 5204 2203 5250 :

653 5295 739 5363 In
795 5293 1000 5361 donno
1054 5292 1293 5359 Putris
1359 5291 1495 5358 mei
1533 5290 1913 5358 ”inrisiones
1967 5288 2207 5357 multe

658 5410 846 5470 sunt.

1619 291 1703 357 D.
1756 284 1953 351 ALB.
2007 275 2222 343 MAG.
2277 274 2485 340 ORD.
2541 272 2836 338 PRAED.

2387 466 2422 505 α
2462 444 2658 508 Meus
2696 451 2791 506 est
2826 439 3129 508 Galaad.
3181 467 3213 501 »
3265 440 3396 506 Hic
3438 437 3841 516 secundum,

2295 550 2362 615 in
2425 572 2562 639 quo
2620 547 2994 638 specificat}
3022 547 3243 636 magis
3302 546 3383 613 de
3452 547 3848 614 dilatatione

2293 657 2611 726 Ecclesiae
2650 663 2717 722 et
2762 654 3297 722 sublimatione:
3361 661 3427 719 et
3471 652 3846 720 secundum

2294 765 2426 834 hoc
2463 766 2599 833 duo
2657 763 2996 830 (licuntur.
3052 762 3314 840 Primo,
3363 762 3575 852 ipsius
3605 759 3851 827 dilata-

2292 875 2389 943 tio
2421 882 2487 941 et
2516 871 2907 940 sublimatio
2939 872 3009 937 in
3077 868 3212 936 illis
3255 870 3369 961 qui
3423 869 3506 937 de
3561 867 3838 935 Judaeis.

2297 977 2639 1056 SecundO,
2694 978 2762 1043 in
2820 976 2952 1043 illis
2992 974 3232 1066 quide
3300 971 3660 1050 Gentibus,
3724 971 3843 1054 ibi,

2299 1108 2332 1149 «t
2374 1083 2583 1152 Moab
2619 1083 2817 1151 lebes.
2856 1110 2888 1145 »

2384 1190 2463 1259 In
2493 1192 2713 1282 prima
2742 1190 2902 1258 du0.
2930 1189 3192 1272 Primo,
3247 1189 3566 1257 Ecclesiae
3616 1187 3856 1256 multi-

2294 1299 2566 1390 plicatio
2596 1323 2717 1390 per
2754 1298 3004 1367 multas
3035 1298 3377 1365 bonorum
3409 1297 3848 1365 differentias.

2298 1407 2642 1488 Secundo,
2676 1408 2888 1498 ipsius
2918 1406 3343 1486 sublimatio,
3404 1404 3525 1483 ibi,
3590 1430 3625 1469 α
3665 1403 3856 1471 ,luda

2295 1539 2418 1583 rex
2455 1538 2666 1583 meus,
2707 1540 2740 1580 »

2385 1625 2465 1692 In
2493 1624 2715 1714 prima
2747 1624 2898 1703 tria,
2934 1622 3311 1690 secundum
3354 1630 3491 1689 tres
3533 1619 3856 1688 disseren-

2295 1736 2426 1801 tias
2454 1741 2842 1800 sanctorum
2883 1732 2963 1799 de
2999 1730 3283 1815 Judaeis‚
3331 1733 3401 1798 in
3460 1730 3737 1821 quibus,
3789 1738 3855 1797 et

2296 1865 2417 1932 per
2454 1863 2629 1932 quos
2667 1840 2827 1908 dicit
2857 1863 2928 1907 se
2957 1838 3410 1907 dilatandum.
3459 1838 3694 1904 Prima
3723 1835 3858 1902 ‹lif-

2297 1949 2580 2017 ferentia
2625 1955 2729 2014 est
2757 1945 3161 2037 Martyrum,
3206 1967 3505 2036 quorum
3545 1942 3855 2012 collectio

2304 2054 2589 2125 Galaad
2613 2053 3013 2144 appellatur.
3054 2051 3398 2132 Secunda,
3431 2049 3861 2141 contempla-

2297 2167 2624 2247 tivorum,
2660 2186 2812 2253 qua»
2845 2185 2964 2253 per
2992 2164 3386 2229 Manassem
3426 2159 3853 2250 intelligitur.

2296 2273 2545 2358 Tertia,
2588 2271 2993 2350 activorum,
3030 2292 3181 2359 quae
3199 2293 3321 2359 per
3358 2269 3704 2360 Ephraim
3746 2267 3859 2335 de-

2300 2384 2633 2475 signatur.

2388 2502 2570 2571 Dicit
2599 2524 2761 2593 ergo
2805 2522 2822 2570 :
2860 2501 2974 2569 Sic
3008 2500 3350 2578 exalteris,
3411 2507 3479 2566 et
3526 2498 3861 2587 multipli-

2300 2616 2471 2685 ceris
2528 2637 2613 2681 ex
2661 2610 3019 2688 GentibuS,
3090 2621 3156 2678 et
3200 2608 3513 2677 Judaeis:
3568 2606 3753 2697 quod
3802 2607 3856 2671 si

2302 2722 2565 2800 leceriS,
2628 2746 2661 2787 α
2713 2742 2903 2786 meus
2946 2728 3044 2785 est
3106 2717 3414 2800 Galaad,
3472 2744 3502 2778 n
3585 2715 3653 2782 id
3730 2722 3855 2796 est,

2303 2831 2632 2920 Martyres
2672 2826 2838 2895 mihi
2901 2826 3372 2893 testimonium
3427 2820 3861 2913 perhibentes

2301 2944 2701 3006 manserunt
2769 2937 2835 3001 in
2903 2955 3117 3000 unum
3217 2932 3613 3022 congregati
3692 2937 3865 2997 tam-

2303 3069 2511 3139 quam
2552 3047 2622 3113 in
2649 3065 2892 3112 acervo
2931 3065 3095 3109 uno.
3142 3040 3274 3109 lsa.
3309 3061 3498 3122 κιιιι,
3549 3039 3630 3106 10
3674 3060 3690 3104 :
3742 3039 3864 3105 Vos

2301 3166 2497 3223 testes
2543 3152 2679 3222 mei
2723 3150 2905 3228 estiS,
2976 3148 3145 3216 dicit
3201 3148 3573 3224 Dominus,
3623 3152 3862 3213 contra

2304 3260 2638 3339 infideleS,
2700 3266 2768 3327 et
2820 3265 3059 3325 contra
3117 3253 3296 3323 male
3343 3261 3411 3321 et
3466 3250 3696 3342 tepide
3754 3251 3864 3317 vi-

2304 3377 2566 3439 ventes.
2604 3365 2764 3448 sol»,
2807 3388 2874 3441 x,
2919 3366 2992 3431 l‘i
3034 3386 3050 3430 ε
3083 3365 3447 3430 instauras
3470 3370 3670 3426 testes
3709 3368 3863 3426 tuos

2304 3487 2542 3547 contra
2584 3497 2713 3542 me.
2765 3469 3133 3551 Quomodo
3189 3469 3375 3537 enim
3432 3488 3860 3558 perversum,

2306 3585 2414 3655 vel
2470 3582 2776 3674 tepidum
2835 3603 2973 3646 non
3016 3577 3392 3647 contundat
3462 3576 3694 3667 passio
3758 3572 3866 3642 vei

2304 3695 2447 3763 vita
2484 3690 2914 3780 Martyrum?
2970 3687 3121 3754 Act.
3160 3708 3208 3769 ι,
3259 3686 3301 3752 8
3345 3706 3362 3751 ;
3417 3683 3641 3752 Eritis
3692 3681 3867 3748 mihi

2308 3808 2506 3869 testes
2543 3799 2615 3864 in
2656 3794 3072 3873 Jerusalem,
3120 3801 3184 3859 et
3231 3792 3303 3858 in
3353 3791 3546 3857 οηιηί
3586 3788 3865 3871 Judaea,

2307 3909 2370 3967 et
2398 3896 2755 3974 Samaria,
2789 3902 2853 3960 et
2892 3914 3107 3982 usque
3160 3889 3260 3958 ad
3290 3897 3680 3956 extremum
3729 3895 3867 3954 ler-

2308 4029 2425 4076 τε.

2402 4145 2435 4185 ι
2493 4119 2591 4186 Ee
2644 4138 2832 4184 meus
2896 4121 2995 4181 est
3056 4114 3435 4187 Manassae,
3512 4139 3545 4173 »ι
3615 4108 3868 4179 scilicet

2310 4226 2628 4295 obliviosi
2661 4224 2974 4291 omnium
3005 4229 3463 4300 terrenorum,
3507 4227 3580 4286 et
3622 4240 3869 4286 carna-

2312 4332 2478 4401 lium
2524 4330 2931 4400 amicorum.
2989 4325 3341 4394 Manasses
3399 4325 3588 4393 enim
3654 4324 3872 4392 inter-

2312 4445 2618 4531 pretatur
2651 4435 2932 4504 oblivio.
2976 4431 3078 4502 De
3108 4430 3361 4501 talibus
3411 4438 3555 4500 erat
3605 4430 3723 4522 qui
3772 4429 3871 4498 di·

2312 4546 2533 4626 cebat,
2565 4544 2650 4614 ad
2682 4541 2934 4633 Philip.
2980 4563 3077 4620 m,
3118 4541 3199 4607 13
3228 4546 3295 4608 et
3329 4538 3410 4606 ¹4
3454 4539 3670 4624 :Quat
3716 4538 3865 4629 qui·

2312 4656 2465 4723 dem
2513 4663 2692 4722 retro
2752 4661 2919 4720 sunt
2989 4645 3420 4730 obliviscens,
3470 4646 3571 4714 ad
3603 4669 3686 4714 ea
3718 4668 3871 4714 vero

2313 4786 2464 4855 qua·
2536 4769 2698 4827 suut
2755 4757 2999 4849 priora
3062 4752 3430 4822 emendem
3494 4755 3862 4846 meipsum,

2315 4869 2413 4936 ad
2458 4866 2877 4935 destinatum
2942 4883 3343 4955 persequor,
3404 4859 3503 4928 ad
3555 4859 3874 4927 bravium

2313 4998 2625 5070 supernae
2651 4973 3026 5042 vocationis
3058 4971 3188 5039 Dei
3223 4971 3294 5037 iu
3329 4969 3601 5039 Christo
3628 4969 3817 5036 Jesu.

2305 5136 2313 5178 :
2407 5113 2441 5146 «
2476 5085 2572 5150 Et
2611 5079 2953 5173 Ephraim
2987 5103 3022 5144 ι
3083 5076 3388 5166 frugiter,
3423 5075 3542 5165 qui
3579 5075 3875 5143 fructifi-

2319 5200 2429 5262 cat
2475 5192 2546 5258 iu
2604 5186 2926 5280 operibus
2999 5184 3231 5275 (activi
3307 5183 3417 5251 isti
3475 5185 3665 5272 sunt)
3765 5192 3866 5251 est

2324 5327 2358 5363 α
2387 5298 2724 5387 susceptio
2759 5321 2790 5359 ι
2842 5290 3252 5383 (emphatice
3290 5289 3625 5380 loquitur)
3677 5319 3711 5355 α
3761 5314 3882 5358 ca-

2315 5407 2486 5499 pitis
2540 5404 2697 5483 mei,
2754 5427 2789 5468 »
2861 5399 3137 5479 Christi,
3224 5396 3295 5465 id
3360 5405 3491 5483 est,
3558 5399 3882 5490 suscipiet

2323 5513 2669 5583 Christum
2701 5530 2957 5578 meum.
2992 5504 3093 5574 Do
3125 5503 3375 5573 talibus
3405 5504 3884 5575 fructificanti-

2324 5621 2476 5703 bus,
2538 5619 2623 5688 ad
2676 5614 2939 5686 coloss.
2998 5636 3059 5695 ,1,
3125 5614 3257 5684 1οε
3309 5615 3394 5683 In
3448 5617 3643 5684 ouini
3687 5637 3886 5708 opere
