5008 6329
1905 374 2614 444 COMMENTARIUS
2664 374 2754 440 ΙΝ
2803 375 3237 444 PSALMUM
3288 376 3529 443 CVlll.

1135 550 1526 641 descriptiO,
1592 572 1798 640 quein
1860 549 2180 618 describit
2238 573 2276 617 a
2323 548 2567 617 tribus,
2630 544 2689 612 A

4232 370 4357 439 ¹53

2799 546 3019 636 culpa.
3106 545 3447 633 Secundo,
3527 547 3879 615 adhaercns
3969 546 4351 613 necessario

1132 659 1573 727 destitutione
1606 659 1834 725 omnis
1867 658 2147 726 humani
2190 656 2448 726 auxilii.
2487 655 2544 721 A
2577 675 2694 720 ca-
2798 678 3023 745 poena.

1132 768 1345 831 rentia
1393 763 1478 828 ad
1519 766 2083 833 sustentationem
2124 761 2506 837 necessarii,
2571 757 2685 833 ibi,

1143 901 1172 936 u
1210 876 1304 939 Et
1344 872 1759 941 mendicum.
1806 903 1835 935 n
1887 874 1995 940 Ab
2050 873 2418 939 afflictione
2466 867 2687 936 cordis

1129 981 1465 1059 interiori,
1510 982 1625 1060 ibi,
1677 1012 1709 1046 α
1745 985 1842 1050 Et
1871 988 2379 1070 compunctum.
2428 1001 2460 1041 ιι

1219 1089 1336 1157 Ait
1357 1092 1541 1158 enim
1570 1113 1585 1160 :
1619 1118 1651 1157 α
1694 1094 1791 1160 Et
1805 1097 2199 1181 persecutus
2219 1097 2313 1154 est
2343 1085 2684 1153 hominem

1130 1201 1424 1290 inopem,
1465 1225 1497 1264 ιι
1541 1202 1688 1267 sine
1728 1221 1848 1289 spe
1887 1195 2173 1264 humani
2203 1194 2311 1263 vel
2355 1192 2679 1261 mundani

1123 1306 1386 1385 auxilii,
1441 1333 1473 1372 α
1517 1317 1582 1373 et
1641 1304 2057 1383 mendicum,
2090 1332 2118 1367 ιι
2189 1309 2530 1371 carentem
2573 1322 2683 1367 re-

1125 1413 1249 1481 bus
1296 1414 1382 1480 ad
1439 1404 2475 1480 sustentationem'necessat-iis.
2530 1406 2678 1497 Ipse

1121 1523 1303 1588 enim
1346 1531 1514 1596 erat,
1578 1520 1646 1586 in
1713 1520 1909 1609 cujus
1965 1539 2255 1610 persona
2299 1514 2517 1582 David
2570 1513 2678 1580 lo-

1119 1652 1336 1720 quens
1370 1628 1437 1695 in
1483 1626 1663 1695 l‘sal.
1701 1650 1949 1703 Lxxxv,
2001 1629 2060 1705 1,
2102 1623 2402 1692 dicebat:
2440 1623 2670 1711 Inops,

1117 1750 1181 1806 et
1198 1759 1476 1829 pauper
1501 1759 1657 1803 snm
1725 1757 1876 1826 eqo·
1937 1734 2068 1802 lsa.
2129 1755 2314 1812 Lxm,
2383 1732 2483 1818 5⁵:
2524 1730 2676 1798 Cir·-

1115 1847 1496 1938 cumspeoei,
1531 1853 1595 1912 et
1624 1867 1760 1912 non
1800 1853 1950 1910 erat
2006 1840 2420 1909 auxiliator.
2488 1835 2669 1904 Psal.

1113 1979 1254 2034 xxi,
1307 1957 1428 2023 12:
1469 1952 1860 2022 Tribulatio
1892 1951 2225 2042 proxima
2263 1958 2385 2028 est,
2426 1956 2489 2013 et
2538 1968 2673 2012 non

1111 2072 1209 2131 est
1236 2063 1362 2153 qni
1390 2060 1706 2150 adjuvet.
1729 2058 1983 2127 Thren.
2008 2079 2106 2135 ιιι,
2138 2057 2216 2125 10
2239 2079 2254 2124 :
2289 2052 2672 2123 Recordare

1104 2169 1545 2263 paupertatis
1574 2178 1637 2235 et
1668 2165 2228 2257 transqressionis
2257 2185 2442 2230 meae.

1199 2307 1234 2344 ι
1269 2282 1364 2347 ΕΙ
1399 2284 1912 2370 compunctum,
1954 2303 1985 2338 υ
2022 2273 2253 2342 multis
2284 2271 2661 2347 doloribuS,

1110 2412 1142 2453 e
1186 2386 1412 2462 corde,
1481 2415 1511 2446 ιο
1585 2384 1895 2451 interius.
2000 2380 2211 2461 Alibi,
2317 2380 2384 2445 in
2478 2376 2659 2444 l‘sal.

1107 2518 1336 2570 ιιινιιι,
1373 2496 1504 2563 30:
1577 2494 1734 2583 qu
1770 2512 1927 2558 snm
1977 2511 2247 2581 pauper
2283 2496 2348 2554 et
2395 2485 2655 2553 dolens.

1105 2601 1351 2670 Genes.
1386 2623 1479 2682 vi,
1516 2602 1600 2667 6:
1651 2598 1896 2665 Tactus
1961 2594 2198 2662 dolore
2259 2592 2483 2660 cordis
2563 2591 2663 2657 in-

1102 2711 1456 2778 trinsecus.
1509 2706 1707 2775 llunc
1738 2703 2316 2797 persequebantur
2373 2698 2660 2767 ministri

1101 2816 1302 2885 Pilati
1399 2826 1466 2884 et
1529 2814 1956 2888 Judaeorum,
2045 2808 2418 2879 secundum
2494 2806 2658 2875 illud

1102 2922 1285 2993 l’sal.
1366 2943 1600 2998 ικνιιι,
1661 2922 1702 2989 5
1755 2942 1771 2986 :
1856 2917 2257 3008 Consortati
2318 2925 2480 2983 sunt
2534 2915 2659 3007 qui

1089 3033 1432 3124 piu-secuti
1476 3039 1641 3097 sunt
1680 3051 1809 3105 me,
1846 3027 2115 3095 inimici
2151 3025 2286 3094 mei
2341 3021 2601 3113 injuste
2630 3047 2653 3091 .·

1096 3140 1211 3211 sed
1249 3140 1467 3209 ludas
1506 3147 1653 3208 erat
1720 3133 2186 3229 principalior.
2258 3132 2417 3202 Luc.
2480 3154 2651 3216 xxti,

1096 3251 1178 3318 47
1208 3273 1223 3316 :
1260 3251 1435 3318 Eece
1463 3246 1699 3329 turba,
1729 3257 1794 3314 et
1821 3246 1948 3337 qui
1985 3240 2359 3311 vocabatur
2392 3240 2648 3324 ludas,

1096 3382 1276 3427 unus
1313 3360 1398 3425 de
1435 3355 1826 3433 duodecim,
1861 3349 2297 3422 antecedebat
2327 3374 2458 3418 eos.
2516 3349 2651 3418 Sed

1094 3468 1179 3536 ad
1218 3467 1380 3559 quid
1414 3473 1817 3557 persecutus
1843 3463 2002 3532 est?
2052 3490 2084 3524 κ
2121 3461 2567 3548 Mortificare,
2609 3486 2646 3523 n

1091 3576 1158 3644 id
1188 3587 1317 3654 est,
1349 3574 1436 3642 ad
1479 3571 2036 3642 mortificandum
2074 3578 2142 3639 et
2172 3567 2644 3648 occidendum,

1090 3684 1266 3750 sicut
1304 3682 1620 3773 apparuit
1678 3702 1766 3748 ex
1820 3678 2212 3773 postfacto,
2260 3674 2417 3743 lla-c
2482 3698 2644 3765 ergo

1087 3790 1474 3883 persecutio
1514 3790 1805 3879 ligur-ata
1835 3787 1964 3855 suit
2028 3788 2098 3854 in
2155 3784 2268 3852 illa
2326 3805 2647 3874 persecu-

1086 3895 1301 3975 tione,
1372 3917 1507 3986 qua
1575 3899 1971 3984 persecutus
2016 3898 2119 3959 est
2183 3886 2347 3957 Saul
2396 3887 2639 3956 David.

1088 4000 1310 4090 llleg.
1365 4023 1554 4080 xxiv,
1606 4003 1727 4069 13:
1778 4003 1994 4085 Quem
2028 3995 2474 4090 persequeris,
2524 4016 2645 4062 res:

1083 4108 1310 4177 lsrael
1331 4107 1374 4175 Ξ)
1413 4130 1615 4200 quem
1640 4107 2070 4198 persequeris
2093 4104 2134 4172 ?
2183 4124 2416 4171 canem
2455 4123 2645 4169 rnor-

1081 4230 1311 4297 tnnm,
1345 4229 1407 4287 et
1438 4219 1748 4310 pulicem
1781 4239 2025 4285 tenum.
2068 4214 2215 4296 Qua
2249 4220 2643 4305 persecutus

1081 4335 1183 4395 est
1221 4328 1390 4394 Cain
1413 4324 1583 4394 Abel
1617 4325 1892 4393 fratrem
1932 4346 2136 4392 suum
2167 4322 2184 4358 ¹
2214 4346 2230 4391 ε
2267 4343 2401 4414 qua
2430 4318 2645 4390 Absa-

1080 4434 1196 4504 lon
1224 4444 1489 4526 patrem
1523 4434 1880 4526 proprium
1911 4431 1959 4501 '.

1175 4781 1209 4814 α
1241 4751 1333 4821 Et
1362 4749 1617 4818 dites-it
1646 4747 2222 4818 maledictimeem.
2261 4773 2295 4815 ι
2339 4747 2463 4819 nic
2493 4756 2639 4817 tan·

1076 4861 1264 4952 gitur
1321 4860 1583 4927 motiva
1630 4879 1838 4925 causa
1905 4856 2416 4947 persecutionis,
2484 4879 2636 4948 quae

1078 4978 1182 5038 est
1216 4967 1492 5059 duplex.
1547 4964 1801 5041 Prima,
1850 4963 2151 5034 adboesio
2184 4973 2455 5057 peccato
2497 4966 2633 5033 im-

1075 5076 1456 5156 moderata,
1523 5072 1631 5143 vel
1697 5072 2169 5142 commutabili
2219 5072 2427 5142 bono.
2499 5071 2632 5143 Se-

1072 5183 1322 5263 cunda,
1351 5182 1648 5272 abjectio
1703 5190 1773 5249 et
1818 5188 2254 5271 contemptus
2302 5182 2632 5250 immuta-

1069 5292 1227 5362 bilis
1255 5293 1445 5372 boni,
1493 5292 1615 5373 ibi,
1699 5316 1734 5357 ι
1783 5293 1883 5360 Et
1935 5290 2165 5360 noluit
2212 5288 2629 5361 benedictio-

1067 5423 1250 5577 ”effi-
1290 5425 1601 5600 ¹:lualibet
1665 5512 2042 5601 tanguntur
2113 5505 2275 5575 duo.
2357 5503 2621 5591 Primo,

1137 5742 1155 5779 ¹
1175 5739 1264 5798 Gt.
1287 5741 1502 5798 Genus.
1534 5753 1608 5810 iv,
1634 5740 1669 5790 3
1699 5743 1759 5793 et
1780 5752 1907 5811 seq.

2873 763 2991 831 Ait
3029 767 3210 833 enim
3244 795 3261 832 ε
3301 765 3412 831 Sic
3446 775 3837 854 persecutus
3872 771 3998 843 est,
4034 761 4153 829 sed
4181 782 4350 850 quo·

2792 871 2998 939 modo
3028 873 3409 941 factumest
3445 872 3628 939 hoc?
3680 872 3834 962 quis
3908 871 4136 960 ipsum
4200 890 4348 934 mo-

2789 982 2948 1049 vit?
2987 981 3069 1049 Et
3127 982 3488 1072 respondet
3556 1005 3570 1048 :
3643 1008 3677 1047 α
3716 981 3984 1049 Dileaeit
4033 977 4344 1045 maledi-

2787 1093 3097 1168 ctionem,
3139 1116 3170 1154 n
3203 1113 3307 1159 res
3345 1091 3778 1182 temporales,
3816 1111 3969 1180 quae
4019 1087 4348 1155 dicuntur

2785 1197 3180 1265 maledictio
3210 1198 3745 1267 occasionaliter.
3783 1195 3992 1264 Eccli.
4054 1217 4154 1273 ιιι,
4191 1196 4273 1261 27
4327 1215 4343 1260 ε

2792 1306 2929 1390 Qui
2964 1316 3158 1373 amat
3176 1307 3598 1397 periculum,
3633 1307 3702 1372 in
3735 1303 3863 1371 illo
3884 1299 4168 1394 peribit.
4201 1299 4343 1368 Iad

2785 1411 3085 1481 Timoth.
3128 1437 3223 1496 vt,
3268 1416 3355 1482 9:
3394 1416 3529 1499 Qui
3578 1412 3819 1481 volunt
3858 1410 4105 1479 divites
4151 1410 4337 1499 fieri,

2789 1523 3099 1589 incidunt
3157 1523 3729 1599 intentationem,
3786 1530 3849 1586 et
3909 1520 3978 1585 in
4012 1519 4346 1609 laqueum

2788 1631 3078 1699 diaboli.
3119 1657 3151 1698 e
3196 1635 3290 1700 Et
3330 1633 3544 1699 veniet
3601 1632 3685 1709 ei,
3712 1656 3745 1694 ιι
3788 1628 4057 1720 supple,
4121 1627 4345 1694 male-

2786 1737 3013 1806 dictio.
3052 1738 3305 1807 llabac.
3368 1762 3441 1822 ιι,
3484 1742 3564 1807 9:
3650 1740 3752 1804 1²·ae
3791 1738 3915 1827 qni
3969 1743 4343 1825 corzqt·eqat

2778 1847 3152 1914 avaritiam
3199 1846 3464 1914 malam
3507 1847 3749 1913 domui
3777 1848 3974 1912 suae!
4024 1840 4345 1933 Appellat

2778 1954 2949 2022 forte
2980 1954 3527 2022 maledictionem
3567 1955 3783 2044 ipsam
3818 1950 4154 2019 malitiam
4186 1972 4340 2039 quae

2775 2065 2837 2130 ei
2879 2061 3208 2153 placebat.
3248 2062 3427 2130 Psal.
3466 2085 3551 2140 m,
3595 2064 3635 2130 5
3681 2082 3696 2130 ε
3734 2060 4067 2129 Dilexisti
4112 2056 4337 2124 mali-

2773 2172 2945 2238 tiam
2972 2193 3178 2261 snper
3208 2170 3718 2261 beiiiqtiitatetn.
3758 2168 4035 2236 Denter.
4072 2188 4170 2243 xi,
4205 2165 4333 2232 26:

2770 2280 2882 2346 En
2939 2301 3246 2370 propono
3323 2280 3391 2347 in
3458 2287 3812 2369 conspectu
3849 2285 4069 2344 vestro
4121 2271 4328 2339 hodie

2772 2386 3298 2456 benedictionem
3346 2398 3410 2455 et
3459 2386 4049 2455 maledictionem.
4110 2381 4323 2451 Eccli.

2768 2517 2883 2578 κν,
2924 2496 3045 2562 ¹7:
3081 2497 3426 2587 Apposuit
3470 2493 3599 2561 tibi
3652 2494 3998 2560 Dominus
4054 2512 4318 2580 aquam

2764 2611 2829 2671 et
2859 2604 3109 2693 ionem,
3171 2610 3522 2692 peccatum
3560 2600 3840 2679 scilicet,
3891 2608 3957 2667 et
3986 2598 4248 2666 bonum
4290 2616 4309 2666 t

2764 2711 2863 2779 ad
2877 2710 3067 2803 quod
3090 2712 3413 2792 volueris,
3440 2711 3722 2803 porriqe
3766 2731 4055 2775 manum
4081 2716 4308 2774 tuam.

2767 2817 2880 2887 Sic
2910 2828 2973 2888 et
3018 2818 3235 2887 Judaei
3285 2816 3841 2887 maledictionem
3910 2814 4331 2893 dilexerunt,

2762 2934 2830 2995 et
2903 2927 3090 2994 veuit
3144 2948 3350 3017 super
3401 2948 3543 3003 eos,
3614 2923 3900 3015 quando
3977 2922 4328 3006 dixerunt,

2761 3031 3003 3103 Matth.
3037 3055 3248 3115 xxvii,
3309 3035 3393 3102 25
3444 3054 3461 3101 t
3521 3032 3831 3122 Sanqais
3892 3029 4046 3120 ejus
4100 3051 4313 3121 super

2758 3164 2906 3221 nos,
2946 3149 3010 3209 et
3034 3163 3243 3233 super
3284 3141 3477 3230 filios
3523 3148 3812 3208 nostros.
3861 3137 3942 3206 Et
3979 3138 4172 3206 venit
4201 3159 4324 3206 su-

2758 3270 2880 3339 per
2907 3248 3060 3316 illos
3129 3247 3294 3315 illud
3344 3247 3543 3326 Osce,
3595 3270 3716 3327 xii,
3785 3247 3866 3313 11
3908 3269 3923 3314 :
3997 3245 4321 3335 Sanquis

2754 3355 2912 3446 ejus
2972 3378 3177 3447 super
3239 3378 3392 3422 eum
3449 3355 3690 3436 veniet,
3733 3362 3798 3420 et
3854 3350 4311 3444 opprobriam

2756 3463 2913 3554 ejus
2949 3465 3254 3532 restituet
3279 3465 3343 3530 ei
3373 3462 3714 3530 Donzinus
3740 3482 3935 3527 suus.

2847 3598 2882 3639 ι
2911 3575 3006 3642 Et
3032 3573 3260 3640 noluit
3307 3570 3864 3649 benedictionem,
3903 3593 3937 3633 ιι
4018 3564 4312 3634 benedi-

2753 3689 2936 3752 ctum
2966 3680 3221 3750 scilicet
3248 3678 3494 3747 Clu-isti
3529 3677 4115 3758 consortium,nec
4151 3696 4316 3742 con-

2745 3791 3175 3881 junctionem
3213 3791 3315 3858 sui
3348 3811 3504 3858 cum
3540 3789 3726 3857 Deo:
3778 3812 3810 3851 ι
3854 3797 3920 3854 et
3956 3782 4313 3875 elonqabi·

2754 3909 2872 3967 tur
2898 3898 2987 3966 ab
3015 3920 3116 3978 eo,
3158 3928 3188 3960 n
3248 3896 3577 3965 multum:
3630 3897 3793 3986 quia
3850 3892 4202 3963 descendit
4236 3893 4309 3959 iu

2754 4005 3119 4083 infernum,
3171 4005 3283 4073 ille
3320 4003 3626 4072 ascendit
3683 4005 3751 4070 in
3790 4001 4069 4071 coeluin.
4116 3998 4303 4068 l’sal.

2751 4136 2960 4193 Lxxu,
2983 4113 3066 4181 27
3095 4135 3111 4180 τ
3141 4114 3280 4198 Qui
3305 4111 3632 4201 elonqant
3660 4133 3733 4177 se
3759 4133 3803 4175 a
3833 4119 3923 4189 te,
3949 4106 4305 4201 peribunt.

2754 4221 2777 4290 l
2815 4220 3037 4290 l‘aral.
3082 4243 3319 4299 xxviii,
3351 4223 3435 4288 9:
3503 4218 3586 4287 Si
3632 4217 4084 4310 dereliqueris
4119 4237 4306 4291 euin,

2742 4330 3069 4423 projiciet
3107 4339 3172 4398 te
3199 4328 3507 4421 usquein
3542 4334 3903 4394 «eternum.
3949 4322 4037 4393 Et
4080 4323 4309 4394 luda-i

2749 4439 2835 4509 ad
2864 4441 3160 4508 litteram
3217 4436 3393 4507 hanc
3459 4433 4007 4503 benedictionem
4058 4431 4311 4502 nolue-

2751 4554 2933 4626 runt,
2975 4544 3249 4638 quando
3286 4544 3606 4613 dixerunt
3640 4561 3821 4610 caeco
3880 4539 4303 4622 illuminato,

2746 4653 2949 4723 Joan.
2979 4673 3076 4730 ix,
3109 4652 3238 4720 28:
3306 4651 3402 4719 Tu
3448 4647 3843 4741 discipulus
3910 4647 4115 4717 illius
4150 4648 4249 4715 sis
4274 4668 4302 4718 .·

2747 4768 2815 4831 et
2850 4761 2937 4829 ab
2961 4761 3060 4830 eis
3088 4768 3187 4827 est
3218 4757 3574 4850 elongatus
3605 4757 3944 4825 transiens
3992 4752 4075 4823 ad
4110 4755 4307 4823 Geu-

2745 4880 2872 4941 ἰοῦ.
2916 4868 3096 4937 Psal.
3130 4891 3362 4950 cxviii,
3430 4868 3595 4937 155:
3638 4868 3876 4958 Lonqe
3912 4888 3958 4932 a
3993 4876 4306 4958 peccato-

2741 4977 2935 5049 ribus
2960 4977 3180 5047 salns.
3238 4975 3398 5055 Job,
3469 4998 3536 5058 v,
3569 4975 3610 5042 4
3637 4994 3655 5043 ε
3688 4976 3925 5062 Loreye
3949 4972 4122 5061 fient
4155 4972 4303 5062 filii

2740 5087 2897 5179 ejus
2925 5110 2969 5154 a
2992 5085 3244 5153 salute.
3276 5085 3429 5152 Act.
3465 5103 3632 5159 xxii,
3676 5083 3754 5149 21
3791 5103 3809 5148 τ
3843 5083 3926 5149 In
3983 5081 4301 5149 nationes

2745 5195 2947 5285 lonqe
2983 5193 3253 5260 mittam
3294 5199 3384 5267 te,
3418 5189 3605 5280 quia,
3642 5185 3849 5256 Eccli.
3887 5187 4082 5273 κνῆ,
4124 5187 4302 5255 dici-

2739 5311 2892 5373 tur:
2927 5302 3158 5391 Lonqe
3186 5295 3391 5405 abest⁸
3416 5296 3757 5364 Dominus
3795 5318 3839 5362 a
3866 5292 4194 5388 superbia
4232 5304 4298 5365 et

2738 5410 2927 5480 dolo·

2806 5743 2829 5781 ⁸
2857 5741 2942 5800 Cf.
2977 5742 3024 5801 11
3058 5744 3306 5817 Regum,
3333 5757 3451 5815 xvi,
3479 5756 3616 5814 xvii,
3651 5757 3787 5801 xvm
3826 5747 3889 5801 et
3913 5759 4033 5802 xix.
