5008 6329
1108 5142 1434 5211 tationis,
1510 5137 1767 5207 Jerem.
1854 5162 2046 5222 xxxi,
2113 5140 2255 5210 14:

1906 344 2620 415 COMMENTARIUS
2671 345 2764 412 ΙΝ
2815 346 3243 416 PSALMUM
3298 348 3609 417 CXXXI.

1146 528 1212 590 et
1250 520 1550 601 Novum,
1617 528 1685 590 et
1741 529 2137 589 sanctorum
2221 521 2706 609 expositiones.

1146 627 1303 694 Non
1333 626 1465 695 illis
1495 628 1821 698 doctrinis
1855 653 2007 721 quae
2055 653 2193 697 non
2260 635 2418 694 sunt
2474 646 2708 717 panes,

1150 734 1280 802 Isa.
1318 760 1426 817 nv,
1473 740 1563 806 2:
1614 741 1841 823 Quare
1898 738 2291 829 appenditis
2348 744 2714 824 arqentum

1141 864 1281 910 non
1324 845 1393 910 in
1426 844 1756 935 panibus,
1791 852 1855 910 ct
1895 843 2200 910 laborem
2233 850 2530 907 vestrum
2577 860 2714 905 non

1145 952 1220 1016 in
1273 949 1709 1018 saturitate?
1738 949 1869 1016 lsa.
1906 972 2038 1028 avt,
2090 951 2156 1015 11
2223 970 2239 1020 :
2306 949 2526 1018 Canes
2579 948 2716 1014 im-

1137 1057 1634 1149 pudentissimi
1753 1058 2135 1124 nescierunt
2233 1057 2708 1123 saturitatem.

1149 1163 1317 1246 Sed,
1352 1167 1421 1232 in
1454 1163 1733 1233 Psalmo
1772 1187 1916 1248 xxx,
1951 1166 2062 1247 27,
2124 1165 2373 1233 dicitur
2405 1187 2420 1231 ε
2483 1163 2714 1232 Edent

1138 1295 1507 1365 pauperes,
1559 1282 1624 1340 et
1685 1273 2216 1341 saturabuntur.
2281 1273 2525 1340 Glossa
2581 1269 2713 1339 hoc

1145 1401 1491 1471 exponere
1553 1390 1623 1448 et
1652 1380 2032 1472 intelligere
2090 1380 2362 1448 videtur
2412 1379 2495 1447 de
2534 1401 2712 1470 pane

1146 1488 1616 1571 Eucharistiae,
1650 1490 1822 1557 sicut
1850 1490 1920 1555 in
1954 1511 2033 1556 ea
2063 1496 2263 1577 patet.

1239 1811 1707 1882 «Sacerdotes
1744 1811 1902 1899 ejus
1959 1808 2272 1877 induam.
2324 1833 2356 1868 »
2402 1805 2532 1873 llic
2567 1812 2712 1873 ter-

1144 1924 1346 2004 tium,
1386 1922 1646 1992 scilicet
1687 1918 2054 2011 promissio
2096 1916 2409 2008 perfectae
2453 1916 2713 1984 sancti-

1142 2032 1329 2110 tatis,
1376 2030 1519 2098 sive
1586 2028 1911 2097 bonitatis
1964 2046 1980 2093 ε
2042 2035 2109 2092 et
2165 2025 2485 2092 dicuntur
2540 2022 2705 2090 duo.

1148 2138 1406 2221 Primo,
1463 2134 1846 2227 promissio·
1897 2133 2240 2212 Secunde,
2314 2130 2561 2198 modus
2600 2152 2714 2199 ex-

1141 2244 1519 2320 hibitionis,
1556 2251 1624 2311 et
1651 2264 1904 2321 causae,
1946 2265 2067 2309 seu
2100 2242 2299 2320 ratio,
2336 2238 2453 2320 ibi,
2488 2238 2704 2315 217:

1146 2380 1181 2416 ιι
1222 2353 1411 2420 Illuc
1429 2350 1841 2443 producam.
1883 2374 1914 2414 ιι

1232 2459 1310 2526 In
1351 2459 1575 2549 prima
1613 2457 1777 2525 duo.
1822 2456 2086 2536 Primo,
2146 2453 2515 2545 promissio
2546 2474 2710 2519 san-

1142 2568 1417 2636 ctitatis.
1482 2565 1825 2645 Secunde,
1860 2565 2108 2633 laetitiae
2138 2564 2208 2632 in
2250 2563 2362 2631 illa
2393 2562 2710 2630 sanctita-

1140 2683 1232 2755 te,
1277 2675 1465 2765 quod
1540 2681 1976 2742 consummat
2039 2680 2284 2748 totum,
2352 2670 2467 2746 ibi,
2544 2670 2708 2736 «Et

1137 2782 1363 2850 sancti
1425 2780 1603 2871 ejus.
1679 2808 1712 2841 »

1229 2889 1406 2957 Dicit
1441 2909 1654 2978 ergo:
1704 2885 1819 2954 Sic
1874 2883 1956 2951 de
2032 2892 2393 2974 potestate,
2461 2885 2560 2951 sic
2623 2881 2707 2949 de

1137 2995 1442 3064 veritatis
1496 2994 1914 3085 cognitione,
1950 3000 2022 3060 et
2074 2993 2280 3059 etiam
2345 2989 2706 3059 «induam

1130 3098 1514 3169 sacerdotes
1551 3097 1737 3190 ejus,
1787 3124 1821 3163 ιι
1867 3097 2164 3187 majores
2219 3105 2287 3164 et
2345 3093 2701 3174 l‘raelatos,

1133 3209 1205 3278 in
1235 3208 1485 3302 quibus
1523 3209 1771 3301 poterit
1809 3229 1956 3276 esse
2016 3207 2310 3297 perfecta
2350 3206 2702 3286 sanctitas,

1137 3344 1170 3379 ιι
1209 3317 1539 3401 salutari,
1576 3343 1610 3379 ιι
1654 3313 1924 3382 Christo
1957 3313 2234 3392 scilicet,
2265 3312 2478 3394 idest,
2515 3309 2703 3379 Chri·

1128 3426 1212 3493 sti
1254 3426 1657 3493 imitatione.
1698 3422 1756 3489 11
1801 3421 2103 3515 l‘aralip.
2141 3444 2235 3501 vu,
2270 3423 2348 3488 41
2392 3444 2409 3489 :
2463 3422 2705 3489 Sacer·

1128 3531 1317 3600 dotes
1346 3532 1475 3608 tui,
1544 3531 1833 3599 Domine
1890 3531 2102 3612 Deus,
2162 3529 2549 3596 induantur
2580 3549 2703 3594 sa·-

1129 3639 1374 3721 lutem,
1413 3636 1783 3707 virtutibus
1845 3635 2137 3704 salutem
2178 3658 2329 3726 quae
2387 3633 2698 3702 Christus

1127 3755 1254 3830 est,
1289 3769 1409 3815 eos
1447 3746 1698 3813 imitari
1732 3742 2159 3813 facientibus.
2197 3741 2509 3820 lsaaezm,
2561 3744 2639 3810 10
2675 3765 2691 3811 :

1126 3851 1369 3921 Induit
1428 3874 1537 3919 me
1601 3849 2020 3919 vestimentis
2078 3849 2357 3917 salutis.
2403 3847 2510 3917 Ad
2553 3847 2692 3916 Ro-

1127 3981 1314 4026 man.
1385 3980 1531 4041 xm,
1606 3957 1689 4024 14

1123 4066 1361 4134 lesum
1392 4063 1770 4145 Christum,
1813 4061 2108 4130 formam
2137 4070 2205 4130 et
2235 4063 2693 4131 imitationem

1125 4172 1404 4241 Domini
1472 4172 1687 4240 nostri
1734 4170 1898 4237 Jesu
1946 4168 2221 4236 Christi.
2287 4168 2402 4238 Sic
2450 4171 2520 4237 in
2551 4171 2695 4237 suis

1124 4279 1594 4351 sacerdotibus
1646 4288 1750 4348 est
1832 4276 2132 4346 Ecclesia
2224 4277 2472 4347 mulier
2545 4276 2691 4362 illa,

1126 4411 1336 4481 quam
1413 4386 1719 4456 Joannes
1793 4384 2105 4472 videbat,
2157 4384 2442 4476 Apocal.
2486 4409 2608 4467 xn,
2654 4388 2683 4454 1

1128 4505 1196 4564 et
1234 4519 1381 4588 seq.

1232 4631 1262 4667 ιι
1300 4605 1397 4671 Et
1438 4603 1663 4669 sancti
1707 4601 1886 4691 ejus.
1953 4625 1987 4666 2
2080 4600 2206 4670 llic
2281 4602 2688 4674 secundum.

1127 4710 1337 4793 Quasi
1368 4708 1623 4778 diceret
1668 4731 1683 4776 ε
1748 4707 2128 4776 induantur
2188 4707 2496 4791 salutari,
2543 4738 2578 4775 ιι
2629 4721 2694 4779 et

1124 4821 1356 4889 sancti
1420 4818 1601 4909 ejus,
1667 4843 1701 4882 ιι
1756 4819 2053 4908 ipsimet,
2113 4819 2228 4909 qui
2305 4819 2692 4890 sacerdotes

1131 4934 1292 4995 sunt
1330 4925 1518 5003 dicti,
1556 4953 1590 4988 ιι
1638 4924 2104 4992 exsultatione
2138 4925 2617 4996 exsultabunt.
2654 4953 2689 4990 ιι

1133 5032 1512 5125 Replicatio
1550 5030 2043 5099 abundantiam
2087 5033 2411 5123 importat
2458 5032 2695 5104 exsul·

2326 5140 2694 5211 inebriabo

1132 5251 1446 5316 animam
1502 5245 1933 5314 sacerdotum
1975 5247 2420 5337 piuyeuuline,
2490 5251 2696 5341 spiri-

1102 5353 1301 5440 §.tuali
1355 5352 1611 5421 scilicet
1682 5349 2165 5421 exsultatione.
2228 5353 2359 5424 lsa.
2428 5378 2519 5434 u,
2571 5358 2611 5425 3
2670 5378 2688 5425 z

1137 5459 1498 5530 Gaudium
1562 5469 1629 5528 et
1676 5459 1941 5556 taetitiay
1990 5459 2373 5529 invenietur
2436 5466 2510 5531 in
2584 5487 2687 5533 ea.

1132 5566 1265 5636 Isa.
1303 5589 1464 5653 nxv,
1510 5567 1592 5635 14
1634 5589 1652 5635 ε
1694 5567 1893 5636 Servi
1931 5567 2067 5635 mei
2119 5566 2510 5638 laudabunt
2546 5595 2695 5664 proe

1131 5666 1597 5745 exsultatione
1625 5673 1874 5743 cordis.
1910 5673 2021 5756 Et,
2054 5697 2236 5758 nxv1,
2284 5679 2365 5747 10
2404 5700 2420 5748 t
2462 5681 2698 5749 Laeta-

1398 5827 1510 5870 nl!

1759 3955 2220 4043 :Induiminni
2310 3955 2695 4023 Dominum
2783 4035 2791 4044 ·

4239 353 4360 421 401

2816 521 2991 587 mini
3053 544 3210 588 cum
3265 524 3692 603 Jerusalem,
3763 533 3827 590 et
3891 523 4233 591 exsultate
4294 525 4366 589 in

2807 648 2917 699 5.ea

2907 731 3035 799 1110
3128 734 3531 815 notandum,
3595 735 3779 824 quod
3867 736 4055 803 indui
4124 736 4368 804 debent
4402 753 4702 798 vecordem

2816 839 3203 908 sacerdotes
3252 842 3715 931 spiritualiter,
3768 844 3940 909 sicut
3997 846 4421 933 antiquitus

2817 947 3278 1016 induebantur
3334 949 3792 1018 materialiter.

2817 1169 3149 1238 mentum,
3192 1162 3548 1230 femoralia
3610 1164 3814 1247 linea,
3873 1164 4005 1231 hoc
4069 1173 4192 1243 est,
4235 1188 4370 1255 pu-

2817 1268 3066 1335 dicitia.
3127 1268 3155 1335 1
3223 1270 3303 1336 ad
3353 1270 3652 1339 Timoth.
3721 1295 3819 1350 ιιι,
3899 1273 3939 1338 2
4002 1293 4017 1339 :
4092 1272 4369 1363 Oportet

2816 1375 3238 1466 Episcopum
3306 1377 3646 1468 pudicum
3716 1401 3873 1446 esse.
3950 1377 4365 1457 Secundum,

2813 1478 2996 1547 linea
3059 1483 3320 1562 stricta,
3367 1485 3579 1552 totius
3645 1487 3952 1574 corporis
4011 1484 4366 1553 munditia.

2814 1588 2946 1657 Isa.
2992 1613 3104 1670 nu,
3145 1592 3221 1659 11
3270 1594 3793 1673 :Mundamini,
3841 1596 3965 1685 qui
3988 1597 4188 1686 sertis
4249 1616 4375 1662 va-

2809 1721 2890 1765 sa
2925 1701 3233 1767 Domini.
3285 1699 3621 1781 Tertium,
3692 1702 4072 1793 cingulum,
4119 1700 4369 1770 scilicet

2805 1807 3097 1903 justitia.
3132 1807 3264 1875 Isa.
3301 1831 3395 1887 xx,
3457 1812 3496 1878 3
3533 1833 3548 1877 ε
3591 1812 3752 1879 Erit
3787 1812 4079 1900 justitia
4125 1811 4374 1900 cinqu-

2816 1915 2963 1981 lum
2994 1915 3392 1984 lumborum
3423 1917 3603 2006 ejus,
3644 1926 3711 1985 et
3752 1918 3926 2006 fides
3969 1919 4371 1985 cinctorium

2813 2046 3054 2091 renum
3084 2023 3264 2113 ejus.
3300 2023 3663 2104 Quartum,
3701 2027 3929 2094 tunica
3985 2024 4371 2117 hyacinthi-

2814 2153 2925 2209 na,
2959 2130 3214 2200 scilicet
3242 2135 3673 2200 conversatio
3719 2133 4032 2201 coelestis.
4069 2133 4172 2200 Ad
4208 2133 4371 2199 l‘hi-

2811 2236 2930 2329 lip.
2978 2263 3075 2316 ιιι,
3112 2241 3247 2309 20:
3323 2241 3762 2310 Conversatio
3818 2252 4050 2308 nostra
4126 2243 4195 2308 in
4248 2265 4371 2308 coe-

2814 2347 2903 2415 lis
2953 2360 3073 2416 est.
3116 2347 3476 2431 Quintum,
3533 2347 4117 2441 superhumerale,
4180 2349 4371 2417 labor

2811 2456 3068 2525 scilicet
3112 2465 3179 2525 et
3242 2458 3590 2548 patientia.
3657 2457 3716 2524 11
3793 2457 3876 2525 ad
3931 2456 4228 2525 Timoth.
4291 2480 4363 2531 ιι.

2813 2563 2905 2631 3:
2961 2562 3235 2633 Labora
3298 2565 3479 2633 sicut
3539 2564 3755 2632 bonus
3825 2564 4023 2631 miles
4085 2562 4360 2631 Christi.

2815 2668 3126 2749 Sextum,
3192 2670 3546 2752 rationale,
3616 2670 3849 2759 judicii
3922 2668 4252 2737 sobrietas
4301 2678 4367 2737 et

2810 2778 3277 2869 intelligentia.
3358 2778 3464 2846 Ad
3519 2779 3810 2847 Roman.
3883 2801 4001 2857 xu,
4045 2779 4084 2845 3
4142 2802 4157 2846 ε
4211 2779 4363 2845 Non

2803 2885 2968 2976 plus
3025 2909 3268 2977 sapere
3324 2909 3539 2977 quam
3605 2898 3871 2979 oportet
3921 2910 4182 2978 sapere,
4241 2885 4364 2952 sed

2803 3015 3040 3084 sapere
3067 2992 3169 3061 ad
3214 2992 3672 3061 sobrietatem.
3719 2993 4128 3084 Septimum,
4171 2993 4363 3061 lami·

2806 3122 2895 3169 na
2922 3124 3154 3184 aurea,
3197 3100 3268 3169 in
3334 3124 3470 3195 qua
3522 3102 3849 3194 scriptum
3899 3110 4040 3170 erat
4108 3124 4359 3170 nomen

2807 3207 3111 3290 Domini,
3162 3208 3714 3301 circumloquens
3744 3212 4130 3300 passionem
4169 3209 4361 3278 Chri-

2803 3315 2889 3382 sti
2935 3339 2951 3383 :
2993 3322 3060 3382 et
3088 3316 3159 3383 in
3200 3315 3448 3395 fronte,
3477 3316 3735 3386 scilicet
3774 3317 3992 3385 audax
4023 3317 4357 3386 confessio

2804 3421 2983 3502 fidei,
3055 3432 3122 3491 et
3188 3432 3447 3515 aperta.
3484 3422 3647 3493 Luc.
3710 3447 3803 3508 ix,
3845 3429 3994 3494 2⁴3:
4051 3427 4189 3510 Qui
4252 3450 4358 3494 me

2799 3529 3175 3610 erubuerit,
3242 3543 3308 3599 et
3345 3556 3529 3602 meos
3572 3554 3936 3610 sermones,
3996 3533 4181 3600 lumc
4231 3536 4356 3602 1³0·-

2805 3638 2942 3707 lius
3003 3640 3304 3708 hominis
3357 3639 3699 3710 erubescet
3752 3663 3908 3710 cum
3969 3644 4222 3710 venerit
4279 3644 4347 3710 in

2799 3748 3167 3837 majestate
3206 3772 3367 3829 sua,
3426 3760 3492 3817 et
3546 3750 3809 3831 Patris,
3856 3760 3922 3816 et
3955 3758 4349 3818 sanctorum

2794 3855 3247 3947 Anqelorum.

2893 4203 2926 4236 α
2962 4175 3153 4246 Illuc
3178 4177 3591 4269 producam.
3638 4205 3669 4238 ιο
3733 4175 3862 4246 llic
3915 4176 4352 4270 subjungitur

2797 4284 2969 4352 ratio
3008 4291 3075 4353 et
3105 4307 3312 4354 causa
3350 4293 3698 4354 tantorum
3736 4284 4103 4367 bonorum,
4172 4288 4349 4356 scili-

2795 4400 2899 4460 cet
2954 4390 3208 4462 Christi
3257 4394 3641 4484 praesentia,
3692 4402 3759 4463 et
3824 4391 4152 4463 beneficia
4221 4396 4352 4465 illis

2796 4498 3098 4567 exhibita
3159 4498 3404 4569 :unde
3469 4498 3790 4569 dicuntur
3852 4500 4015 4569 duo.
4091 4503 4350 4588 Primo,

2795 4609 3155 4699 praesentia
3192 4607 3472 4677 Christi.
3507 4607 3852 4689 Secundo,
3885 4609 4214 4679 beneficia
4243 4635 4355 4680 ex-

2795 4714 3118 4798 bibenda,
3150 4715 3271 4795 ibi,
3324 4725 3391 4794 5.
3440 4717 3522 4786 18
3563 4739 3580 4784 :
3647 4742 3682 4783 α
3740 4717 4064 4786 Inimicos
4091 4719 4268 4809 ejus.
4315 4747 4349 4788 2

2888 4823 2964 4892 ln
3057 4826 3282 4916 prima
3347 4824 3510 4894 duo.
3594 4824 3854 4903 Primo.
3939 4828 4357 4917 promittitur

2795 4932 3156 5023 praesentia
3202 4929 3454 4998 Christi
3522 4931 3589 4999 in
3619 4953 3715 5000 se.
3763 4928 4104 5012 Secundo,
4152 4935 4354 5005 insui

2795 5059 3242 5129 praecursore,
3293 5035 3416 5115 ibi,
3453 5062 3485 5102 α
3520 5038 3785 5105 I'araci
3815 5038 4187 5108 lucernam.
4227 5067 4261 5106 ιι

2888 5143 3066 5211 Dicit
3106 5165 3272 5234 ergo
3317 5165 3334 5210 τ
3382 5141 3499 5212 Sic
3563 5143 3914 5233 proficiam
3971 5149 4351 5230 sanctitate,

2800 5260 2863 5318 et
2901 5249 3230 5317 bonitate.
3304 5250 3442 5318 Nec
3487 5253 3761 5326 mirum,
3809 5253 3965 5340 quia
4011 5280 4039 5313 ιι
4089 5253 4280 5330 ιἸΙιιι·,
4320 5284 4350 5322 s

2785 5359 2870 5425 in
2935 5357 3083 5448 ipsa
3159 5356 3415 5426 scilicet
3491 5354 3815 5434 Ecclesia,
3877 5380 3912 5421 α
3973 5360 4356 5448 producam

2796 5486 3008 5533 comu
3058 5463 3314 5544 David,
3392 5491 3425 5528 ιι
3498 5462 3564 5531 id
3628 5470 3756 5541 est,
3816 5459 4187 5546 Christum,
4239 5470 4356 5560 qui

2798 5571 3045 5641 dicitur
3124 5593 3337 5641 cornu
3406 5569 3685 5650 salutiS,
3764 5572 3926 5661 quia
4001 5573 4364 5647 salubriter

2799 5679 3123 5749 defendit.
3162 5678 3224 5747 11
3247 5678 3419 5769 Reg.
3461 5699 3628 5759 xxn,
3663 5678 3703 5746 3
3747 5681 4083 5770 :Scutum
4104 5706 4359 5782 meum,

4069 5820 4139 5873 20

4399 810 4604 851 881101ι1

4419 863 4644 969 {15¹

3844 950 4137 1018 Maxime
4213 959 4437 1016 sunt
4424 976 4566 1065 ,33³
4570 970 4694 1014 utin

2816 1052 2887 1122 hi
2956 1056 3338 1124 sacerdotes
3397 1057 3738 1148 Episcopi.
3801 1057 4108 1124 Primum
4168 1057 4455 1124 indu-b
4401 1034 4604 1191 .ξέἰῖΓο
4563 1133 4718 1187 ΜΨ..

4544 1023 4628 1064 mm

4487 1184 4614 1229 Bitu.

4589 817 4710 851 num

4647 866 4724 959 gl..

4633 1024 4684 1067 1·i

4609 1089 4683 1121 vae
