5008 6329
712 321 842 390 214

712 492 938 560 nuisse
971 493 1144 558 mala
1194 499 1470 579 propter
1518 489 1667 556 fidei
1724 491 2252 569 consessionem,

712 609 779 668 et
808 603 1065 688 majora
1106 598 1324 664 adhuc
1373 597 1549 666 velle
1609 600 1943 668 sustinere
1983 623 2005 667 .·
2041 609 2107 667 ct
2147 621 2259 666 se-

714 707 1011 774 cundum
1043 704 1170 771 hoc
1202 705 1335 771 duo
1378 705 1719 774 dicuntur.
1761 707 2025 786 Primo,
2073 708 2257 798 quod

703 813 850 902 jam
899 812 1072 877 mala
1129 814 1469 880 sustinuit.
1525 814 1870 895 Secundo,
1930 814 2115 905 quod
2176 813 2260 878 ad

713 919 974 1005 majora
1012 928 1359 1010 promptus
1391 922 1501 1001 sit,
1557 921 1674 1005 ibi,
1716 929 1779 996 ᾗ.
1823 923 1901 986 12
1936 942 1951 987 :
1994 947 2027 982 «
2078 915 2264 1001 Quid

715 1025 1088 1093 retribuam
1117 1027 1156 1094 ?
1188 1056 1220 1092 ιι

812 1136 889 1202 In
918 1136 1134 1225 prima
1174 1137 1332 1204 duo.
1376 1136 1638 1216 Primo,
1670 1133 1851 1223 quod
1883 1132 2262 1199 tribulatio-

712 1271 873 1316 nem
912 1246 1249 1313 sustinuit.
1290 1240 1633 1324 Secundo,
1669 1240 1854 1331 quod
1876 1262 2015 1307 non
2047 1262 2128 1306 ex
2160 1261 2256 1317 se,

716 1357 835 1424 sed
874 1378 959 1423 ex
989 1354 1130 1418 Deo
1163 1350 1387 1427 dante,
1424 1347 1543 1428 ibi,
1587 1356 1650 1424 ᾗ.
1692 1351 1764 1416 11
1820 1373 1834 1416 :
1887 1374 1920 1414 α
1963 1352 2118 1438 qu
2150 1348 2262 1415 di-

711 1465 812 1531 xi.
861 1489 893 1524 »

801 1567 981 1634 Dicit
1018 1587 1178 1654 ergo
1249 1587 1263 1630 :
1337 1562 1451 1632 Sic
1519 1563 1801 1647 credidi,
1872 1570 1938 1630 et
1993 1563 2261 1630 locutus

721 1697 874 1743 sum
945 1696 961 1739 ε
1008 1698 1042 1738 ι
1110 1695 1230 1762 eqo
1287 1681 1517 1739 autem
1571 1699 1603 1733 ιι
1674 1678 1954 1761 propter
2011 1669 2266 1759 praedi-

712 1790 890 1851 ctam
918 1780 1436 1859 confessionem,
1487 1805 1518 1840 «
1567 1776 1985 1844 humiliatus
2010 1798 2191 1852 sum,
2225 1800 2258 1840 ιι

709 1888 1071 1957 vilificatus
1110 1895 1176 1954 et
1213 1886 1526 1963 afflictuS,
1581 1910 1614 1949 ι
1664 1885 1921 1952 nimis:
1955 1909 1990 1950 ιι
2047 1881 2263 1951 vehe-

714 1999 1040 2066 mentiam
1088 2003 1301 2062 notat.
1357 1993 1707 2071 Judicum,
1759 2016 1853 2073 vx,
1901 1994 1930 2060 1
1988 2000 2057 2060 et
2084 2015 2259 2082 seq„

711 2103 1109 2174 humiliatus
1182 2109 1281 2170 est
1358 2100 1558 2169 valde
1647 2099 1856 2168 Israel
1946 2101 2017 2168 in
2095 2122 2265 2168 con-

718 2221 950 2305 spectu
998 2212 1288 2279 Madian.
1334 2210 1516 2277 Psal.
1580 2234 1807 2288 cxvm,
1867 2211 1990 2277 107
2051 2232 2067 2275 t
2118 2209 2265 2276 Ilu-

715 2321 1030 2389 miliatus
1102 2341 1253 2386 sum
1333 2340 1840 2408 usquequaque,
1937 2316 2255 2385 Domine.

722 2428 838 2497 Sic
859 2429 1037 2496 enim
1069 2428 1381 2518 promisit
1426 2427 1567 2493 suis
1605 2424 1971 2503 DominuS,
2015 2422 2256 2492 Matth.

715 2559 786 2616 x,
855 2537 932 2603 17
996 2553 1014 2601 t
1071 2533 1359 2602 Tradent
1392 2555 1508 2600 vos
1547 2534 1618 2600 in
1675 2533 2009 2611 conciliis,
2080 2541 2144 2600 et
2190 2532 2261 2598 in

713 2641 1085 2733 syntaqoqis
1147 2641 1292 2707 suis
1335 2637 1811 2729 slaqellabuut
1883 2661 2024 2705 vos.
2094 2636 2255 2718 Sed,

713 2748 873 2830 Job,
914 2771 1077 2825 xxu,
1119 2750 1202 2814 29
1256 2771 1270 2814 :
1317 2746 1565 2814 dicitur
1614 2768 1629 2814 ε
1681 2747 1817 2830 Qui
1845 2746 2262 2814 humiliatus

713 2856 955 2946 luerit,
1009 2862 1283 2944 propter
1347 2852 1499 2920 fidoi
1570 2852 1923 2920 veritatem
1980 2859 2047 2920 et
2092 2874 2262 2920 con-

717 2967 1061 3047 stantiam,
1090 2966 1218 3030 erit
1249 2964 1317 3029 in
1334 2963 1592 3054 qloria.

809 3315 842 3354 α
878 3288 1028 3380 qu
1059 3286 1229 3354 dia-i.
1278 3312 1308 3348 ιι
1380 3285 1504 3352 llic
1553 3283 1930 3353 secundum
1988 3307 2004 3351 :
2065 3292 2262 3376 post-

720 3418 922 3485 quam
954 3394 1131 3462 cnim
1163 3418 1232 3460 sc
1280 3390 1714 3459 humiliatum
1769 3389 1964 3469 dixit,
2027 3398 2263 3458 osten-

687 3503 816 3570 ‚dit
852 3526 923 3570 se
953 3500 1080 3569 hoc
1114 3502 1411 3591 potuisse
1444 3522 1529 3567 ex
1561 3499 1730 3578 Deo,
1771 3521 1909 3566 non
1956 3522 2040 3567 ex
2071 3521 2167 3566 se.

807 3611 923 3679 Ait
965 3612 1145 3677 enim
1207 3632 1223 3677 ε
1286 3607 1401 3676 Sic
1450 3615 1729 3699 propter
1774 3605 1980 3675 fidem
2027 3606 2265 3675 humi-

717 3718 867 3787 liari
938 3717 1252 3793 sustinui,
1312 3738 1436 3784 nec
1514 3737 1597 3783 ex
1673 3712 1807 3783 hoc
1884 3714 2257 3806 superbivi.

630 3828 638 3836 '
718 3825 923 3905 Quia,
963 3851 998 3887 ιι
1051 3845 1173 3913 eqo
1221 3821 1375 3889 dia-i
1421 3822 1493 3889 in
1542 3842 1816 3889 excessu
1872 3843 2045 3901 meo,
2102 3845 2136 3886 ι
2195 3818 2263 3888 id

718 3941 846 4012 est,
907 3933 976 3999 in
1039 3928 1614 4015 contemplatione
1695 3937 2138 4009 oeternorum,
2192 3928 2263 3995 in

719 4063 852 4133 qua
912 4047 1012 4108 est
1067 4062 1379 4108 excessus
1438 4047 1698 4107 naturae
1753 4045 2091 4130 corruptae
2147 4057 2266 4128 per

718 4156 1069 4237 peccatum
1130 4166 1218 4214 z«
1271 4145 1513 4215 Omnis
1565 4144 1795 4222 homo,
1839 4168 1876 4205 ιι
1927 4151 2263 4235 quantum

719 4262 822 4322 eet
867 4252 949 4322 de
997 4277 1093 4332 se,
1155 4280 1191 4318 α
1258 4251 1582 4335 mendax,
1628 4276 1662 4317 ι
1728 4248 1988 4319 salsitas
2043 4258 2145 4319 est
2199 4259 2268 4320 et

718 4360 1010 4431 vanitas.
1048 4359 1145 4429 De
1174 4357 1305 4428 hoc
1351 4379 1660 4442 excessu,
1702 4357 1773 4425 in
1829 4355 2014 4426 Psal.
2055 4379 2261 4437 vau,

719 4469 807 4535 28
868 4489 885 4536 ε
943 4465 1052 4535 Ibi
1114 4465 1488 4555 Ilenjamin
1549 4462 2124 4545 adolescentulus,
2193 4466 2266 4534 in

717 4575 963 4644 mentis
999 4594 1295 4641 excessu.
1347 4571 1433 4640 Et
1479 4580 1584 4642 est
1621 4594 1938 4641 excessus
1984 4570 2266 4642 tribula·

718 4682 927 4750 tionis
955 4689 1022 4750 et
1059 4680 1419 4772 passioni&
1447 4678 1533 4749 de
1563 4701 1728 4771 quo,
1760 4678 1922 4748 Luc.
1969 4701 2067 4765 xx,
2123 4680 2202 4748 31
2245 4702 2261 4748 :

721 4790 1057 4863 Dicebant
1091 4813 1433 4859 excessum
1472 4789 1655 4879 ejus,
1722 4811 1924 4881 quem
1959 4789 2268 4883 comple-

719 4910 917 4968 turus
970 4909 1118 4967 erat
1182 4899 1250 4965 iu
1286 4897 1697 4967 Jerusalem.
1744 4895 1822 4964 ln
1860 4905 2154 4991 utroque
2193 4921 2264 4966 se

716 5006 975 5074 invenit
1054 5004 1261 5072 homo
1343 5024 1601 5071 vanum
1686 5009 1751 5070 et
1835 5003 2259 5072 mendacem.

713 5111 821 5181 Ad
888 5110 1177 5180 lloman.
1246 5133 1343 5192 m,
1404 5110 1446 5176 4
1501 5132 1518 5178 ε
1590 5111 1720 5178 Est
1782 5120 2013 5179 autem
2078 5114 2266 5180 Deus

712 5241 946 5303 vera-r,
968 5220 1185 5286 omnis
1210 5227 1440 5286 autem
1468 5217 1672 5284 lzomo
1699 5216 2025 5296 mendax,
2049 5240 2138 5287 ex
2161 5240 2257 5286 ee.

713 5324 1005 5416 Propter
1059 5321 1185 5391 lioc
1234 5324 1482 5393 dicitur
1513 5323 1701 5402 alibi,
1752 5323 1822 5391 in
1875 5324 2059 5393 l‘sal.
2091 5347 2259 5407 xxx,

711 5436 798 5501 23
840 5455 857 5500 :
901 5434 1054 5524 qu
1091 5443 1317 5500 autem
1367 5433 1525 5501 dixi
1579 5434 1652 5501 in
1695 5456 1970 5503 excessu
2017 5435 2262 5503 mentis

720 5562 885 5609 meae
912 5561 936 5606 .·
973 5538 1338 5629 Profectus
1387 5561 1546 5607 sum
1586 5563 1631 5606 a
1665 5539 1853 5631 facie
1898 5540 2259 5611 oculorum

717 5661 1017 5724 tuorum.

1698 320 1785 387 D.
1836 320 2037 389 ALB.
2092 319 2310 389 MAG.
2363 320 2570 391 ORD.
2624 324 2918 392 PRAED.

2459 519 2493 559 (ι
2568 495 2757 580 Quid
2820 494 3198 561 retribuam
3268 498 3587 562 Domino.
3680 523 3713 561 ιι
3792 497 3918 563 Hic

2367 605 2768 685 secundum,
2841 607 2910 672 in
2963 629 3100 696 quo
3161 612 3522 695 postquam
3592 604 3913 688 ostendit,

2370 711 2531 800 quid
2613 735 2737 802 pro
2815 712 2943 780 tide
3028 735 3268 803 passus
3318 712 3541 789 fuerit,
3624 711 3918 778 ostendit

2370 819 2552 906 quod
2610 820 2695 885 ad
2752 821 3014 907 majora
3079 824 3283 889 etiam
3348 827 3700 910 promptus
3747 819 3834 885 sit
3897 839 3912 882 :

2370 926 2439 990 in
2472 947 2606 1014 quo
2650 925 2967 993 dicuntur
3010 930 3165 1008 tria,
3202 929 3575 995 secundum
3633 929 3762 995 tria
3799 947 3920 1015 per

2372 1054 2522 1120 quae
2573 1033 2871 1100 ostendit
2908 1056 2980 1101 se
3027 1042 3449 1124 promptum.
3518 1035 3783 1115 Prim0,
3835 1056 3919 1100 ex

2372 1137 2680 1224 diligenti
2722 1139 3165 1229 inquisitione
3208 1140 3372 1230 quid
3429 1141 3487 1206 ei
3539 1140 3917 1207 retribuen-

2371 1245 2557 1323 dum,
2640 1247 2756 1336 qui
2809 1256 2909 1315 tot
2964 1247 3147 1316 bona
3201 1247 3510 1315 contulit.
3575 1245 3916 1324 SecundO,

2372 1376 2455 1421 ex
2497 1356 2884 1422 voluntaria
2921 1358 3421 1446 praeparatione
3455 1358 3559 1423 sui
3602 1353 3687 1422 ad
3733 1377 3919 1422 mor·

2371 1470 2537 1540 tem,
2589 1461 2705 1537 ibi,
2767 1470 2829 1538 ὴ.
2872 1464 2951 1529 13
3013 1482 3030 1531 :
3097 1464 3399 1532 Calicem
3450 1463 3816 1530 salutaris.
3882 1488 3915 1521 ιι

2368 1571 2622 1649 Terti0‚
2677 1592 2761 1637 ex
2800 1570 3204 1639 desideratae
3254 1572 3494 1639 mortis
3530 1579 3770 1661 'aperta
3814 1592 3926 1637 su-

2371 1676 2803 1756 stentatione,
2836 1677 2955 1756 ibi,
2991 1684 3055 1753 5.
3087 1679 3169 1744 11-
3199 1702 3214 1746 ;
3264 1706 3298 1742 «
3346 1681 3509 1746 Vota
3538 1700 3714 1747 mea.
3751 1702 3785 1743 ι

2459 1785 2635 1851 Dicit
2675 1807 2837 1875 ergo
2873 1806 2888 1854 ε
2935 1784 3052 1854 Sic
3092 1795 3374 1877 propter
3408 1785 3611 1854 fidem
3651 1785 3923 1854 locutus

2371 1914 2550 1969 sum,
2600 1900 2666 1959 et
2720 1887 3166 1963 vehementer
3260 1893 3664 1962 humiliatus
3728 1917 3744 1961 t
3804 1892 3923 1961 sed

2370 1998 2501 2066 hoc
2527 1998 2720 2078 nihil,
2765 2001 2934 2084 imo,
2970 2029 3006 2066 α
3047 2001 3224 2092 quid
3249 2002 3626 2070 retribuam
3672 2002 3927 2070 Domi-

2369 2130 2481 2190 no,
2551 2135 2579 2171 ιι
2645 2130 2785 2176 non
2840 2132 2966 2200 pro
3039 2132 3178 2178 uno
3245 2119 3513 2180 tantum
3558 2109 3920 2189 beneficio,

2371 2214 2486 2281 sed
2574 2240 2607 2279 ι
2658 2239 2792 2306 pro
2858 2216 3179 2284 omnibus
3241 2246 3274 2280 ιι
3348 2216 3576 2302 bonis,
3675 2245 3710 2281 α
3770 2238 3923 2307 quae

2371 2321 2713 2404 retribuit,
2785 2352 2818 2386 »
2901 2324 3141 2393 tribuit
3203 2325 3482 2406 scilicet,
3542 2334 3609 2393 et
3675 2325 3920 2392 iterum

2371 2426 2629 2508 tribuit,
2667 2454 2701 2493 ι
2733 2430 2910 2497 milti
2936 2432 2971 2498 ⁴?
3010 2459 3042 2490 ιι
3087 2429 3354 2510 Simile,
3395 2431 3565 2499 Tob.
3598 2453 3719 2507 xn,
3787 2431 3810 2494 1
3861 2436 3929 2495 et

2369 2558 2512 2626 seq.
2583 2558 2598 2604 ε
2683 2537 2872 2623 Quid
2926 2561 3296 2629 possumus
3362 2540 3530 2607 dare
3592 2540 3738 2606 viro
3813 2536 3929 2604 isti

2365 2653 2600 2710 sancto
2620 2642 2680 2710 P.
2695 2694 2710 2710 .
2725 2694 2740 2711 .
2767 2667 2978 2734 quam
2995 2646 3367 2714 mercedem
3388 2645 3713 2713 dabimus
3732 2645 3860 2711 ei?.
3875 2695 3891 2712 .
3905 2694 3921 2710 .

2368 2758 2489 2816 aut
2531 2749 2705 2839 quid
2747 2750 3037 2840 diqnum
3089 2754 3347 2845 poterit
3402 2775 3537 2819 esse
3590 2749 3929 2838 beneficiis

2368 2853 2523 2943 ejus
2543 2853 2663 2924 P...
2714 2857 3007 2924 Uxorem
3041 2859 3181 2948 ipse
3222 2880 3332 2926 me
3364 2856 3611 2925 habere
3644 2857 3834 2947 fecit,
3865 2865 3931 2923 el

2367 2961 2781 3032 daemonium
2806 2963 2894 3032 ab
2923 2988 3003 3034 ea
3045 2966 3188 3059 ipse
3228 2966 3636 3060 compescuit
3794 2987 3931 3033 me·

2368 3069 2595 3160 ipsum
2668 3095 2713 3138 a
2769 3071 3206 3141 devoratione
3261 3074 3473 3166 piscis
3533 3073 3812 3166 eripuit,
3867 3081 3933 3138 te

2366 3200 2636 3271 quoque
2672 3179 2898 3248 videre
2929 3181 3099 3271 lecit
3156 3181 3389 3251 lumen
3427 3182 3602 3259 coeli,
3635 3191 3701 3249 et
3738 3179 3933 3249 bonis

2366 3283 2685 3353 omnibus
2723 3309 2848 3377 per
2886 3309 3042 3355 eum
3100 3288 3347 3381 repleti
3395 3311 3657 3356 sumus.
3718 3286 3925 3356 Mich.

2368 3415 2462 3472 vi,
2496 3397 2581 3462 ti:
2659 3395 2849 3479 Quid
2883 3395 3174 3485 diqnum
3232 3399 3520 3487 offeram
3586 3396 3935 3464 Domino?

2367 3501 2663 3570 curvabo
2707 3526 2890 3594 qenu
2935 3506 3083 3573 Deo
3148 3505 3411 3573 excelso
3444 3504 3486 3573 ?
3540 3502 3725 3573 Nihil
3772 3526 3932 3572 vere

2369 3607 2588 3677 fidelis
2631 3609 2917 3693 invenit,
2965 3612 3149 3702 quod
3201 3610 3544 3681 sufficiens
3597 3612 3709 3680 sit.
3767 3609 3929 3695 Job,

2367 3739 2463 3795 lx,
2497 3718 2539 3783 3
2574 3739 2590 3784 z
2633 3719 2715 3787 Si
2749 3719 3047 3787 voluerit
3082 3720 3288 3788 lzomo
3337 3719 3740 3788 contendere
3764 3741 3921 3788 cum

2367 3847 2469 3904 eo,
2516 3847 2651 3892 non
2695 3828 2957 3918 polerit
3011 3828 3077 3895 ei
3120 3827 3524 3919 respondere
3560 3849 3774 3895 uuum
3798 3851 3931 3920 pro

2371 3930 2595 3999 mille.
2638 3929 2791 4022 Ipse
2821 3934 3005 4002 enim
3057 3932 3272 4002 Filius
3308 3933 3438 4003 Dei
3487 3942 3588 4002 est
3637 3936 3784 4027 ipsa
3814 3958 3934 4002 sa-

2369 4038 2651 4131 pientia,
2704 4040 2787 4110 de
2825 4065 2988 4134 qua,
3023 4041 3337 4135 Sapient.
3387 4065 3509 4127 vu,
3567 4044 3640 4110 11
3680 4064 3698 4112 :
3741 4043 3936 4111 Vene-

2376 4157 2541 4215 runt
2567 4149 2742 4217 miln·
2768 4151 3004 4218 omnia
3046 4149 3224 4219 bona
3260 4153 3537 4244 pariter
3575 4174 3731 4220 cum
3771 4150 3928 4219 illa.

2369 4251 2477 4320 Ad
2541 4253 2837 4323 Roman.
2898 4278 3049 4337 νιιι,
3109 4259 3196 4324 32
3259 4279 3277 4324 :
3364 4256 3720 4344 Quomodo
3793 4281 3933 4325 nou

2370 4362 2579 4432 eliam
2597 4386 2755 4433 cum
2787 4363 2918 4433 illo
2944 4366 3186 4435 omnia
3214 4363 3414 4435 nobis
3445 4366 3731 4434 donavit
3754 4363 3798 4434 P

2460 4715 2495 4751 ιι
2542 4688 2839 4757 Calicem
2873 4686 3236 4756 salutaris.
3275 4713 3309 4754 ι
3352 4685 3480 4758 llic
3515 4688 3930 4786 secundum,

2370 4795 2442 4862 in
2481 4818 2620 4887 quo
2657 4793 2956 4864 ostendit
2983 4817 3057 4863 se
3098 4804 3493 4889 promptum
3542 4820 3627 4867 ex
3665 4796 3924 4867 volun-

2369 4904 2543 4972 taria
2606 4904 3102 4996 preparatione
3157 4904 3266 4972 sui
3330 4903 3419 4972 ad
3463 4912 3806 4974 mortem:
3848 4905 3919 4973 in

2368 5034 2508 5104 quo
2573 5011 2892 5080 dicuntur
2952 5010 3117 5080 duo.
3182 5009 3448 5097 Primo,
3514 5014 3928 5104 praeparatio

2368 5120 2472 5187 sui
2502 5118 2589 5187 ad
2619 5126 2911 5188 mortem
2940 5141 3066 5212 pro
3095 5117 3264 5187 Deo.
3294 5117 3641 5201 Secundo,
3678 5119 3935 5191 modus

2366 5226 2792 5320 praeparandi
2823 5249 2924 5313 se,
2956 5225 3078 5312 ibi,
3142 5251 3177 5293 ιι
3209 5227 3306 5296 ΕΙ
3343 5249 3609 5296 nomen.
3648 5255 3680 5294 ιι

2457 5337 2640 5406 Dicit
2696 5359 2860 5429 ergo
2924 5359 2941 5403 ε
3008 5335 3124 5405 Sic
3191 5337 3475 5426 quaesivi
3521 5338 3692 5430 quid
3719 5340 3930 5409 retri-

2364 5434 2573 5506 buere
2601 5444 2847 5528 potero
2893 5458 2911 5505 ε
2953 5432 3073 5504 sed
3129 5441 3341 5519 certe,
3395 5460 3430 5502 ι
3474 5437 3759 5508 calicem
3801 5462 3929 5508 sa-

2369 5543 2644 5623 lutaris,
2713 5572 2746 5607 ιι
2824 5541 2895 5612 id
2952 5547 3083 5621 est,
3141 5538 3424 5612 calicem
3479 5544 3567 5615 ad
3627 5545 3918 5618 salutem

2367 5650 2756 5732 ducentem,
2791 5657 3086 5719 mortem
3112 5646 3398 5732 scilicet,
3434 5679 3470 5716 α
3505 5654 3866 5746 accipiam,
3889 5684 3924 5721 ιι
