5008 6329
1004 662 1222 711 Hominis
1246 663 1320 707 vi·

1003 715 1322 827 ῗῗτοὶῗῖι-ἰῗὸῗ
1353 753 1702 820 miseriam
1733 756 1803 820 in
1835 755 2143 845 ingressu
2175 765 2241 823 et
2280 761 2613 845 quantum
2645 751 2727 818 ad
2759 774 2906 819 cor-

1029 824 1264 869 instabitis

2205 470 2915 541 COMMENTARIUS
2963 471 3056 537 ΙΝ
3109 469 3541 539 PSALMUM
3594 470 3732 539 cn.
4481 474 4562 540 27

1444 644 1623 712 Dicit
1653 667 1817 736 ergo
1855 668 1870 712 ε
1908 644 2019 715 Sic
2051 648 2367 715 misertus
2411 654 2512 715 est
2550 643 2904 712 attendens

1351 884 1505 951 puS,
1549 871 1617 930 et
1660 874 1994 954 quantum
2044 866 2129 933 ad
2181 865 2484 932 animam
2529 883 2544 928 ε
2582 870 2648 929 et
2696 862 2900 929 etiam

1351 968 1481 1038 boc
1530 972 1949 1054 recordatuS,
1993 972 2319 1062 quoniam
2353 997 2386 1033 α
2426 970 2655 1048 homo,
2695 994 2725 1035 n
2761 971 2902 1036 vita

1347 1079 1605 1148 scilicet
1654 1081 1984 1164 hominis,
2038 1108 2071 1144 α
2102 1081 2280 1147 sicut
2306 1083 2598 1169 scenam,
2628 1105 2660 1145 n
2714 1078 2900 1171 quod

1343 1185 1479 1251 cito
1503 1185 1701 1254 valde
1734 1186 2000 1254 transit.
2027 1183 2156 1250 Isa.
2196 1206 2303 1262 xc,
2339 1185 2379 1252 6
2413 1206 2428 1250 2
2470 1182 2710 1251 Omnis
2737 1205 2895 1251 earo

1340 1290 1631 1378 soenum.
1708 1290 1955 1380 Supra,
2019 1291 2087 1356 in
2135 1288 2316 1357 Psal.
2378 1313 2587 1370 xxxv,
2629 1291 2668 1355 2
2722 1310 2737 1356 ε
2800 1291 2897 1356 Et

1340 1398 1927 1488 quemadmodum
1966 1398 2155 1465 olera
2191 1397 2564 1465 herbarum
2592 1398 2724 1464 cito
2775 1397 2891 1464 de·

1338 1505 1589 1573 cident.
1652 1504 1731 1570 ln
1787 1503 2061 1572 Psalmo
2128 1504 2554 1582 immediatO,
2607 1526 2688 1579 οι,
2741 1505 2819 1572 12
2873 1527 2889 1571 :

1335 1615 1432 1680 Et
1468 1632 1592 1699 eqo
1637 1611 1816 1678 sicut
1863 1613 2128 1702 soenum
2181 1612 2361 1679 arui.
2400 1608 2770 1678 IMachab.
2814 1635 2886 1693 11,

1334 1721 1420 1787 63
1475 1741 1491 1787 ε
1556 1719 1778 1788 Hodie
1842 1720 2231 1800 extollitur,
2292 1731 2355 1787 et
2400 1742 2553 1787 cras
2599 1742 2733 1787 non
2791 1721 2893 1788 in-

1332 1828 1626 1897 venitur.
1655 1828 1740 1896 Et
1763 1838 1990 1897 tamen
2011 1827 2141 1896 hoc
2159 1827 2415 1895 t'oenum
2437 1827 2559 1894 Dei
2585 1828 2888 1918 potentia

1333 1946 1398 2003 et
1420 1937 1674 2005 virtute
1694 1935 2099 2005 solidabitur
2113 1936 2186 2002 in
2203 1938 2457 2003 vitrum
2473 1934 2879 2026 gloriosum.

1330 2043 1761 2134 Augustinus
1797 2064 1812 2110 :
1852 2068 1885 2108 α
1919 2040 2076 2110 Noli
2126 2042 2360 2109 mirari
2390 2052 2454 2109 te
2483 2042 2883 2133 participem

1333 2178 1366 2214 α
1411 2150 1810 2217 aeternitatis
1840 2147 2113 2228 Christi,
2151 2151 2266 2240 qui
2298 2151 2520 2239 primo
2553 2151 2886 2241 particeps

1333 2285 1364 2319 ιι
1401 2256 1617 2325 factus
1654 2266 1755 2326 est
1785 2257 1946 2325 l'oeni
2008 2259 2104 2324 tui
2137 2280 2152 2324 ε
2189 2257 2372 2347 quod
2402 2257 2744 2326 excelsum
2787 2265 2887 2325 est

1331 2393 1364 2434 ι
1400 2365 1521 2432 tibi
1555 2388 1695 2434 non
1727 2364 2025 2457 negabit,
2060 2367 2177 2456 qui
2207 2367 2395 2456 prius
2426 2388 2549 2456 pro
2572 2374 2659 2443 te,
2700 2364 2885 2455 quod

1333 2502 1368 2542 ι
1412 2483 1514 2546 est
1544 2475 1832 2555 humile,
1877 2475 2197 2567 suscepit.
2247 2501 2280 2542 ι

1423 2720 1458 2760 ι
1491 2696 1660 2764 Dies
1689 2695 1871 2785 ejus.
1913 2720 1945 2760 ι
1982 2694 2105 2763 llic
2135 2702 2234 2762 est
2265 2693 2667 2763 secundum.
2704 2693 2884 2773 Qua-

1328 2804 1384 2872 si
1416 2802 1719 2873 diceret:
1768 2801 1884 2872 Sic
1956 2803 2182 2872 brevis
2227 2811 2328 2871 est
2381 2805 2544 2879 vita,
2597 2812 2664 2871 et
2717 2824 2885 2893 pro-

1328 2912 1619 3001 speritas
1674 2910 2009 2980 instabilis
2068 2918 2135 2979 et
2158 2932 2360 2992 vana,
2420 2909 2577 3001 quia
2648 2933 2682 2974 «
2739 2909 2882 2975 dies

1326 3018 1512 3107 ejus,
1560 3046 1594 3081 n
1637 3027 1729 3097 et,
1770 3017 1839 3087 id
1861 3026 1987 3097 est,
2031 3018 2441 3110 prosperitas
2471 3027 2538 3085 et
2567 3014 2786 3108 gloria
2815 3023 2881 3082 et

1242 3116 1253 3125 ’
1327 3125 1795 3218 pulchritudo,
1834 3157 1866 3191 α
1918 3127 2335 3220 efflorebunt
2366 3128 2413 3206 ¹,
2450 3152 2483 3194 ι
2519 3136 2711 3196 extra
2750 3125 2883 3193 llo-

1326 3234 1601 3315 rebunt,
1644 3246 1710 3305 et
1758 3235 2207 3327 apparebunt,
2258 3235 2377 3304 sed
2426 3263 2458 3297 οι
2519 3246 2878 3325 tamquam

1321 3344 1458 3433 flos
1497 3345 1680 3435 aqri,
1719 3372 1752 3406 »o
1787 3345 1901 3435 qui
1942 3345 2078 3412 cito
2108 3342 2285 3411 cadit
2315 3353 2380 3410 et
2419 3364 2637 3410 vanus
2682 3339 2878 3408 valde

1326 3460 1452 3519 est.
1491 3451 1622 3519 lsa.
1684 3474 1923 3526 xxvm.
1968 3452 2007 3518 t
2057 3473 2073 3517 ε
2156 3451 2314 3518 Erit
2375 3450 2512 3539 flos
2567 3448 2879 3515 decidens

1325 3559 1579 3650 qloriae
1634 3559 2121 3628 exsultationis
2176 3561 2356 3644 ejus.
2428 3557 2538 3634 Et,
2583 3580 2691 3637 xc,
2760 3557 2801 3624 6
2857 3578 2872 3623 :

1329 3670 1575 3737 Omnis
1611 3669 1848 3760 qloria
1893 3668 2050 3759 ejus
2077 3670 2282 3760 quasi
2315 3670 2450 3756 llos
2496 3668 2678 3758 ayri.
2712 3663 2872 3745 Job,

1323 3799 1468 3856 xiv,
1500 3779 1541 3844 2
1594 3798 1611 3844 :
1660 3777 1880 3861 Quasi
1902 3776 2038 3865 fios
2067 3774 2440 3867 eqreditur,
2482 3784 2550 3842 et
2583 3774 2879 3841 conteri-

1322 3896 1465 3961 tur,
1508 3895 1574 3953 et
1607 3885 1801 3976 luqi!
1838 3884 2027 3954 velut
2056 3883 2324 3951 umbra.
2362 3881 2491 3950 lsa.
2543 3904 2732 3958 xvm.
2767 3884 2808 3948 5
2854 3903 2870 3948 ε

1322 3997 1503 4061 Ante
1527 4015 1834 4073 messem,
1867 4001 2023 4061 ante
2064 4001 2355 4060 mortem
2383 3990 2667 4069 scilicet,
2691 3998 2876 4058 totus

1322 4100 1668 4190 effloruit,
1710 4109 1854 4169 tota
1901 4100 2049 4189 ejus
2089 4096 2551 4192 pulchritudo,
2598 4119 2876 4189 prospe-

1327 4209 1515 4287 ritas,
1557 4217 1626 4278 et
1662 4207 1882 4302 gloria
1928 4206 2280 4277 abscessit.

1428 4559 1461 4594 ιι
1538 4530 1884 4617 Quoniam
1944 4529 2234 4620 spiritus
2290 4526 2771 4620 pertransibit.
2831 4551 2866 4593 ι

1320 4638 1452 4708 llic
1482 4639 1789 4716 tertium,
1822 4636 2078 4707 scilicet
2117 4635 2392 4706 miseria
2432 4638 2500 4704 in
2541 4659 2817 4726 egressu
2852 4656 2869 4703 ε

1318 4757 1388 4815 et
1427 4754 1809 4838 tanguntur
1843 4745 2005 4815 duo,
2052 4743 2314 4823 Primo,
2347 4743 2688 4834 separatio
2729 4742 2878 4834 spi-

1319 4853 1492 4922 ritus
1520 4873 1561 4920 a
1591 4874 1823 4921 carne.
1856 4850 2199 4931 Secundo,
2240 4850 2556 4918 omnium
2597 4870 2874 4940 posses-

1316 4961 1594 5029 sionum
1650 4960 1931 5027 amissio
1969 4981 2007 5026 a
2062 4958 2305 5048 spiritu
2343 4964 2685 5048 separato,
2745 4955 2866 5036 ibi,

1321 5093 1356 5133 ι
1408 5068 1507 5137 Et
1542 5088 1680 5135 nou
1705 5075 2077 5156 eoquo-sect.
2115 5092 2149 5133 s

1405 5173 1485 5244 ln
1518 5173 1739 5266 prima
1776 5174 1938 5243 duo.
1979 5172 2239 5248 Primo.
2282 5172 2623 5265 separatio
2662 5172 2870 5262 spiri-

1315 5293 1429 5350 tus
1455 5303 1496 5349 a
1533 5303 1764 5352 carne.
1809 5279 2153 5358 Secundo,
2204 5287 2420 5348 status
2457 5289 2614 5370 post
2660 5301 2867 5370 sepa-

1313 5391 1685 5469 rationem,
1718 5389 1841 5470 ibi,
1875 5416 1910 5457 ι
1951 5389 2047 5458 Et
2072 5411 2210 5456 non
2260 5387 2608 5456 subsistet.
2646 5412 2681 5454 n

1405 5524 1441 5565 ι
1475 5497 1656 5567 Dicit
1694 5520 1860 5589 ergo
1915 5519 1933 5566 ε
1982 5496 2141 5566 Dies
2185 5496 2333 5586 ejus
2386 5495 2798 5565 efflorebunt
2838 5522 2859 5566 z

1314 5637 1348 5670 κ
1409 5605 1743 5700 quoniam
1793 5607 2082 5698 spiritus
2154 5605 2227 5674 iu
2285 5603 2440 5682 itta,
2506 5628 2541 5670 n
2594 5602 2861 5695 supple,

1383 5828 1399 5859 ⁸
1436 5819 1604 5896 vulg.
1658 5817 1879 5881 habet:
1909 5818 2102 5887 Homo,
2137 5819 2278 5875 sieut
2306 5820 2521 5888 [cenum
2550 5816 2666 5872 dies
2695 5816 2815 5887 ejus
2838 5833 2860 5873 .-

3013 646 3330 723 existenS,
3406 672 3438 711 α
3495 647 3971 737 pertransibit.
4012 676 4046 710 »
4095 648 4438 716 Perfectus
4486 649 4556 713 in

3011 775 3081 818 se
3158 776 3440 820 manens
3508 754 3840 822 transibit.
3916 754 4099 822 Psal.
4171 778 4362 832 cuv,
4433 755 4472 820 4
4536 777 4550 820 ε

3009 861 3254 928 Exibit
3282 864 3567 951 spiritus
3597 862 3774 950 ejus,
3818 873 3881 932 et
3910 873 4280 931 revertetur
4319 866 4386 929 in
4421 875 4559 930 ter-

3010 991 3160 1036 ram
3187 991 3410 1036 suam.
3448 969 3533 1035 Et
3574 970 3908 1059 perfectus
3954 993 4237 1037 manens
4290 971 4354 1036 in
4411 970 4551 1036 suis

3009 1075 3458 1145 naturalibuS.
3505 1076 3748 1167 Supra,
3796 1078 3865 1145 in
3901 1077 4080 1145 Psal.
4125 1100 4410 1158 xxxviii,
4452 1078 4490 1144 7
4528 1099 4543 1143 :

3006 1184 3090 1249 ln
3157 1184 3458 1274 inzaqine
3494 1185 3878 1275 pertransit
3944 1186 4174 1264 homo,
4271 1185 4555 1253 interior

3005 1289 3280 1359 scilicet.

3097 1424 3129 1462 α
3189 1401 3283 1466 Et
3355 1422 3490 1466 non
3544 1398 3863 1467 subsistet
3922 1427 3957 1463 ι)
4008 1421 4280 1488 corpus,
4338 1398 4545 1466 homo

3002 1509 3318 1574 exterior.
3372 1507 3531 1585 Job,
3575 1532 3691 1586 vu,
3745 1509 3784 1575 8
3830 1532 3846 1575 :
3895 1508 4101 1576 Oculi
4156 1509 4262 1574 tui
4300 1510 4372 1574 in
4415 1530 4546 1590 me,

3003 1625 3065 1682 et
3101 1638 3235 1682 uon
3290 1615 3683 1683 subsistam.
3732 1616 3838 1693 Et,
3899 1616 4099 1697 infra,
4141 1624 4207 1694 ᾗ.
4268 1617 4348 1683 21
4405 1618 4552 1683 :Et

2995 1723 3058 1788 si
3122 1745 3322 1791 mane
3367 1747 3474 1790 me
3527 1726 3900 1815 quaesieris,
3959 1747 4094 1791 non
4149 1723 4543 1807 subsistam,

2999 1830 3227 1900 ablato
3265 1833 3503 1922 spiritu
3535 1834 3769 1900 omnia
3800 1833 4186 1901 vivificante
4213 1843 4280 1901 et
4317 1843 4548 1901 tenen-

2998 1946 3087 2007 te.
3120 1939 3520 2008 Aristoteles
3564 1962 3579 2007 :
3626 1966 3658 2004 α
3696 1938 4077 2010 Recedente
4108 1940 4362 2022 anima,
4402 1963 4550 2008 cor-

3000 2072 3033 2109 «
3067 2067 3195 2135 pus
3234 2044 3483 2114 decidit
3533 2055 3600 2113 et
3649 2046 4028 2115 marcescit.
4092 2071 4125 2112 ι
4195 2045 4402 2124 Infra,
4476 2047 4545 2113 in

2992 2157 3302 2245 sequenti
3334 2154 3636 2233 Psalmo,
3669 2177 3806 2232 cm,
3849 2156 3933 2224 29
3969 2177 3984 2223 ε
4020 2157 4312 2245 Auferes
4342 2157 4546 2247 spiri-

2991 2270 3139 2328 tum
3169 2284 3429 2341 eorum,
3465 2275 3527 2330 et
3567 2262 3906 2351 deficient.

3092 2395 3122 2432 α
3176 2373 3271 2438 Et
3333 2393 3469 2438 non
3533 2381 3903 2459 coquos-cet,
3960 2395 3994 2436 s
4055 2371 4199 2461 ipse
4257 2370 4536 2449 scilicet,

2992 2504 3023 2541 α
3069 2477 3377 2568 amplius
3431 2478 3655 2545 locum
3720 2499 3951 2555 suum,
4018 2503 4051 2544 ι
4122 2477 4407 2546 domum
4472 2490 4539 2546 et

2988 2586 3453 2675 possessiones
3483 2584 3675 2666 alias,
3718 2595 3793 2652 ut
3832 2595 4212 2655 revertatur
4240 2585 4325 2655 ad
4364 2585 4536 2655 illas.

2989 2691 3144 2760 Non
3191 2694 3499 2783 agnoscit
3545 2694 3750 2763 etiam
3809 2694 3982 2763 sorte
4041 2695 4267 2785 ipsum
4333 2717 4536 2762 suum

2986 2798 3417 2892 locum,quia
3447 2805 3673 2869 statim
3713 2800 3994 2869 homine
4025 2811 4299 2870 mortuo
4329 2812 4546 2870 trans-

2986 2910 3038 2976 it
3113 2909 3197 2977 ad
3237 2910 3472 2978 alium.
3515 2909 3673 2988 soh,
3714 2932 3833 2988 vn,
3892 2911 4023 2979 10:
4069 2913 4208 2980 Nee
4252 2921 4545 2980 reverte-

2987 3026 3103 3084 tur
3132 3016 3321 3085 ultra
3354 3019 3423 3084 in
3453 3016 3737 3084 domum
3762 3039 3991 3093 suam,
4035 3040 4253 3109 neque
4301 3041 4544 3108 eoquo·

2981 3134 3117 3194 seet
3163 3147 3316 3193 eum
3373 3124 3683 3217 amplius
3715 3124 3907 3194 loeus
3943 3124 4123 3216 ejus.
4167 3126 4275 3195 Ad
4315 3127 4537 3218 ipsum

2984 3232 3190 3301 etiam
3227 3256 3475 3324 corpus
3534 3234 3599 3300 in
3642 3233 3824 3302 hunc
3865 3233 4150 3302 modum
4181 3257 4320 3302 non
4388 3235 4537 3304 red·

2986 3339 3133 3420 ibit,
3175 3341 3293 3409 sed
3334 3341 3550 3432 magis
3579 3364 3827 3432 corpus
3854 3341 3936 3409 ad
3967 3343 4281 3432 spiritum
4326 3352 4540 3411 trans-

2984 3444 3106 3513 ibit
3138 3446 3204 3514 in
3238 3448 3729 3514 resurrectione
3769 3447 4070 3539 generali
4107 3447 4359 3517 factum
4383 3473 4536 3541 per·

2981 3565 3292 3647 petuum,
3324 3558 3499 3625 sicut
3546 3557 3791 3625 animae
3830 3567 3993 3626 sunt
4030 3568 4396 3650 perpetum.

3074 3909 3106 3943 ‹-
3162 3880 3642 3949 Miseria-ordia
3680 3891 3914 3949 autem
3973 3883 4283 3951 Domini.
4333 3907 4365 3947 ι
4403 3882 4528 3951 llic

2984 3989 3256 4056 tertium
3286 3989 3496 4056 totius
3535 3987 3717 4055 illius
3754 3992 3990 4080 partis,
4035 3991 4103 4058 in
4135 4014 4269 4083 qua
4299 4000 4535 4061 osten-

2983 4095 3081 4164 dit
3146 4095 3458 4187 explicite
3531 4097 3809 4165 ell'ectus
3866 4096 4194 4167 bonitatis
4253 4098 4525 4168 divina».

2982 4204 3273 4271 Ostenso
3311 4203 3493 4270 enim
3537 4204 3606 4270 in
3634 4203 3909 4294 quibus,
3943 4211 4011 4271 et
4051 4204 4403 4294 quomodo
4433 4214 4538 4273 est

2983 4309 3343 4377 miserator
3365 4317 3434 4377 et
3462 4309 3872 4385 misericors,
3908 4310 3980 4377 in
4020 4307 4272 4402 quibus
4302 4309 4538 4403 longa-

2982 4415 3211 4492 nimis,
3245 4414 3358 4484 hic
3423 4415 3721 4484 ostendit
3779 4416 3846 4483 iu
3934 4416 4186 4508 quibus
4241 4417 4536 4486 multum

2984 4524 3393 4606 misericors,
3428 4527 3588 4618 quia
3628 4525 3697 4593 in
3745 4525 4018 4594 duobus
4049 4550 4203 4620 quae
4244 4536 4537 4618 tangun-

2982 4642 3091 4700 tur
3138 4631 3297 4702 hie:
3342 4631 3413 4700 in
3465 4633 3937 4702 conservando
3983 4642 4317 4725 perpetuo
4369 4657 4533 4703 suos

2978 4763 3016 4808 a
3049 4738 3350 4817 malo,ne
3374 4739 3745 4809 recidivent
3772 4742 4031 4810 scilicet
4051 4743 4122 4810 in
4147 4752 4528 4834 peccatum.

2979 4844 3408 4923 Secundo,iu
3433 4845 3933 4916 remunerando
3952 4870 4081 4941 pro
4109 4847 4321 4929 bonu,
4342 4847 4526 4942 quod

2977 4954 3281 5044 tangitur
3309 4952 3432 5036 ibi,
3474 4981 3509 5018 ιι
3543 4957 3634 5023 Et
3654 4953 3950 5046 justitia
3983 4954 4212 5027 illius.
4246 4985 4280 5018 n

3065 5061 3142 5130 ln
3181 5062 3401 5154 prima
3442 5061 3606 5134 duo.
3653 5063 3913 5147 Primo,
3956 5065 4229 5136 duratio
4280 5065 4532 5137 divium

2975 5169 3460 5240 misericordiae
3502 5173 3695 5262 quasi
3730 5196 3768 5241 a
3807 5181 3998 5265 parte
4046 5183 4233 5255 aute,
4270 5198 4308 5243 a
4336 5184 4528 5266 parte

2974 5278 3228 5348 scilicet
3270 5281 3607 5373 principii.
3648 5279 3997 5361 Secundo,
4040 5307 4081 5350 a
4108 5291 4298 5374 parte
4346 5285 4526 5365 tinis,

2974 5388 3094 5470 ibi,
3124 5416 3159 5453 ιι
3193 5389 3289 5457 Et
3318 5410 3555 5481 usque.
3585 5417 3636 5476 ¹⁹.

3061 5495 3239 5566 Dicit
3268 5519 3434 5590 ergo
3469 5520 3484 5566 z
3522 5494 3637 5566 Sic
3656 5499 3950 5577 ostendi,
3985 5496 4172 5590 quod
4201 5496 4373 5569 bene
4406 5497 4532 5567 mi-

2969 5614 3232 5674 serator
3295 5614 3361 5673 et
3404 5606 3810 5682 misericors,
3873 5613 3938 5675 et
3979 5606 4155 5676 bene
4208 5605 4527 5698 longani-

2971 5824 3253 5891 tamquam
3269 5820 3374 5891 flos
3399 5817 3526 5891 wyri
3549 5817 3629 5876 sie
3655 5817 3951 5890 efflorebit.

4659 3886 4771 3953 11
