5008 6329
922 2964 1020 3010 tau.

1923 200 2634 275 COMMENTARIUS
2684 197 2779 266 IN
2828 197 3265 267 PSALMUM
3314 199 3591 269 CXVll.

1160 378 1581 470 placabilem
1613 380 1934 459 Domino,
1985 387 2049 445 et
2087 377 2266 444 diem
2313 372 2718 441 retributio·-

4250 191 4377 261 227

2830 374 2987 433 sunt
3018 391 3157 436 non
3207 368 3534 436 habentes
3573 369 3719 456 jam
3762 388 4075 457 regnum,
4108 386 4232 431 nec
4263 386 4373 429 sa-

1168 488 1275 552 nis
1304 489 1445 553 Deo
1474 496 1728 554 nostro.
1772 487 1879 567 Et,
1933 509 2116 569 Lxm,
2160 486 2200 551 4
2245 505 2261 552 ε
2308 482 2471 550 Dies
2501 477 2719 545 ultio-
2825 474 3222 542 cerdotiutn.
3278 473 3519 543 Matth.
3581 498 3725 555 xxi,
3769 475 3854 542 43
3925 493 3941 540 ε
4002 473 4375 559 Auferetur

1167 595 1273 660 nis
1342 596 1411 660 in
1466 595 1665 661 corde
1720 617 1891 677 meo,
1953 616 2175 662 annus
2227 586 2716 676 redemptionis

1168 724 1329 767 meae
1366 703 1569 770 venit.
1632 702 1919 793 Propter
1974 700 2105 768 hoc
2161 697 2432 773 dicitur,
2486 691 2617 759 lsa.
2666 716 2708 770 1,

1169 811 1254 876 24
1314 832 1330 879 :
1388 812 1590 878 Heu!
1650 810 2055 880 consolabor
2123 829 2332 897 super
2403 802 2714 871 hostibus

1165 919 1356 997 meis,
1392 929 1455 986 et
1494 918 1891 988 vindicabor
1932 919 2003 983 in
2032 916 2151 983 eis.

1261 1261 1293 1297 α
1339 1229 1943 1302 Circumdederunt
1989 1251 2117 1298 me.
2183 1255 2212 1292 υ
2273 1227 2404 1295 Hic
2465 1248 2716 1295 secun-

1168 1341 1357 1421 dum,
1402 1341 1469 1405 in
1499 1359 1635 1430 quo
1686 1337 1983 1429 tangitur
2012 1335 2256 1404 modus
2294 1356 2712 1427 persequen-

1167 1450 1260 1528 di,
1303 1471 1383 1516 ex
1422 1455 1613 1538 parte
1643 1448 1947 1537 ipsorum
1975 1443 2532 1537 persequentium
2576 1466 2592 1511 t
2648 1451 2714 1512 et

1164 1557 1340 1623 sicut
1377 1575 1581 1645 supra
1620 1553 1937 1622 dicuntur
1983 1550 2142 1619 duo.
2179 1550 2441 1629 Primo,
2488 1571 2716 1641 perse·

1163 1660 1458 1730 cutionis
1488 1659 1757 1728 modus.
1794 1657 2137 1740 Secunde,
2170 1655 2709 1739 deliberationiS,

1162 1770 1283 1848 ibi,
1329 1796 1362 1831 «
1403 1770 1499 1837 Et
1523 1769 1594 1834 in
1622 1767 1895 1834 nomine
1929 1764 2240 1833 Domini.
2289 1788 2322 1829 a

1250 1876 1331 1943 In
1375 1875 1598 1966 prima
1640 1872 1799 1940 duo,
1836 1870 2098 1956 Primo,
2136 1869 2323 1961 quod
2367 1870 2708 1960 persecuti

1161 1992 1322 2051 sunt
1372 1982 1661 2050 latenter
1712 1987 1777 2048 et
1829 1985 2069 2047 astute.
2127 1976 2472 2060 Secundo,
2525 1976 2712 2068 quod

1161 2090 1476 2158 ardenter
1522 2096 1589 2157 et
1644 2094 1897 2179 aperte,
1958 2084 2077 2164 ibi,
2150 2110 2185 2146 «ι
2261 2085 2360 2151 Et
2432 2105 2711 2152 exarse-

1159 2207 1347 2267 runt.
1388 2224 1420 2262 ι

1170 2349 1178 2357 -
1246 2307 1426 2376 Dicit
1455 2328 1618 2399 ergo
1663 2327 1679 2373 ε
1726 2304 1840 2374 Sic
1868 2312 1934 2372 et
1963 2311 2164 2396 caput
2192 2311 2259 2372 et
2284 2325 2534 2395 corpus
2564 2324 2711 2394 per·

1159 2417 1370 2486 secuti
1417 2423 1577 2484 sunt
1623 2413 2120 2496 universaliter,
2155 2421 2223 2481 et
2251 2419 2587 2504 quantum
2639 2412 2709 2480 in

1159 2524 1348 2616 ipsis,
1384 2548 1419 2590 ι
1452 2521 2042 2591 circumdederunt
2070 2543 2201 2605 me,
2240 2545 2273 2586 ι
2299 2542 2713 2612 persequen-

1157 2632 1270 2711 do,
1320 2658 1354 2698 α
1421 2632 1597 2699 sicut
1652 2652 1835 2722 apes,
1900 2629 2264 2698 »latenter
2329 2635 2396 2696 et
2450 2636 2704 2713 astute,

1155 2741 1331 2808 sicut
1357 2759 1543 2828 apes,
1578 2759 1727 2828 quae
1774 2734 1907 2804 mol
1947 2733 2223 2815 liabent,
2275 2743 2342 2804 et
2387 2733 2704 2803 aculeum

814 2853 1129 2966 '22:223-
1156 2849 1285 2919 sub
1339 2847 1536 2917 melle
1585 2846 2083 2915 absconditum.
2139 2844 2253 2914 Sic
2308 2846 2436 2936 ipsi
2493 2844 2705 2914 verba

1157 2955 1566 3025 adulationis
1620 2951 1963 3022 habebant
2015 2951 2383 3044 aliquando
2449 2951 2699 3036 dulcia,

1157 3064 1397 3136 Matth.
1450 3086 1611 3142 xxti,
1674 3065 1750 3130 16
1786 3063 2183 3155 εΜαῃίείιτ,
2235 3064 2493 3130 scimus
2533 3062 2702 3155 quia

1155 3197 1365 3241 veras
1401 3194 1491 3249 es,
1525 3178 1653 3240 etc.
1692 3191 1707 3238 ε
1742 3167 1859 3236 sed
1889 3164 2165 3236 aculeus
2196 3169 2266 3236 in
2297 3167 2431 3236 nne
2470 3176 2703 3236 extra-

1152 3289 1301 3349 ctus
1331 3287 1454 3364 est,
1499 3278 1704 3346 Joan.
1750 3298 1891 3357 xix,
1933 3277 1975 3342 6
2010 3298 2026 3343 :
2063 3276 2433 3368 Crucifiqe,
2474 3276 2702 3344 cruci·

1149 3388 1289 3478 fiqe
1334 3407 1513 3453 eum.
1563 3383 1755 3461 ltem,
1798 3382 1944 3474 apis
1990 3381 2163 3451 alios
2208 3381 2579 3474 pungendo
2625 3404 2699 3450 se

1153 3501 1411 3563 enecat.
1448 3492 1564 3560 Sic
1596 3491 1634 3558 J
1644 3489 1817 3559 udaei
1847 3489 2218 3583 pungendo
2246 3488 2595 3559 Christum
2629 3493 2698 3560 in

1151 3624 1348 3671 cruce
1384 3623 1458 3670 se
1503 3598 1980 3668 destruxerunt
2020 3620 2036 3666 ε
2081 3598 2456 3667 amiserunt
2512 3599 2698 3668 enim

1152 3708 1375 3779 locum
1416 3716 1478 3777 et
1525 3715 1796 3800 gentem
1830 3706 1874 3773 ¹.
1918 3704 2185 3775 Daniel.
2232 3728 2322 3784 ix,
2371 3707 2457 3774 26
2490 3728 2508 3774 :
2541 3707 2699 3776 Non

1151 3817 1281 3885 erit
1343 3815 1497 3907 ejus
1543 3813 1873 3908 populus,
1919 3814 2046 3904 qui
2105 3835 2262 3882 eum
2317 3824 2700 3905 negaturus

1151 3933 1271 3993 est.
1314 3924 1410 3992 Et
1452 3922 1820 4004 civitatem,
1871 3930 1936 3988 et
1978 3919 2454 3989 sanctuarium
2493 3920 2699 3989 dissi·

1147 4026 1345 4122 pabit
1382 4026 1689 4118 populus
1725 4048 1878 4094 cum
1913 4025 2086 4093 duce
2136 4034 2443 4094 venturo.
2496 4025 2695 4105 Item,

1153 4157 1317 4226 apes
1339 4132 1466 4201 sibi
1509 4132 1803 4210 inutiles,
1846 4131 1998 4201 aliis
2027 4131 2224 4202 valde
2265 4133 2464 4203 utiles
2511 4143 2696 4203 sunt.

1158 4244 1271 4310 Sic
1288 4240 1509 4309 Judaei
1539 4238 1867 4308 inutiliter
1892 4237 2021 4308 sibi
2053 4237 2398 4308 Christum
2430 4240 2704 4310 occide-

1156 4358 1343 4418 runt:
1381 4347 1622 4417 Mattb.
1656 4370 1868 4426 xxvu,
1903 4349 1989 4416 25
2016 4370 2032 4416 ε
2064 4348 2373 4439 Sanquis
2399 4347 2559 4439 ejus
2581 4372 2704 4418 su·

1142 4481 1274 4553 per
1308 4479 1458 4541 nos,
1497 4467 1565 4524 et
1595 4478 1800 4547 super
1846 4453 2039 4545 filios
2065 4464 2355 4523 nostros.
2398 4455 2485 4524 Et
2525 4454 2706 4526 alio-

1152 4589 1306 4636 rum
1370 4562 1733 4634 utilitatem
1792 4570 2331 4654 procuraverunt
2382 4566 2705 4656 passione

1153 4673 1432 4756 Christi,
1468 4692 1621 4763 quae
1653 4667 1787 4738 mel
1832 4676 1958 4739 est.
1993 4667 2176 4751 Quid
2210 4671 2396 4740 enim
2439 4669 2707 4742 dulcius

1154 4779 1532 4876 passione?
1569 4777 1915 4870 Numquid
1965 4799 2107 4848 non
2169 4786 2398 4849 cantat
2469 4776 2710 4851 Eccle-

1157 4892 1308 4958 sia:
1345 4912 1380 4954 ι
1423 4883 1633 4953 Dulce
1689 4884 1980 4978 lignum,
2032 4884 2263 4957 dulces
2314 4875 2600 4948 davus?
2663 4904 2696 4939 n

1164 4995 1241 5065 131
1280 4993 1507 5061 tumn„
1560 4999 1685 5049 2222,
1729 4990 1967 5041 udan.
1992 4997 2232 5057 xxvii,
2266 4978 2380 5058 51,
2433 4979 2503 5046 in
2542 5002 2708 5072 pas-

1158 5073 1347 5141 sione
1393 5068 1642 5142 Christi
1683 5076 1906 5146 velum
1963 5083 2209 5175 templi
2248 5086 2534 5156 scissum
2580 5099 2701 5158 est.

1154 5177 1323 5246 Tob.
1356 5201 1449 5261 xi,
1497 5181 1577 5249 13
1607 5190 1671 5251 et
1712 5206 1889 5278 seq„
1921 5185 2008 5254 fel
2047 5189 2250 5280 piscis
2291 5191 2706 5264 illuminavit

1156 5286 1390 5356 oculos
1416 5288 1672 5361 Tobiae.
1714 5292 1913 5376 Item,
1959 5293 2200 5367 breves
2248 5301 2445 5370 multi
2486 5303 2707 5374 ess'ecti

1232 5516 1250 5553 ¹
1283 5516 1369 5575 Ct’.
1399 5519 1565 5579 Joan.
1598 5538 1677 5590 xx,
1705 5526 1795 5583 ⁴8.

2816 606 2865 649 α
2931 583 3116 650 vobis
3192 605 3481 672 reqnum
3558 582 3710 648 Dei.
3807 579 4016 648 Eccli.
4087 600 4180 654 x1‚
4239 576 4278 643 3
4351 597 4366 641 ε

2820 693 3056 759 Brevis
3089 695 3160 758 in
3199 689 3603 758 volatilibus
3650 697 3749 756 est
3785 690 3961 779 apis.
3987 687 4185 768 Item,
4218 692 4373 775 post

2820 799 3145 866 amissum
3207 795 3519 863 aculeum
3569 816 3708 862 non
3770 800 3929 861 sunt
3985 791 4372 860 mellifican-

2820 913 2942 972 ωε.
2991 902 3105 969 Sic
3137 926 3259 971 nec
3295 902 3514 969 Judaei
3564 909 3720 993 post
3764 901 4085 968 amissam
4134 906 4371 988 poten-

2817 1011 2984 1077 tiam
3017 1008 3152 1077 mel
3192 1008 3519 1087 fecerunt,
3555 1009 3674 1076 sed
3715 1007 3998 1075 omnino
4037 1004 4277 1093 dejecti
4308 1011 4373 1071 et

2822 1117 3111 1208 depositi
3169 1115 3254 1184 ab
3322 1117 3510 1184 omni
3591 1115 3856 1184 honore
3923 1120 4105 1182 sunt.
4186 1111 4365 1179 Psal.

2820 1246 3003 1304 mun,
3044 1226 3122 1290 12
3159 1245 3175 1289 :
3211 1226 3545 1315 Disperqe
3607 1222 3771 1291 illos
3810 1222 3882 1288 in
3920 1220 4174 1288 virtute
4221 1228 4366 1296 tua,

2818 1342 2880 1400 et
2956 1332 3213 1423 depone
3295 1354 3428 1412 eos,
3507 1340 3851 1421 protector
3942 1350 4154 1408 meuS,
4224 1329 4373 1395 Do-

2817 1462 3020 1507 mane.

2912 1681 2946 1721 α
3013 1657 3107 1722 Et
3173 1665 3601 1724 exarserunt.
3678 1681 3711 1722 a
3779 1653 3909 1723 Hic
3966 1654 4365 1733 secundum,

2820 1763 3163 1857 pertinens
3221 1762 3308 1831 ad
3366 1763 3652 1832 modum
3701 1764 4223 1855 persecutionis,
4287 1786 4370 1832 ex

2818 1878 3009 1964 parte
3036 1872 3624 1962 persequentium.

2909 1976 3119 2059 Quasi
3167 1978 3419 2047 diceret
3461 2002 3476 2047 ε
3524 1977 3641 2048 Sic
3695 1989 3775 2048 ut
3819 2001 3980 2071 apes
4037 1980 4370 2072 persecuti

2817 2094 2976 2156 sunt
3031 2093 3274 2162 astute,
3347 2096 3412 2154 et
3478 2085 3770 2156 latenter
3832 2111 3848 2156 ε
3913 2116 3948 2151 α
4000 2098 4063 2156 et
4100 2110 4371 2155 exarse-

2818 2205 3006 2274 runt,
3043 2220 3076 2260 »
3110 2193 3426 2262 ardenter
3471 2218 3581 2265 me
3640 2195 4139 2287 persequendo,
4173 2223 4207 2259 α
4237 2197 4373 2263 sic-

2818 2311 2897 2371 ut
2923 2302 3105 2393 iqnis
3152 2301 3224 2368 in
3266 2303 3510 2391 spinis,
3549 2327 3582 2368 ι
3644 2302 3762 2393 qui
3802 2304 4086 2393 crepitat
4135 2300 4257 2381 ibi,
4307 2308 4373 2368 et

2817 2419 3059 2482 sonat:
3097 2412 3166 2480 in
3195 2435 3334 2504 quo
3374 2419 3676 2492 notatur,
3713 2411 3899 2504 quod
3942 2422 4174 2504 aperte
4209 2433 4225 2480 :
4263 2433 4375 2480 ar-

2816 2518 2944 2587 dor
2979 2520 3163 2588 enim
3226 2526 3293 2586 et
3337 2518 3514 2609 ignis
3571 2518 3847 2588 invidias
3905 2541 4023 2589 eos
4074 2518 4376 2610 repleve-

2816 2634 2920 2695 rat
2980 2650 2996 2695 :
3057 2625 3140 2693 de
3199 2647 3337 2716 quo
3396 2626 3579 2716 igne,
3639 2624 3800 2704 Job.
3859 2648 3909 2705 1,
3976 2628 4057 2693 16
4112 2648 4128 2693 :
4180 2627 4372 2717 Iynis

2816 2737 2949 2806 Dei
3021 2735 3366 2804 descendit
3431 2736 3515 2803 de
3576 2736 3769 2805 coelo.
3839 2736 3924 2804 Et
3982 2737 4111 2826 ipsi
4180 2745 4368 2806 erant

2813 2842 3026 2933 spinae
3071 2864 3087 2909 ε
3130 2839 3312 2909 unde
3359 2842 3617 2932 optime
3671 2840 4067 2933 praedicitur
4101 2840 4186 2911 de
4240 2843 4365 2922 eis,

2815 2953 2946 3022 lsa.
2980 2975 3222 3034 xxxin,
3262 2954 3340 3019 12
3387 2975 3401 3020 :
3445 2953 3681 3043 Spinae
3743 2961 4171 3046 conqreqatae
4220 2955 4369 3044 ἔφη·

2811 3060 3320 3131 comburentur.
3383 3059 3601 3129 Eccle.
3648 3083 3768 3140 vn,
3821 3062 3861 3130 7
3898 3085 3914 3130 :
3948 3062 4148 3131 Sicut
4179 3064 4366 3131 soni·

2810 3182 2923 3241 tus
2983 3171 3349 3262 spinarum
3416 3169 3813 3239 ardentium
3868 3170 3997 3239 sub
4055 3170 4232 3252 olla,
4269 3174 4370 3242 sic

2809 3282 2989 3349 risus
3029 3274 3258 3347 stusti.

2902 3412 2936 3452 ι
2969 3387 3065 3456 Et
3122 3386 3192 3453 in
3248 3386 3547 3453 nomine.
3624 3410 3657 3451 ι
3729 3384 3903 3455 Ecce
3957 3385 4359 3458 secundum.

2809 3494 3008 3563 Dicto
3041 3491 3248 3561 modo
3278 3491 3765 3572 tribulationis,
3799 3492 4072 3563 additur
4103 3494 4189 3563 de
4219 3518 4366 3565 mo·

2808 3602 2897 3670 do
2927 3598 3378 3684 liberationis,
3420 3606 3487 3668 et
3533 3621 3803 3690 expone
3851 3606 4186 3694 utsupra.
4228 3601 4362 3673 lsa.

2809 3732 2995 3786 mn,
3036 3708 3114 3776 10
3151 3730 3167 3776 :
3204 3710 3586 3777 Conversus
3612 3716 3712 3776 est
3738 3709 3836 3776 eis
3873 3709 3946 3777 in
3978 3710 4362 3795 inimicum,

2808 3826 2874 3886 et
2904 3818 3048 3909 ipse
3064 3814 3439 3884 debellavit
3475 3838 3608 3883 eos.
3665 3814 3777 3897 Ei,
3809 3838 4021 3901 xxxv,
4056 3816 4097 3884 4
4131 3841 4148 3886 ε
4183 3820 4370 3887 Deus

2810 3933 3022 3994 vester
3104 3920 3436 3990 ultionem
3515 3921 3811 3992 adducet
3871 3922 4364 3994 retributionis.

2814 4028 2930 4099 Sic
2959 4026 3319 4119 impletum
3352 4035 3453 4097 est
3485 4026 3669 4119 quod
3708 4029 4091 4119 petebatur,
4131 4053 4364 4123 supra,

2812 4137 2886 4206 in
2930 4133 3114 4203 Psal.
3183 4157 3374 4213 xxxi,
3444 4136 3484 4204 Ἰ
3527 4157 3545 4204 :
3590 4136 3781 4203 E'rue
3835 4156 3942 4203 me
3979 4161 4023 4204 a
4072 4138 4371 4207 circum-

2813 4243 3144 4315 dontibus
3168 4267 3296 4313 me.
3362 4243 3466 4322 131,
3539 4242 3732 4328 alibi,
3803 4241 3986 4313 Psal.
4064 4266 4230 4329 xxx,
4273 4249 4365 4315 7:

2818 4355 2917 4423 Tu
2964 4375 3033 4421 es
3094 4352 3452 4443 reluqium
3518 4372 3747 4419 meum
3817 4375 3863 4419 α
3918 4351 4372 4422 tribulatione

2814 4481 2968 4553 quae
3021 4456 3481 4528 circumdedit
3508 4479 3638 4525 me.

2911 4796 2946 4838 ι
3012 4772 3373 4864 Impulsus
3425 4796 3693 4842 eversus
3745 4798 3926 4845 sum.
3987 4805 4017 4842 ι
4084 4778 4217 4850 llic
4263 4804 4376 4851 se-

2820 4881 3147 4964 cundum,
3206 4884 3280 4953 in
3335 4906 3474 4977 quo
3528 4895 3899 4978 postquam
3955 4890 4255 4961 ostendit
4303 4917 4376 4964 se

2822 4987 3188 5059 liberatum
3217 5014 3258 5059 a
3297 4990 3445 5061 Deo
3485 5014 3570 5060 ne
3599 4992 3898 5074 caderet,
3932 4993 4044 5063 hic
4082 5000 4381 5068 ostendit

2821 5120 2895 5167 se
2969 5096 3336 5168 liberatum
3378 5108 3452 5169 ut
3496 5122 3537 5168 a
3582 5123 3746 5169 casu
3803 5101 4011 5171 etiam
4052 5105 4170 5196 qui
4219 5130 4382 5177 con·

2823 5205 2999 5297 tigit,
3041 5227 3203 5273 eum
3242 5207 3579 5276 Dominus
3617 5205 3916 5301 benigne
3942 5212 4316 5304 susciperet
4357 5239 4373 5283 ε

2825 5322 2893 5385 et
2917 5314 3239 5386 dicuntur
3258 5316 3425 5386 duo.
3457 5316 3726 5400 Primo,
3764 5317 4082 5390 liberatio
4117 5345 4161 5392 a
4189 5345 4378 5393 casu.
