5008 6329
1781 335 2492 408 COMMENTARIUS
2545 335 2638 402 ΙΝ
2687 333 3121 404 PSALMUM
3170 334 3462 404 CXle.
4107 332 4249 401 501²

1016 537 1124 583 me
1176 513 1424 582 Christi
1464 537 1588 606 pro
1630 515 1831 583 nobis
1899 513 2257 593 incarnati,
2319 518 2580 600 septem
2778 508 2955 576 Dicit
2995 533 3155 601 ergo
3201 534 3216 578 :
3254 511 3390 591 Sic,
3426 511 3745 591 Domino,
3779 509 3963 583 veni,
4000 516 4065 576 ot
4121 508 4244 574 in--
4414 557 4450 618 Ι

1018 621 1209 688 donis
1254 619 1550 711 Spiritus
1582 623 1793 690 sancti
1843 621 2106 711 repleti,
2151 627 2219 686 et
2259 614 2582 707 replentis
2688 618 3007 694 carneriS,
3043 626 3107 684 et
3139 620 3231 685 sic
3263 618 3541 695 redime,
3586 629 3649 685 et
3682 620 3889 708 eripe,
3937 625 4000 685 et
4032 638 4159 706 ego
4193 636 4233 683 o
4268 636 4421 680 erim,
4471 655 4496 696 ι·
4572 671 4581 684 .

1017 752 1206 798 suos,
2690 747 2723 787 α
2758 725 2943 790 Deus
2972 747 3181 804 meus,
3215 752 3243 786 ι»
3288 725 3647 800 creatione,
3689 751 3720 789 «
3758 749 3879 792 rex
3920 750 3951 790 n
3989 725 4232 816 guber·
4330 693 4508 738 ‘'⁸⁸¹⁰'‘

1112 839 1302 907 Unde
1358 838 1600 907 titulus
1648 846 2045 928 competens
2084 835 2195 901 hic
2242 829 2581 922 praeponi-
2686 833 2984 915 natione,
3067 862 3099 897 «
3169 834 3513 914 exallabo,
3579 859 3611 898 »
3683 833 3881 900 laude
3951 833 4225 900 sublimi

1016 952 1149 1024 tur,
1192 949 1308 1037 qui
1340 946 1497 1014 talis
1529 955 1632 1013 est
1693 967 1707 1012 :
1756 972 1788 1004 «
1832 942 2182 1011 Laudatio
2235 940 2369 1030 ipsi
2424 939 2581 1005 Da·
2684 941 2975 1011 laudabo
3052 952 3138 1011 te.
3201 947 3383 1011 Deus
3457 966 3670 1024 mens,
3733 951 3833 1008 est
3891 940 4223 1010 Christus.

1012 1053 1149 1120 vid.
1200 1078 1232 1118 n
1284 1052 1477 1122 Siout
1531 1053 1717 1119 enim
1761 1049 2074 1138 superius
2121 1046 2375 1115 dietum
2423 1044 2571 1128 fuit,
2680 1050 2898 1119 Exod.
2936 1075 3049 1136 xv,
3094 1053 3132 1118 2
3170 1073 3183 1117 ε
3219 1053 3351 1118 Iste
3386 1054 3572 1119 Deus
3610 1073 3912 1127 rneuS,...
3947 1060 4011 1116 et
4040 1050 4233 1116 exal·

1011 1160 1285 1252 quando
1318 1162 1382 1228 ei
1413 1157 1602 1250 quod
1640 1164 1742 1225 est
1767 1155 2029 1234 David,
2100 1153 2373 1223 additur
2412 1153 2570 1243 ipsi,
2681 1158 2839 1225 tabo
2878 1181 3054 1225 eum.
3110 1157 3235 1225 Isa.
3281 1181 3441 1236 xxv,
3490 1161 3519 1224 1
3588 1180 3603 1225 ε
3672 1158 3990 1235 Domine,
4020 1147 4231 1226 ‘Deus

1006 1276 1169 1336 tunc
1198 1263 1508 1336 Christus
1548 1265 1950 1356 designatur
1994 1285 2011 1330 τ
2062 1265 2207 1353 ipse
2230 1262 2429 1361 *enim
2472 1268 2575 1328 est
2679 1287 2867 1332 meus
2897 1288 2964 1332 es
3002 1275 3102 1343 tu,
3144 1264 3466 1333 exaltabo
3499 1275 3581 1343 te,
3618 1276 3681 1331 et
3708 1263 4079 1353 confitebor
4100 1288 4230 1332 no-

1004 1397 1207 1443 verus
1235 1372 1483 1442 David.
1523 1371 1783 1441 Sensus
1827 1393 1990 1463 ergo
2023 1380 2123 1439 est
2156 1393 2171 1439 ε
2215 1395 2246 1436 α
2291 1367 2574 1437 Lauda·
2676 1373 2852 1440 mini
2887 1382 3027 1440 tuo.
3065 1371 3214 1463 Ipse
3254 1395 3365 1441 rex
3406 1381 3602 1440 natus
3661 1371 3740 1439 do
3790 1370 3970 1439 tribu
4021 1371 4222 1451 Juda,
4320 1426 4331 1432 -

1005 1485 1125 1561 tio,
1162 1507 1195 1548 s
1240 1480 1549 1570 subJecto
1595 1479 1876 1549 Psalmo
1937 1500 2279 1570 expressa,
2324 1498 2571 1546 conve·

1000 1590 1101 1659 nit
1134 1614 1166 1656 α
1210 1589 1347 1680 ipsi
1383 1589 1644 1668 David,
1683 1615 1717 1652 >2
1765 1588 1834 1656 id
1864 1594 1990 1670 est,
2042 1584 2313 1655 Christo
2361 1608 2375 1653 τ
2439 1584 2567 1675 ipsi

1001 1699 1183 1766 enim
1216 1697 1501 1767 debetur
1531 1698 1759 1766 omnis
1799 1697 1975 1780 lana,
2038 1695 2262 1764 omnis
2318 1693 2563 1786 gloria,

999 1809 1172 1877 sicut
1210 1807 1483 1888 dicitur,
1521 1806 1585 1875 11
1634 1806 1721 1875 ad
1746 1804 2050 1874 Timoth.
2088 1825 2184 1886 ιν,
2233 1805 2312 1873 18
2337 1805 2381 1871 ¹.

1086 2025 1430 2093 Dividitur
1479 2032 1716 2092 autem
1747 2021 2070 2091 Psalmus
2111 2022 2180 2089 in
2229 2028 2364 2090 tres
2404 2042 2566 2111 par-

997 2143 1120 2205 tes.
1197 2134 1459 2214 Primo,
1529 2134 1876 2226 promittit
1966 2156 2037 2201 se
2122 2130 2566 2200 vehementer

1000 2243 1464 2312 laudaturum.
1523 2241 1873 2326 Secundo,
1919 2241 2275 2333 distinguit
2332 2239 2564 2306 diver-

996 2374 1108 2420 sos
1147 2350 1471 2419 laudandi
1501 2349 1718 2432 locos»,
1766 2349 1836 2417 id
1871 2358 1994 2432 est,
2040 2348 2342 2418 diversas
2398 2370 2563 2415 eau-

995 2483 1129 2542 saS,
1190 2482 1274 2528 ex
1343 2458 1595 2551 quibus
1663 2457 1901 2527 laudes
1971 2456 2322 2525 sumendae
2375 2464 2558 2533 sunt,

998 2568 1114 2646 ibi,
1158 2575 1220 2645 ς’.
1266 2567 1306 2635 4
1353 2589 1368 2634 ε
1419 2594 1451 2629 «
1525 2567 1890 2637 Generatio
1938 2575 2001 2633 et
2072 2565 2448 2657 qeneratio.
2520 2590 2549 2626 υ

991 2677 1247 2756 Tertio,
1291 2675 1573 2766 exponit
1603 2683 1671 2743 et
1703 2674 2022 2765 explanat
2054 2673 2273 2765 magis
2304 2695 2563 2763 propo-

995 2784 1160 2851 sitos
1225 2782 1440 2860 locos,
1512 2779 1621 2849 vel
1680 2802 1921 2851 causas
1997 2779 2346 2863 laudandi,
2435 2777 2557 2858 ibi,

996 2899 1059 2968 ὴ.
1095 2891 1135 2959 8
1171 2912 1186 2959 :
1227 2916 1258 2957 α
1292 2891 1669 2960 Miserator
1695 2898 1759 2958 et
1797 2889 2202 2957 misericors,
2243 2913 2276 2952 n

1085 2997 1161 3067 In
1203 2999 1425 3090 prima
1461 2996 1625 3066 duo.
1671 2997 1937 3082 Primo,
1969 2995 2361 3088 promissio.
2425 2993 2560 3063 Se-

999 3108 1248 3188 cundo,
1309 3107 1794 3199 promissionis
1866 3108 2066 3193 ratio,
2146 3105 2262 3190 ibi,
2323 3113 2387 3184 ὲ.
2459 3106 2499 3175 3
2537 3126 2552 3172 :

1002 3244 1033 3285 α
1067 3220 1371 3308 Maqnus
1411 3217 1777 3286 Dominus.
1818 3241 1851 3282 s

1081 3325 1157 3392 ln
1186 3325 1409 3416 prima
1437 3324 1602 3393 duo.
1650 3324 1915 3409 I‘rim0,
1960 3324 2297 3416 promittit
2337 3322 2558 3394 laudis

994 3432 1513 3503 sublimitatem.
1603 3429 1948 3511 Secundo,
2044 3430 2396 3523 subjungit
2460 3432 2557 3501 sic

996 3540 1316 3609 laudandi
1355 3539 1750 3620 utilitatem,
1785 3540 1904 3618 ibi,
1940 3548 2003 3617 ς’.
2040 3543 2080 3609 2
2115 3564 2130 3609 :
2171 3567 2202 3608 α
2247 3543 2385 3611 Per
2407 3541 2557 3609 sin-

993 3647 1201 3742 qulos
1241 3648 1387 3721 dies
1418 3648 1813 3720 benedicam
1847 3647 2001 3718 libi.
2046 3678 2077 3711 υ

985 3927 1067 3969 un
1098 3916 1291 3969 verset
1315 3910 1419 3986 qui
1451 3910 1665 3968 differe
1697 3927 1811 3985 peu
1841 3909 1923 3968 du
1955 3911 2009 3979 ᾗ.
2044 3909 2149 3979 Π;
2181 3911 2334 3968 mais
2363 3926 2441 3967 on
2473 3926 2550 3967 ne

985 4000 1039 4057 le
1071 4000 1141 4057 lit
1168 4017 1285 4074 que
1314 3999 1470 4059 dans
1501 4017 1583 4058 un
1635 4000 1767 4059 seul
1813 3999 2147 4058 manuscrit
2196 4000 2443 4066 hebrea,
2493 4006 2553 4055 et

988 4089 1045 4146 la
1074 4089 1360 4147 tradition
1385 4090 1555 4165 juive
1588 4090 1644 4148 le
1695 4106 2027 4164 repousse3
2071 4089 2233 4149 aussi
2288 4089 2549 4148 n’est-on

982 4181 1150 4255 point
1182 4181 1288 4238 sur
1324 4182 1473 4256 qu'il
1505 4182 1623 4239 soit
1650 4181 1971 4256 l'original.

1055 4271 1212 4329 Dans
1243 4270 1332 4329 les
1360 4287 1647 4345 psaurnes
1675 4269 2157 4344 alphabetiques,
2214 4269 2256 4327 il
2305 4286 2381 4327 ne
2424 4268 2551 4327 saut

982 4378 1089 4434 pas
1118 4359 1444 4420 s'attendre
1473 4360 1512 4418 a
1540 4365 1784 4418 trouver
1811 4376 1894 4417 nn
1924 4358 2102 4418 ordre
2131 4359 2368 4434 legique
2398 4359 2551 4417 dans

982 4450 1037 4508 le
1068 4450 1578 4526 developpement
1617 4449 1726 4510 des
1774 4450 1983 4520 idees3
2032 4450 2194 4508 aussi
2247 4450 2304 4507 la
2353 4450 2549 4507 meme

977 4546 1198 4616 pensee
1230 4540 1615 4600 micui-ene
1644 4541 1948 4616 plusieurs
1976 4539 2113 4607 fois,
2144 4545 2224 4608 et,
2256 4537 2346 4597 dit
2363 4540 2549 4597 Theo·

976 4632 1166 4704 doret,
1195 4654 1226 4682 κ
1259 4631 1570 4706 propheta»
1609 4630 1980 4688 desiderium
2040 4628 2235 4687 docet.
2275 4653 2304 4680 n
2369 4631 2548 4691 10-30,

979 4723 1074 4792 ἦ.
1107 4723 1228 4789 ¹06,
1270 4720 1336 4795 je
1366 4736 1518 4778 veux
1576 4718 1750 4776 louer
1799 4719 2045 4787 lehara.
2099 4726 2161 4777 et
2200 4725 2395 4776 toules
2457 4718 2545 4775 les

975 4808 1361 4885 generations
1418 4807 1476 4866 le
1543 4807 1827 4866 loueront
1877 4808 1916 4866 a
1972 4808 2104 4866 leur
2161 4815 2332 4878 tour3
2362 4810 2542 4873 μὲν,

977 4901 1069 4971 55.
1123 4899 1284 4967 7-10,
1336 4914 1443 4956 car
1499 4898 1542 4955 il
1590 4903 1684 4955 est
1735 4897 1856 4956 bon
1916 4904 1977 4956 et
2023 4897 2540 4968 misericordieux,

973 4990 1149 5056 6⁹-70,
1174 4989 1267 5061 ἣ.
1302 4989 1495 5057 11-13,
1524 4993 1584 5045 et
1611 5005 1720 5046 son
1753 4988 1935 5063 regne
1962 4994 2053 5046 est
2095 4989 2387 5061 puissant,
2415 4987 2539 5062 glo·

973 5081 1143 5140 rieux
1172 5085 1233 5137 et
1281 5077 1554 5146 eternel;
1618 5079 1794 5150 8⁰·9·,
1853 5079 1944 5151 ἢ.
2008 5081 2201 5149 ibri,
2252 5079 2293 5135 il
2342 5078 2533 5154 prend

970 5168 1104 5227 soin
1133 5167 1205 5226 de
1238 5171 1435 5225 toutes
1456 5184 1553 5223 ses
1583 5169 1924 5236 creatures3
1951 5164 2197 5233 ¹0⁹·ss0,
2222 5167 2314 5236 H.
2347 5167 2531 5235 ¹82¹.

968 5259 1206 5312 surtout
1248 5251 1326 5309 de
1375 5268 1472 5309 ses
1522 5250 1734 5309 fideles
1781 5253 2153 5309 serviteurs:
2202 5269 2318 5326 que
2368 5258 2531 5311 toute

964 5344 1134 5404 ohair
1159 5343 1214 5402 le
1244 5342 1486 5401 benisse
1515 5340 1674 5399 donc
1700 5342 1738 5400 a
1758 5342 2004 5416 jamais.

1035 5435 1112 5493 Co
1167 5433 1352 5492 ebant
1408 5431 1703 5491 d'aotions
1759 5432 1835 5490 de
1894 5434 2102 5508 graoes
2140 5439 2236 5494 est
2289 5450 2372 5492 nn
2422 5434 2528 5492 des

962 5526 1099 5604 plus
1129 5525 1321 5583 beaux
1351 5541 1469 5599 que
1498 5524 1556 5581 le
1595 5523 1868 5582 chretien
1902 5525 2106 5600 puisse
2136 5524 2353 5584 redire.
2389 5547 2419 5578 α
2453 5526 2524 5583 Ut

968 5639 998 5670 α
1027 5615 1181 5673 bene
1208 5612 1285 5670 ab
1307 5612 1555 5671 homine
1605 5611 1887 5670 laudetur
1935 5614 2109 5685 Deus,
2162 5613 2251 5671 dit
2293 5614 2351 5672 S.
2401 5616 2521 5671 Auss

961 5704 1181 5784 gustin,
1239 5701 1505 5759 laudavit
1557 5718 1621 5760 se
1676 5702 1804 5777 ipse
1868 5703 2061 5772 Deus3
2111 5709 2173 5762 et
2231 5703 2374 5778 quia
2424 5702 2528 5761 di·-

2675 1478 2866 1548 radix
2903 1478 3146 1547 David.
3193 1479 3330 1549 Nec
3377 1488 3642 1548 tantum
3683 1502 3827 1560 rex,
3872 1480 4010 1548 imo
4052 1481 4228 1548 sicut

2673 1586 2957 1677 Apoeal.
3010 1610 3149 1665 xxx,
3191 1588 3297 1671 16,
3339 1587 3584 1655 dicitur
3616 1607 3632 1656 ε
3669 1590 3816 1656 Rex
3855 1610 4119 1679 requm,
4161 1596 4227 1655 et

2672 1697 3015 1764 Dominus
3048 1695 3575 1764 dominanIium.
3619 1696 3789 1775 Rex,
3831 1697 3994 1787 quia
4031 1717 4224 1764 coro-

2674 1813 2877 1874 natur
2901 1828 3152 1874 corona
3167 1815 3455 1886 naturfe,
3482 1806 3932 1874 mundissima
3953 1814 4020 1874 et
4072 1828 4222 1873 san·

2673 1914 2972 1983 ctissima
3002 1937 3225 1992 earne,
3288 1938 3489 2008 quam
3530 1917 3736 1984 traxit
3792 1915 3874 1983 de
3902 1913 4211 2007 Virgine.

2676 2021 2932 2092 Cantic.
3002 2046 3099 2109 ιιι,
3165 2026 3233 2091 11
3288 2048 3301 2091 :
3361 2023 3801 2116 Eqredimini
3855 2033 3918 2091 et
3973 2023 4216 2108 videte,

2668 2129 2840 2219 filia²
2868 2130 3062 2209 Sion,
3097 2153 3317 2222 reqem
3356 2131 3795 2201 Salomonem
3854 2132 3927 2198 in
3973 2130 4220 2198 diade-

2672 2249 2855 2305 male
2933 2262 3067 2330 qno
3132 2240 3476 2308 coronavi!
3561 2263 3714 2307 eum
3764 2248 3984 2308 mater
4055 2262 4210 2308 sua.

2671 2347 2939 2416 Corona
2979 2349 3292 2430 miseriae,
3349 2347 3546 2416 Joau.
3611 2372 3748 2425 xix,
3795 2351 3834 2416 3
3893 2371 3908 2415 :
3970 2349 4216 2416 Exivi!

2669 2478 2828 2548 erqo
2851 2459 3047 2526 ,lesus
3066 2467 3354 2548 portans
3390 2481 3708 2524 coronam
3744 2458 4083 2549 spineam.
4127 2456 4211 2523 Et

2669 2564 2944 2631 tandem
2975 2586 3226 2632 corona
3271 2564 3502 2655 gloriae
3562 2566 3629 2630 in
3687 2565 4209 2644 resurrectione,

2673 2670 2851 2739 l’sal.
2889 2694 3030 2748 vm,
3075 2675 3113 2738 6
3160 2695 3175 2739 :
3214 2672 3454 2741 Gloria
3493 2672 3836 2739 ethonore
3872 2675 4215 2740 coronasti

2668 2805 2848 2859 enm,
2894 2784 3203 2850 Domine.
3266 2781 3616 2851 Exultetur
3670 2805 3832 2872 ergo
3874 2780 3985 2848 hic
4040 2782 4209 2850 Rex.

2669 2888 2873 2958 Eccli.
2918 2912 3102 2973 xun,
3136 2891 3268 2957 323:
3322 2889 3655 2958 Eoeallale
3720 2889 3926 2958 illum
3987 2912 4215 2979 quan-

2666 3005 2815 3065 tum
2840 2997 3144 3088 potestis,
3179 2996 3411 3088 major
3432 2999 3613 3065 enim
3641 3007 3737 3064 est
3766 2997 3956 3064 anmi
3978 2996 4208 3065 laude.

2668 3103 2933 3173 Daniel.
2967 3127 3067 3186 m,
3109 3106 3192 3175 52
3228 3126 3243 3174 :
3288 3104 3729 3175 Benedictum
3770 3127 4014 3173 nomen
4048 3104 4214 3196 qlo-

2668 3214 2789 3281 rite
2812 3224 2946 3282 tuae
2970 3224 3305 3293 sanctum,
3348 3224 3411 3282 et
3442 3213 3824 3292 laudabile,
3859 3225 3922 3282 et
3971 3237 4211 3307 snper-

2666 3322 3050 3392 exaltatum
3089 3324 3156 3392 in
3196 3322 3508 3391 omnibus
3541 3323 3837 3392 saeculis.

2757 3565 2790 3601 α
2852 3539 2945 3605 ΕΙ
3001 3536 3408 3606 benedicam.
3484 3565 3517 3601 n
3591 3538 3757 3607 Ecce
3825 3539 4205 3631 magnificae

2663 3643 2881 3714 laudis
2910 3644 3187 3713 utilitas.
3221 3643 3429 3725 Quasi
3460 3646 3710 3714 diceret
3744 3667 3759 3712 :
3799 3645 3915 3715 Sic
3952 3645 4208 3716 exalta-

2665 3938 2687 3966 ·
2717 3923 2930 3991 gnatus
2985 3921 3076 3973 est
3130 3914 3369 3972 laudare
3425 3933 3510 3984 se,
3565 3913 3698 3971 ideo
3761 3915 3989 3971 inuenit
4026 3914 4205 3971 homo

2666 4025 2688 4053 ο
2722 4004 3223 4080 quemadmodum
3262 4003 3462 4062 laudet
3510 4020 3718 4060 eum...
3772 4001 4090 4060 Laudando
4141 4019 4205 4059 se

2659 4114 2689 4146 α
2720 4094 3037 4153 amabilem
3068 4111 3131 4150 se
3161 4094 3321 4165 tacit,
3352 4100 3411 4150 et
3441 4093 3499 4149 in
3559 4109 3629 4149 eo
3689 4092 3862 4150 nobis
3920 4091 4202 4158 consulit,

2658 4210 2686 4237 α
2721 4184 2862 4259 quia
2919 4200 2982 4241 se
3038 4182 3352 4240 amabilem
3408 4183 3565 4239 facit.
3601 4204 3629 4230 »ι
3690 4184 3813 4239 [ne
3872 4182 4062 4257 partie
4092 4181 4202 4239 des

2660 4275 2885 4351 prieres
2912 4277 3087 4331 arant
3113 4278 3173 4328 et
3209 4272 3382 4346 apres
3404 4271 3459 4328 le
3506 4288 3681 4345 repas
3731 4277 3869 4329 sont
3914 4287 4202 4345 emprun·⁸

2660 4365 2785 4420 tees
2833 4363 2867 4419 a
2912 4377 2980 4417 ce
3029 4376 3296 4434 psaume.
3352 4360 3504 4416 Dans
3553 4376 3635 4415 un
3678 4376 3819 4416 sens
3847 4358 3984 4433 plus
4014 4357 4201 4426 elevo,

2659 4453 2717 4512 S.
2742 4454 2790 4509 J.
2822 4452 3236 4525 chrysostome
3263 4449 3522 4507 l'entend
3554 4449 3629 4505 de
3660 4448 3717 4505 la
3747 4449 3937 4506 sainte
3970 4448 4198 4506 Eucha-

2658 4540 2847 4609 ristie,
2877 4545 2936 4595 et
2963 4544 3173 4596 atteste
3203 4555 3279 4596 en
3308 4539 3503 4596 meme
3534 4544 3727 4610 temps
3754 4536 3976 4611 l'usage
4019 4536 4199 4610 qu'on

2656 4646 2733 4686 en
2765 4628 2964 4685 saisait
2989 4628 3140 4686 dans
3169 4627 3227 4684 la
3255 4625 3618 4684 celebration
3648 4623 3757 4682 des
3793 4626 3985 4683 saints
4039 4642 4198 4698 mys·

2656 4719 2812 4777 teres
2844 4736 2859 4776 ε
2892 4744 2919 4769 0·
2964 4719 3065 4776 llic
3118 4718 3384 4793 psalmus
3425 4715 3746 4792 diligenter
3793 4715 4199 4775 attendendus

2652 4834 2681 4860 σε
2717 4816 2829 4869 est.
2863 4810 2964 4867 llic
2992 4810 3152 4867 enim
3192 4810 3266 4866 iis
3281 4814 3515 4867 constat
3534 4807 3748 4878 verbis,
3771 4824 3905 4881 quae
3930 4807 4197 4882 quisunt

2650 4924 2678 4951 οι
2714 4899 3015 4974 mysteriis
3064 4898 3284 4956 nostris
3328 4898 3542 4956 initiati
3582 4896 3824 4955 assidue
3873 4897 4193 4955 succinunt

2651 5012 2676 5042 ι
2709 4990 2978 5048 dicentes
3010 5006 3025 5046 :
3051 4989 3207 5048 Oculi
3235 4988 3543 5047 omnium...
3573 4989 3785 5046 Factus
3816 5004 3882 5045 es
3913 4986 4094 5057 tilius,
4131 4992 4189 5044 et

2646 5107 2674 5133 «ι
2709 5098 2916 5140 mensa
2943 5081 3234 5155 spirituali
3274 5082 3507 5153 frueris,
3567 5080 3891 5139 comedens
3942 5093 4184 5150 caruem

2648 5197 2677 5225 ι
2709 5179 2771 5231 et
2797 5174 3144 5247 sanguinem
3172 5174 3300 5248 ejus
3356 5174 3456 5249 qui
3492 5180 3547 5230 te
3574 5172 3945 5248 regeneravit
3972 5188 3987 5230 ε
4030 5171 4188 5230 refer

2646 5285 2672 5316 ι
2710 5265 2910 5337 itaque
2936 5265 3181 5338 gratiam
3215 5282 3320 5338 pro
3350 5270 3513 5321 tanto
3545 5263 3858 5320 beneflcio.
3895 5286 3924 5313 ›-

3672 5436 3738 5494 Η.
3774 5436 4034 5493 Latrat.

2709 5618 2729 5651 ⁸
2760 5611 2844 5669 Cf.
2877 5611 3054 5669 etiam
3087 5610 3109 5669 1
3141 5611 3214 5669 ad
3241 5611 3493 5670 Timoth.
3529 5628 3605 5681 vi,
3642 5615 3725 5669 ¹6.
