5008 6329
431 1730 557 1797 29

695 245 822 312 23ss

693 415 951 488 missio.
987 418 1331 500 Secundo,
1359 417 1578 487 laudis
1609 424 1805 507 rati0,
1832 424 1951 505 ibi,
1995 449 2028 490 ι
2066 425 2246 509 Quo-

691 528 885 595 niam
925 531 1279 598 exaudisti
1317 553 1445 598 me.
1489 556 1520 595 xo
1817 587 1906 604 ..„

782 637 857 705 In
888 640 1107 728 prima
1147 639 1284 706 (luo
1329 647 1725 732 tanguntur,
1770 645 1930 733 quia
1970 643 2247 710 exaudi-

688 743 812 823 vit,
847 752 911 810 et
944 747 1009 811 in
1041 768 1204 836 quo,
1245 744 1362 829 ibi,
1401 772 1433 812 α
1468 749 1563 815 Et
1588 751 1822 838 factus
1852 772 1919 815 es
1970 750 2146 816 milti
2176 752 2245 816 in

686 851 1009 919 salutem.
1047 882 1078 915 »

777 957 1026 1029 Littera
1111 963 1316 1052 plana
1386 971 1510 1039 est,
1598 972 1663 1030 et
1746 962 2035 1054 legenda
2108 966 2245 1033 sic-

687 1073 762 1132 ut
829 1090 1054 1159 supra.
1139 1070 1198 1137 ll
1258 1068 1483 1135 Paral.
1537 1092 1655 1148 xx,
1708 1072 1748 1139 9
1802 1092 1818 1140 :
1875 1073 2243 1141 Clamabi-

687 1195 839 1241 mus
879 1177 976 1243 ad
1008 1187 1071 1245 le
1115 1181 1184 1243 in
1227 1174 1803 1246 tribulationibus
1849 1183 2103 1249 nostris
2135 1191 2243 1249 :et

684 1282 1032 1362 exaudies,
1067 1305 1194 1350 nos
1236 1281 1516 1360 scilicet,
1577 1285 1943 1377 salvosque
1996 1290 2237 1376 facies.

686 1386 745 1452 11
777 1386 945 1478 Reg.
990 1413 1156 1472 xxti,
1192 1391 1231 1456 3
1281 1390 1651 1460 :Salvator
1706 1417 1920 1474 meus,
1963 1396 2048 1463 de
2102 1398 2243 1463 ini-

684 1496 947 1584 quitate
977 1497 1304 1567 liberabis
1344 1521 1472 1567 me.

781 1850 813 1889 α
851 1824 1293 1913 Confitemini
1333 1823 1653 1890 Domino.
1694 1849 1725 1886 n
1771 1823 1898 1891 llic
1964 1825 2241 1891 tertium

684 1933 886 2023 hujus
922 1938 1159 2024 partiS,
1206 1937 1275 2001 in
1335 1956 1473 2024 quo
1540 1942 1905 2024 postquam
1973 1934 2242 2002 induxit

681 2050 755 2108 ut
792 2041 971 2110 diem
1028 2045 1452 2112 constituant
1526 2041 1611 2108 ad
1676 2041 2123 2127 laudandum,
2177 2055 2243 2111 et

679 2151 974 2239 seipsum
1004 2150 1324 2243 promisit
1365 2147 1827 2230 laudaturum,
1896 2152 2243 2221 concludit

681 2259 1357 2354 invitandocunctos
1388 2258 1474 2325 ad
1512 2258 1636 2326 Dei
1670 2258 1942 2327 laudem
1981 2284 1996 2329 :
2033 2268 2099 2329 et
2137 2260 2240 2328 di-

678 2375 925 2434 cuntur
951 2367 1086 2436 duo
1117 2368 1296 2433 sicut
1326 2388 1556 2454 supra.
1628 2364 1890 2446 Primo,
1924 2368 2240 2436 invitatio

678 2472 761 2540 ad
790 2473 1084 2542 laudem.
1125 2472 1471 2549 SecundO,
1509 2473 1679 2541 ratio
1712 2496 1920 2564 quare
1950 2474 2244 2545 debcant

677 2583 1051 2650 consentire
1092 2580 1434 2656 invitanti,
1480 2578 1600 2659 ibi,
1637 2607 1672 2643 α
1720 2582 2064 2666 Quoniam
2123 2582 2241 2649 bo-

675 2710 825 2756 nus.
866 2713 899 2754 ι

764 2798 846 2865 Et
886 2800 1188 2890 tangitur
1217 2795 1471 2887 duplex
1501 2796 1771 2866 bonitas
1804 2800 2040 2889 ipsius.
2085 2799 2243 2868 Pri-

674 2928 812 2982 mo,
848 2905 1184 2974 absoluta.
1225 2905 1572 2987 Secundo,
1626 2916 2047 2997 comparata,
2118 2907 2238 2992 ibi,

674 3039 705 3077 α
748 3015 1088 3097 Quoniam
1148 3015 1221 3080 in
1265 3010 1598 3079 szeculum
1659 3013 2155 3082 misericordia.
2203 3037 2236 3078 ι

761 3120 841 3190 Et
869 3120 1139 3214 legatur
1180 3119 1405 3188 littera
1432 3120 1610 3189 sicut
1647 3142 1880 3212 supra,
1935 3119 2069 3191 hoc
2114 3121 2244 3190 ad-

1693 251 1778 316 D.
1832 251 2033 320 ALB.
2086 255 2304 321 MAG.
2360 255 2564 323 om).
2620 259 2915 328 PRAED.

2354 426 2493 495 dito
2533 453 2548 496 :
2596 455 2628 495 α
2669 431 3011 514 Quoniam
3046 430 3305 520 »LDeus
3366 454 3397 494 a
3446 427 3657 494 bonus
3706 452 3736 491 n
3799 432 3897 492 est
3927 437 4239 538 zezata-„321

2356 537 2589 616 tactui,
2635 540 2797 629 quia
2834 539 3061 606 suavis
3101 546 3227 617 est,
3286 537 3584 627 Sapient.
3631 557 3747 612 xu,
3796 536 3825 600 1
3876 546 4246 645 :23:32ng-

2362 643 2419 711 0
2448 667 2659 734 quam
2691 645 2928 724 bonus,
2962 656 3025 713 et
3053 668 3264 735 quam
3300 644 3530 712 suavis
3568 653 3687 719 est,
3753 644 3897 709 Do-
3924 654 4193 712 cultatibus.

2355 753 2561 830 mine,
2627 754 2915 844 spiritus
2962 763 3122 820 tuus
3187 754 3258 818 in
3322 750 3513 818 nobis
3542 753 3571 816 ,Ι
3626 749 3892 830 Gustui,

2357 860 2518 949 quia
2581 858 2820 939 dulciS,
2890 858 3095 927 Eccli.
3149 881 3333 940 xxm,
3403 858 3535 924 27:
3593 857 3897 948 Spiritus

2355 986 2544 1032 meus
2570 987 2777 1055 super
2804 964 2944 1032 mel
2971 965 3217 1033 dulcis.
3251 965 3361 1050 Et,
3393 986 3570 1040 κως,
3605 964 3683 1029 21
3712 964 3898 1029 :Me-

2354 1073 2577 1139 moria
2616 1073 2773 1161 ejus
2803 1073 2874 1139 in
2903 1073 3092 1140 omni
3127 1095 3242 1140 ore
3268 1072 3469 1163 quasi
3493 1069 3630 1137 mel
3668 1067 3900 1136 indul-

2353 1178 2645 1247 cabitur.
2672 1178 2987 1265 Olfactui,
3010 1180 3169 1271 quia
3196 1177 3577 1247 balsamum
3609 1176 3897 1244 odorife-

2352 1309 2503 1352 rum
2535 1286 2759 1367 valde,
2795 1286 2999 1356 Eccli.
3043 1310 3230 1370 xxw,
3307 1287 3390 1355 2:
3457 1286 3673 1371 Quasi
3739 1282 3896 1350 bal-

2348 1417 2623 1462 samum
2662 1418 2799 1462 non
2838 1396 3144 1475 mistum,
3207 1396 3375 1462 odor
3393 1416 3601 1461 meuS.
3647 1391 3890 1459 Genes.

2351 1524 2563 1579 xxvn,
2618 1502 2702 1567 27
2767 1524 2782 1567 ε
2860 1503 3036 1569 Ecce
3107 1501 3278 1568 odor
3331 1499 3472 1588 filii
3527 1499 3660 1565 mei
3720 1499 3897 1564 sicut

2351 1609 2523 1676 odor
2561 1609 2720 1698 aqri
2749 1608 2965 1699 pleni.
3017 1608 3327 1694 Auditui,
3395 1607 3554 1698 quia
3616 1605 3901 1673 verbum

2352 1715 2834 1797 melodiosum,
2882 1724 2951 1785 et
2988 1716 3479 1792 dulcissimum,
3541 1712 3744 1781 Eccli.
3806 1734 3900 1790 vt,

2352 1827 2433 1893 5:
2521 1825 2809 1893 Verbum
2866 1826 3068 1893 dulce
3150 1824 3576 1916 multiplicat
3622 1824 3899 1890 amicos.

2351 1931 2574 2012 Visui,
2655 1934 2817 2024 quia
2897 1932 3130 2002 lumen
3232 1933 3905 2023 temperatissimum,

2356 2038 2560 2107 Eccli.
2597 2062 2697 2118 xt,
2740 2040 2779 2106 7
2810 2062 2826 2108 ε
2866 2039 3089 2108 Dulce
3118 2039 3375 2119 lumen,
3408 2049 3471 2106 et
3514 2037 3913 2106 delectabile

2352 2156 2449 2213 est
2478 2146 2701 2214 oeulis
2730 2148 2957 2214 videre
2981 2146 3221 2216 solem.
3284 2146 3689 2228 Intellectui,
3750 2148 3909 2237 quia

2352 2254 2628 2339 veritas,
2661 2255 2863 2323 Joan.
2916 2278 3057 2335 xxv,
3092 2257 3183 2322 ὃς
3239 2258 3392 2346 qu
3442 2278 3595 2323 sum
3648 2257 3786 2338 via,
3846 2265 3910 2322 et

2353 2362 2628 2441 veritas,
2663 2371 2728 2430 et
2783 2364 2949 2429 vita.
3011 2362 3331 2443 Affectui,
3392 2365 3548 2453 quia
3613 2362 3905 2431 charitas

2353 2478 2478 2540 est.
2522 2469 2685 2539 llaeo
2722 2472 2793 2538 in
2821 2473 2933 2539 via
2961 2468 3097 2551 hic,
3140 2471 3258 2540 sed
3313 2481 3588 2563 propter
3651 2472 3907 2561 imper-

2353 2577 2716 2646 sectionem
2759 2585 3061 2647 nostram
3103 2579 3329 2647 minus
3377 2579 3597 2671 plene,
3667 2578 3784 2647 sed
3836 2582 3903 2646 in

2352 2687 2572 2776 patria
2618 2687 2763 2756 haec
2817 2690 3051 2755 omnia
3108 2695 3308 2756 erunt
3378 2686 3768 2779 plenissime
3832 2688 3904 2754 in

2354 2792 2519 2871 suis,
2555 2792 2638 2861 de
2671 2816 2964 2883 quorum
3004 2815 3292 2863 numero
3330 2816 3457 2862 nos
3494 2793 3716 2872 faciat,
3788 2793 3901 2883 qui

2353 2908 2454 2969 est
2482 2900 2877 2971 benedictus
2906 2926 3029 2993 per
3054 2903 3289 2972 omnia
3314 2901 3556 2972 saecula
3613 2902 3903 2970 stt-culo·

2354 3031 2529 3077 rum.
2565 3008 2815 3079 Amen.

1851 3560 2320 3636 PSALMUS
2374 3561 2716 3634 vam.

840 3858 1113 3931 Multis
1150 3854 1388 3928 modis
1423 3852 1738 3926 ostendit
1769 3853 2046 3926 beatam
2084 3854 2311 3926 vitam
2344 3856 2417 3927 in
2449 3854 2638 3948 Iegis
2674 3853 3166 3927 observatione
3200 3877 3346 3927 esse
3358 3856 3698 3947 positam.

1278 4293 1624 4365 Alleluia.

1218 4515 1490 4584 Aum-
1529 4514 1673 4612 ‹a›

720 4858 777 4904 t.
837 4832 1033 4904 Beati
1092 4827 1546 4904 immaculati
1595 4827 1669 4899 in
1711 4826 1852 4912 via,
1896 4827 2024 4921 qui
2074 4848 2227 4899 am·

932 4939 1188 5010 butant
1220 4935 1294 5006 in
1326 4934 1479 5026 lege
1523 4932 1846 5006 Domini.

713 5071 777 5117 2.
828 5045 1025 5118 Beati
1102 5042 1233 5140 qui
1315 5059 1734 5112 scrutantur
1804 5039 2224 5111 testimonia

929 5156 1111 5246 ejus,
1183 5152 1260 5224 in
1333 5167 1486 5220 toto
1549 5148 1766 5220 corde
1830 5147 2223 5243 exquirunt

730 5321 738 5331 .
928 5287 1126 5339 eum.

712 5376 778 5446 3.
834 5374 1001 5444 Non
1060 5371 1265 5444 enim
1313 5366 1440 5462 qui
1499 5383 1894 5461 operantur
1949 5365 2221 5459 iniqui-

926 5497 1152 5553 tatem
1246 5477 1324 5547 in
1381 5474 1520 5547 viis
1576 5475 1735 5568 ejus
1802 5474 2220 5547 ambulave-

933 5602 1130 5657 runt.

2377 4210 2450 4278 4.
2502 4189 2618 4259 Tu
2668 4187 3031 4261 mandasti
3082 4188 3427 4261 mandata
3473 4206 3596 4261 tua
3633 4208 3881 4263 custo-

2603 4295 2744 4369 diri
2787 4295 3031 4369 nimis.

2380 4409 2447 4476 5.
2504 4403 2810 4480 Utinam
2864 4404 3273 4498 dirigantur
3346 4405 3480 4478 viae
3533 4428 3715 4479 meae
3786 4410 3876 4481 ad

2599 4510 3117 4585 custodiendas
3127 4511 3670 4605 justificationes
3688 4520 3872 4588 tuas!

2377 4619 2448 4690 6.
2499 4619 2713 4690 Tunc
2782 4642 2928 4692 non
3003 4619 3430 4703 confundar,
3491 4644 3659 4696 cum
3714 4646 3877 4717 per-

2602 4748 2903 4819 spexero
2952 4726 3027 4799 in
3105 4727 3448 4800 omnibus
3511 4730 3874 4803 mandatis

2604 4832 2778 4906 tuis.

2383 4963 2450 5033 7.
2503 4940 2926 5014 Confitebor
2971 4940 3102 5014 tibi
3155 4941 3228 5015 in
3277 4942 3666 5017 directione
3712 4968 3878 5019 cor-

2598 5047 2741 5131 dis,
2802 5047 2875 5119 in
2942 5070 3029 5119 eo
3085 5049 3284 5144 quod
3340 5050 3560 5123 didici
3607 5052 3874 5145 judicia

2602 5155 2901 5249 justitiae
2932 5174 3102 5229 tuoe.

2376 5264 2446 5335 8.
2495 5262 3061 5336 ‚iustificationes
3134 5281 3296 5335 tuas
3369 5268 3772 5341 custodiam
3848 5294 3867 5341 ε

2598 5393 2746 5443 non
2789 5394 2908 5444 me
2958 5370 3419 5466 derelinquas
3458 5397 3875 5472 usquequa-

2599 5500 2767 5572 que.
