5008 6329
1904 311 2612 383 COMMENTARIUS
2663 315 2756 381 IN
2803 313 3239 383 PSALMUM
3288 316 3595 385 CXVIII.

1236 481 1314 547 In
1354 483 1579 571 prima
1610 490 1839 553 autem
1871 485 2188 553 dicuntur
2237 486 2397 563 due,
2459 506 2702 550 secun-

1143 586 1308 653 dum
1342 587 1477 656 duo
1520 599 1800 681 propter
1862 614 2013 684 quae
2057 591 2398 682 diligenda
2440 598 2540 656 est
2585 610 2704 655 co-

1142 696 1360 786 gnitio
1393 697 1642 767 divinae
1682 700 2079 768 voluntatis.
2112 699 2372 777 Primo,
2429 719 2512 764 ex
2556 718 2702 785 per-

1141 807 1554 895 ceptione·et
1582 809 2117 899 praegustatione
2148 806 2392 873 divinae
2430 805 2703 872 bonita-

1139 914 1250 991 tis,
1307 938 1457 1005 quae
1516 919 1808 984 sentitur
1868 917 1938 982 in
1981 916 2154 1004 lege.
2230 912 2570 992 Secundo,
2618 936 2702 981 ex

1139 1024 1580 1112 perceptione
1655 1023 1802 1091 veri
1896 1021 2200 1101 luminiS‚
2280 1030 2345 1090 et
2409 1023 2700 1113 regentis

1141 1132 1474 1211 animam,
1557 1140 1625 1200 et
1691 1130 2002 1199 ducentis
2071 1132 2157 1199 ad
2210 1131 2528 1222 gloriam,
2578 1130 2695 1211 ibi,

1137 1246 1202 1315 5.
1244 1241 1368 1307 105
1407 1263 1424 1307 :
1482 1267 1512 1302 α
1540 1242 1856 1308 Lucerna
1888 1240 2205 1332 pedibuS.
2237 1266 2266 1303 n

1230 1346 1308 1413 In
1339 1348 1561 1436 prima
1584 1345 1750 1417 du0.
1784 1346 2047 1434 Prim0‚
2089 1346 2490 1437 exprimitur
2514 1369 2700 1414 amor

1137 1452 1386 1521 divinae
1427 1452 1627 1543 legis,
1662 1462 1731 1522 et
1746 1453 2125 1523 voluntatis
2164 1453 2309 1542 ejus
2338 1453 2699 1522 vehemen-

1136 1561 1253 1628 tia.
1314 1559 1663 1642 Secunde,
1716 1562 1890 1631 ratio
1939 1560 2318 1629 dilectionis
2374 1562 2692 1652 tangitur,

1143 1667 1260 1746 ibi,
1296 1676 1360 1744 5.
1397 1670 1484 1737 98
1520 1691 1535 1738 :
1586 1694 1620 1735 α
1660 1670 1894 1761 Super
1921 1670 2260 1736 inimicos.
2308 1697 2339 1730 »

1230 1778 1307 1846 In
1343 1779 1582 1868 spi-ima
1622 1778 1784 1847 duo.
1832 1778 2094 1859 Primo,
2150 1777 2416 1846 dilectio
2475 1801 2699 1869 quan-

1137 1896 1284 1955 tum
1318 1887 1404 1955 ad
1433 1886 1778 1955 affectum.
1819 1885 2160 1965 Secundo,
2231 1895 2559 1977 quantum
2613 1886 2698 1954 ad

1139 1993 1591 2074 intellectum,
1664 1994 1785 2079 ibi,
1846 2021 1883 2059 α
1957 1995 2122 2062 Tota
2171 1994 2282 2061 die
2343 1995 2696 2061 meditatio

1136 2127 1287 2172 mea
1318 2113 1439 2171 est.
1489 2130 1524 2167 ι)

1223 2430 1405 2499 Dicit
1436 2452 1601 2521 ergo
1648 2451 1664 2497 ε
1703 2428 1819 2498 Sic
1856 2428 2021 2506 vidi,
2059 2426 2374 2511 Domine,
2407 2424 2695 2493 manda-

1131 2551 1310 2623 tum,
1349 2547 1416 2607 et
1473 2537 1699 2629 legem
1765 2535 2114 2605 charitatis
2179 2556 2329 2627 quae
2385 2542 2485 2602 est
2540 2533 2693 2602 finis

1132 2650 1361 2715 omnis
1392 2646 1855 2738 perfectionis,
1899 2666 2025 2713 nec
2052 2666 2204 2713 sum
2253 2642 2554 2710 tristatus
2610 2664 2693 2709 ex

1131 2756 1288 2833 hoc,
1324 2756 1492 2835 imo,
1531 2783 1565 2819 α
1615 2753 1985 2846 quomodo,
2050 2777 2082 2818 ιι
2134 2774 2338 2841 quarn
2406 2750 2686 2827 fortiter,

1131 2889 1339 2956 quam
1362 2863 1836 2945 veliementer,
1865 2887 1899 2929 ι
1922 2861 2144 2930 dilexi
2166 2860 2379 2950 leyem
2397 2859 2622 2927 tuam!
2654 2883 2686 2924 ι

1129 2972 1213 3040 de
1282 2971 1682 3055 dilectione,
1760 2969 1873 3038 vel
1940 2968 2424 3038 admiratione.
2504 2964 2693 3046 Qua-

1131 3081 1185 3146 si
1281 3078 1584 3147 diceret:
1672 3077 1869 3147 Unde
1962 3075 2095 3146 hoc
2169 3073 2338 3143 mihi
2427 3073 2687 3154 datum,

1131 3190 1319 3281 quod
1426 3189 1638 3259 dilexi
1768 3187 1994 3279 legem
2089 3196 2278 3255 tuam
2315 3186 2350 3252 ¹?
2438 3183 2685 3261 Dilexi,

1132 3303 1443 3393 inquam,
1504 3307 1582 3368 ut
1636 3307 1910 3368 scutum
1970 3289 2147 3365 finde
2226 3317 2335 3362 me
2426 3292 2693 3361 fortiter

1131 3415 1591 3499 protegerem.
1672 3403 2006 3474 Proverb.
2091 3425 2252 3480 xxx,
2287 3403 2389 3470 5:
2455 3400 2692 3469 Omnis

1127 3540 1351 3584 sermo
1392 3516 1682 3584 Domini
1730 3514 2016 3606 iynitus,
2049 3512 2330 3603 clypeus
2400 3518 2495 3576 est
2548 3531 2692 3600 spe-

1128 3623 1452 3692 rantibus
1507 3624 1581 3691 in
1625 3646 1721 3692 se.
1821 3619 2236 3689 Samaritani
2294 3623 2692 3709 receperunt

1128 3730 1381 3822 legem,
1428 3738 1708 3823 propter
1767 3726 2003 3797 leones
2032 3731 2082 3807 ³,
2132 3734 2485 3817 tamquam
2541 3722 2692 3815 gla-

1127 3839 1319 3906 dium
1341 3837 1773 3907 adversarios
1793 3843 2326 3927 expugnantem.
2349 3832 2455 3900 Ad
2475 3829 2684 3900 llebr.

1127 3970 1220 4026 iv,
1264 3950 1342 4016 12
1379 3972 1394 4016 :
1454 3949 1658 4016 Vicus
1686 3956 1784 4015 est
1819 3967 2042 4014 sermo
2099 3945 2253 4024 Dei,
2287 3953 2351 4011 et
2406 3942 2685 4032 efficax,

1127 4067 1192 4124 et
1237 4055 1744 4148 penetrabilior
1823 4053 2016 4122 oniui
2057 4050 2301 4143 qladio
2369 4048 2683 4141 ancipiti.

1127 4167 1510 4259 Tamquam
1570 4164 1801 4233 locum
1860 4170 1928 4231 et
1990 4169 2239 4251 terram
2297 4157 2689 4227 thesaurum

1127 4274 1706 4370 pretiosissimum
1736 4270 2227 4340 continentem.
2251 4266 2410 4348 Job,
2446 4289 2686 4347 xxviii,

1134 4388 1157 4453 1
1214 4408 1231 4454 2
1288 4383 1517 4454 Habet
1581 4391 1950 4473 arqentum
2018 4397 2345 4446 venarum
2399 4397 2689 4444 suarum

1115 4494 1500 4588 principia,
1534 4501 1599 4559 et
1627 4512 1804 4558 auro
1847 4487 2036 4557 locus
2079 4497 2174 4556 est
2221 4487 2292 4555 in
2321 4507 2458 4578 quo
2524 4507 2692 4553 con-

1123 4602 1376 4692 flatur,
1400 4623 1596 4670 sacra
1627 4597 1888 4667 scilicet
1914 4596 2028 4666 lex
2058 4605 2124 4666 et
2151 4594 2525 4688 Scriptura.
2561 4593 2692 4663 Ge-

1128 4733 1273 4780 nes.
1310 4733 1385 4790 ιι,
1435 4711 1515 4777 12
1560 4729 1578 4776 :
1648 4710 1924 4777 Aurum
1992 4715 2186 4773 terrae
2252 4704 2448 4775 illius
2499 4703 2690 4795 opti-

1127 4840 1320 4886 mum
1351 4827 1451 4885 est
1482 4838 1505 4884 .·
1537 4813 1637 4884 ibi
1667 4813 2015 4883 invenitur
2059 4809 2421 4894 bdellium,
2482 4818 2547 4878 et
2579 4808 2690 4876 la-

1118 4929 1232 5021 pis
1261 4925 1669 5016 onychinus.
1704 4920 1914 4991 Nolui
1956 4943 2108 4990 eam
2173 4918 2452 5011 diligere
2516 4918 2690 4986 sicut

1124 5033 1540 5114 adulteram,
1590 5032 1767 5099 sicut
1859 5029 1976 5120 qui
2033 5026 2219 5096 lucra
2280 5025 2687 5117 temporalia

1127 5149 1449 5235 quaerunt
1477 5147 1759 5233 propter
1782 5137 1996 5206 illam.
2034 5135 2093 5204 II
2134 5135 2220 5204 ad
2247 5132 2575 5224 {Corintln
2609 5156 2681 5213 n,

1133 5243 1212 5323 17
1250 5277 1267 5323 :
1311 5254 1466 5323 Non
1512 5274 1757 5320 sumus
1799 5249 1981 5317 sicut
2018 5245 2340 5340 plurimi,
2411 5244 2686 5313 adulte·

1125 5370 1357 5453 rantes
1388 5359 1670 5429 verbum
1702 5356 1862 5426 Dei.

1224 5499 1259 5534 ι
1294 5471 1462 5538 Tota
1494 5468 1608 5536 die
1624 5462 1985 5534 meditatio
2014 5484 2163 5531 mea
2193 5471 2312 5530 est.
2352 5486 2383 5524 n
2432 5458 2562 5528 llic
2581 5481 2690 5527 os-

1200 5705 1219 5743 ¹
1249 5701 1337 5761 Cf.
1369 5702 1421 5761 11
1450 5698 1673 5768 Esdroe,
1704 5714 1759 5756 iv
1790 5701 1812 5754 1
1850 5701 1913 5755 et
1952 5711 2079 5771 seq.

4236 316 4365 382 295

2803 483 3100 549 tenditur
3140 485 3567 552 vehementia
3599 484 4006 562 dilectioniS,
4029 489 4364 572 quantum

2806 590 2889 657 ad
2937 590 3067 657 hoc
3123 592 3304 681 quod
3380 594 3670 681 pertinet
3746 592 3831 659 ad
3905 588 4358 658 intellectum.

2894 695 3100 775 Quasi
3125 699 3409 765 diceret:
3439 698 3729 765 Multum
3754 699 3963 765 dilexi
3990 700 4058 764 in
4082 694 4356 771 affectu,

2804 812 2869 870 et
2908 806 3112 873 etiam
3149 834 3180 868 κ
3224 806 3336 872 lea:
3375 815 3495 873 tua
3552 815 3648 873 est
3694 805 4054 872 meditatio
4104 826 4284 887 mea,
4322 826 4353 866 n

2804 915 2938 982 mei
2977 915 3230 983 scilicet
3262 916 3663 997 intellectuS,
3730 945 3761 977 «
3815 925 3960 983 tota
4018 913 4154 992 die,
4215 940 4243 976 ι)
4296 919 4363 979 et

2804 1022 3007 1087 etiarn
3100 1030 3295 1088 nocte
3331 1045 3346 1089 :
3427 1022 3604 1089 unde
3682 1021 3863 1089 diem
3981 1020 4093 1089 hic
4176 1021 4362 1088 acci-

2804 1127 2901 1215 pit
2955 1127 3355 1195 naturalem.
3421 1127 3497 1195 In
3536 1128 3720 1196 Psal.
3783 1151 3829 1210 1,
3900 1131 3939 1194 2
4000 1151 4014 1194 ε
4064 1128 4147 1194 In
4218 1126 4364 1217 leqe

2803 1234 2981 1322 ejus,
3017 1234 3142 1303 Dei
3171 1236 3446 1314 scilicet,
3484 1236 3933 1305 meditabitur
3963 1236 4075 1303 die
4121 1258 4204 1304 ac
4230 1258 4362 1302 no-

2805 1353 2928 1412 cte.
2975 1342 3261 1435 Quippe,
3298 1344 3537 1412 Matth.
3592 1369 3687 1425 vi,
3722 1347 3833 1428 21,
3876 1344 4126 1413 dicitur
4163 1367 4177 1411 ε
4229 1343 4361 1411 Ubi

2805 1461 2901 1518 est
2929 1453 3288 1520 thesaurus
3318 1462 3504 1532 tuus,
3542 1452 3639 1521 ibi
3668 1464 3731 1521 et
3771 1477 3888 1521 cor
3944 1463 4146 1521 tuum
4200 1452 4352 1519 erit.

2807 1560 2941 1630 Sed
2971 1560 3327 1629 thesaurus
3368 1571 3494 1645 est,
3529 1564 3702 1630 sicut
3737 1563 4051 1654 superius
4100 1560 4357 1629 dictum

2804 1680 2927 1737 est.
2981 1669 3175 1754 Item,
3227 1672 3741 1738 meditationem
3798 1693 3994 1738 suam
4045 1669 4211 1737 dicit
4277 1669 4359 1736 de

2802 1777 2936 1864 die,
2963 1801 3102 1845 non
3128 1778 3209 1845 de
3239 1788 3436 1846 nocte
3465 1802 3479 1846 ε
3517 1781 3677 1870 quia
3717 1787 3856 1847 tota
3890 1787 3992 1847 est
4020 1778 4104 1846 de
4147 1800 4354 1858 nova,

2802 1895 2868 1954 et
2923 1887 3201 1954 innova
3242 1887 3416 1978 lege,
3462 1910 3614 1977 quae
3657 1887 3800 1955 dies
3848 1895 3972 1955 est.
4018 1885 4268 1954 Genes.
4304 1909 4351 1964 1,

2808 1994 2924 2062 16:
2968 1996 3155 2062 Fecit
3190 1998 3379 2063 Deus
3408 1995 3545 2062 duo
3588 1995 3972 2063 luminaria
4030 2017 4293 2085 mayna
4332 2017 4355 2061 .·

2806 2102 3148 2170 luminare
3177 2103 3436 2192 majus,
3483 2115 3559 2171 u!
3607 2113 3925 2196 praeesset
3955 2104 4120 2182 diei,
4163 2102 4358 2171 Chri-

2800 2219 3006 2289 stum,
3041 2219 3117 2278 ut
3152 2220 3474 2301 praeesset
3512 2211 3712 2279 Novo
3768 2212 4235 2289 TestamentO,
4298 2218 4362 2276 et

2804 2318 3149 2387 luminare
3174 2322 3427 2401 minuS,
3454 2331 3531 2388 ut
3550 2333 3867 2413 praeesset
3893 2323 4102 2400 nocti,
4137 2319 4208 2387 id
4230 2327 4359 2399 est,

2800 2428 3113 2519 Moysen,
3147 2439 3220 2498 ut
3242 2439 3520 2521 praesset
3539 2431 3771 2501 Veteri
3792 2432 4265 2501 Testamento.

2905 2759 3186 2850 «Super
3224 2758 3533 2824 inimicos
3562 2779 3763 2823 meos,
3817 2783 3850 2819 ιο
3922 2754 4051 2824 llic
4116 2779 4364 2824 secun-

2799 2868 2987 2945 dum,
3023 2869 3092 2935 in
3134 2889 3269 2957 quo
3300 2865 3736 2957 subjungitur
3783 2864 4170 2934 dilectionis
4249 2889 4363 2934 ra-

2799 2979 2919 3059 iio,
2943 2974 3347 3052 dilectionis,
3384 2976 3689 3065 inquam,
3724 2983 3866 3042 tam
3897 2972 4357 3060 vehementis,

2796 3082 3051 3152 scilicet
3078 3082 3418 3174 perceptio
3458 3081 3704 3150 divinze
3745 3082 4071 3151 bonitatis
4110 3106 4365 3152 secun-

2797 3192 2958 3260 dum
3000 3201 3136 3260 tres
3163 3189 3438 3281 gradus.
3484 3189 3746 3271 Primo,
3780 3215 3864 3261 ex
3919 3192 4361 3283 perceptione

2798 3300 3043 3368 divinae
3080 3298 3403 3368 bonitatis
3434 3299 3681 3390 inipso
3722 3299 4071 3369 intellectu
4128 3309 4360 3369 tamen

2799 3409 3118 3502 practico.
3150 3407 3492 3488 Secundo,
3528 3410 3597 3476 in
3636 3409 3909 3495 ess'ectu,
3941 3410 4063 3489 ibi,
4087 3417 4153 3485 5.
4188 3411 4304 3478 101
4339 3432 4355 3478 :

2803 3543 2836 3583 e
2878 3517 2982 3587 Ab
3012 3519 3199 3586 anmi
3228 3519 3339 3585 via
3381 3518 3597 3585 mala.
3656 3544 3689 3580 n
3738 3518 3998 3600 Tertio,
4060 3519 4132 3586 in
4189 3518 4364 3586 atl'e-

2798 3634 2936 3703 ctu,
2981 3623 3099 3703 ibi,
3131 3631 3196 3700 5.
3237 3626 3358 3693 103
3396 3647 3411 3691 z
3459 3653 3493 3689 α
3531 3628 3758 3710 Quam
3789 3625 4056 3694 dulcia.
4096 3654 4130 3688 ιο

2890 3732 2966 3800 ln
3004 3731 3226 3824 prima
3262 3733 3416 3801 tria.
3461 3731 3724 3813 Primo,
3767 3734 4118 3825 perceptio
4176 3731 4362 3801 divi-

2801 3864 2905 3910 nae
2936 3841 3256 3910 bonitatis
3310 3841 3396 3910 ad
3436 3840 3737 3910 dandum
3806 3843 4247 3934 prudentiam
4290 3842 4360 3911 in

2799 3948 3140 4017 cavendis.
3178 3948 3520 4028 Secundo,
3563 3947 4014 4018 subtilitatem
4046 3951 4119 4017 in
4185 3972 4364 4018 con-

2796 4056 3232 4150 templandis,
3265 4057 3384 4137 ibi,
3418 4066 3481 4136 ᾗ.
3525 4061 3665 4128 99:
3732 4087 3768 4125 α
3822 4060 4051 4152 Super
4125 4081 4360 4128 omnes

2798 4167 3126 4236 decernes.
3165 4194 3198 4230 ιο
3229 4166 3479 4245 Tertio,
3524 4167 4002 4236 discretionem
4035 4168 4108 4237 in
4139 4189 4360 4261 agen-

2798 4273 2929 4354 dis,
2969 4273 3091 4357 ibi,
3130 4281 3194 4351 5.
3229 4274 3351 4342 100
3376 4296 3393 4339 :
3422 4299 3455 4339 ι
3496 4273 3725 4367 Super
3748 4296 3960 4342 senes.
3998 4301 4035 4339 n

2889 4380 2968 4449 In
3024 4383 3243 4473 prima
3306 4381 3469 4451 duo.
3540 4381 3803 4464 Primo,
3844 4381 4125 4451 collatio
4192 4379 4358 4449 boni

2798 4486 3175 4581 prudentiae
3204 4487 3290 4556 ad
3319 4487 3699 4558 cavendum
3732 4487 4021 4557 malum.
4086 4487 4362 4558 Secun-

2798 4595 2914 4680 do,
2948 4598 3117 4667 ratio
3136 4606 3201 4667 et
3234 4596 3479 4666 modus
3505 4596 3925 4678 conferendi,
3957 4597 4082 4680 ibi,
4110 4623 4144 4665 e
4174 4598 4359 4686 Quia

2800 4691 2868 4773 ’ἠ
2932 4713 3284 4774 aeternum.
3344 4728 3379 4771 ι

2885 4814 3067 4884 Dicit
3101 4837 3265 4906 ergo
3300 4836 3315 4882 ε
3354 4813 3471 4883 Sic
3507 4814 3712 4884 dilexi
3762 4814 4017 4908 legem,
4086 4824 4154 4885 et
4208 4823 4355 4886 tota

2797 4923 2905 4992 die
2940 4923 3232 4992 meditor
3273 4922 3463 4991 illam
3508 4946 3523 4992 :
3572 4933 3640 4993 et
3684 4924 3954 5013 justum
3999 4931 4130 5006 est,
4193 4925 4356 5018 quia

2799 5063 2833 5098 α
2869 5031 3198 5101 inundato
3237 5043 3379 5109 tuo,
3417 5058 3453 5095 n
3503 5032 3572 5100 id
3610 5040 3738 5116 est,
3771 5055 3893 5124 per
3946 5031 4357 5101 mandatum

2797 5151 3019 5220 tuum,
3050 5170 3082 5202 «
3106 5139 3521 5233 prudentem
3560 5163 3667 5208 me
3691 5141 3945 5229 jecisti,
4002 5165 4036 5205 ι
4069 5162 4184 5209 me
4231 5140 4361 5209 sei·

2799 5249 2957 5318 licet
3019 5271 3256 5319 cavere
3312 5248 3570 5317 malum
3641 5248 3933 5317 docuisti
3968 5269 3987 5316 ε
4060 5256 4129 5317 et
4192 5248 4354 5335 hoc,

2804 5387 2838 5424 α
2878 5382 3089 5452 super
3124 5359 3434 5429 inimicos
3507 5382 3715 5439 τηεσε,
3786 5386 3821 5422 ι»
3855 5358 3926 5427 id
3992 5367 4122 5444 est,
4170 5359 4361 5453 plus-

2801 5489 3006 5559 quam
3035 5470 3170 5535 sint
3200 5466 3460 5536 inimici
3488 5467 3625 5535 mei
3679 5465 4079 5560 prudentes,
4137 5467 4361 5537 Judoei

4490 2776 4617 2846 08
