5008 6329
695 334 823 401 408
1704 340 1786 404 D.
1840 339 2036 405 ALB.
2093 338 2308 406 MAG.
2362 341 2567 408 om).
2622 343 2912 410 PRAED.

2445 539 2477 579 α
2513 516 2607 581 Et
2631 514 2993 584 benedicite
3030 520 3432 586 Dominum.
3486 546 3518 583 ιο
3571 520 3744 587 Ecce
3784 542 3899 587 se-

697 652 825 708 res,
861 636 926 694 et
962 624 1168 692 etiam
1204 622 1320 712 qui
1352 621 1570 702 statiS,
1605 628 1857 709 repete,
1885 645 1918 686 «
1952 622 2024 687 in
2047 621 2247 687 atriis
2349 623 2671 691 cundum.
2717 624 2922 704 Quasi
2992 626 3246 694 diceret
3289 648 3304 695 ε
3367 626 3480 695 Sic
3520 627 3898 694 benedicite

694 736 938 802 domus
961 731 1095 798 Dei
1133 729 1378 805 nostri,
1420 757 1451 790 »
1485 750 1625 795 non
1684 729 1751 793 in
1784 727 2066 805 intimis,
2127 727 2246 794 sed
2349 753 2552 819 opere
2610 755 2849 798 manus
2914 733 2998 800 ad
3063 744 3296 802 sancta
3353 733 3683 801 levando:
3759 762 3790 792 «
3836 742 3900 800 et

693 842 1120 931 incipienteS,
1186 847 1253 907 et
1308 837 1680 929 imperfecti
1746 859 1761 903 :
1824 837 1994 902 atria
2060 836 2241 902 enim
2351 836 2733 915 benedicite,
2770 866 2800 898 »
2840 861 2956 905 oro
2987 842 3109 918 sic,
3158 869 3187 903 «
3225 842 3632 909 Dominum.
3671 867 3703 902 ι)
3735 838 3893 917 Job,

692 958 852 1017 sunt
887 949 958 1016 in
1002 948 1286 1016 introitu
1329 947 1614 1014 domus:
1677 946 1791 1034 qui
1825 943 2046 1010 dicere
2096 950 2245 1032 pot·
2346 966 2553 1022 xxxv,
2597 944 2713 1011 10:
2757 946 2966 1012 Dedit
3004 950 3316 1016 carmina
3355 951 3426 1016 in
3458 959 3672 1017 nocte.
3709 946 3891 1016 Psal.

692 1058 852 1126 estis
907 1057 1074 1125 illud
1141 1055 1328 1124 Psal.
1390 1076 1566 1131 exau,
1602 1054 1667 1131 2,
1718 1073 1921 1141 supra
1959 1072 1974 1116 ε
2036 1051 2247 1119 Stan-
2347 1073 2480 1133 xm,
2522 1053 2561 1118 9
2600 1074 2614 1117 :
2650 1053 2729 1118 In
2762 1054 2876 1122 die
2904 1055 3266 1122 mandavit
3301 1058 3648 1124 Dominus
3703 1056 3900 1122 mise-

691 1179 786 1237 tes
810 1177 1004 1237 erant
1027 1167 1243 1260 pedes
1270 1163 1490 1232 nostri
1525 1162 1596 1228 in
1628 1161 1826 1226 atriis
1855 1159 2015 1236 tuis,
2047 1162 2245 1226 Jeru-
2348 1159 2712 1225 ricordiam
2742 1183 2970 1242 suam,
3004 1172 3067 1228 et
3097 1174 3288 1230 nocte
3334 1165 3682 1230 canticum
3714 1163 3891 1253 ejus.

687 1280 931 1346 salem.
967 1277 1077 1358 Et,
1113 1275 1184 1340 in
1260 1270 1397 1338 alio
1485 1267 1762 1335 Psalmo
1804 1290 1980 1344 xctx,
2025 1267 2066 1332 4
2101 1288 2116 1333 ε
2162 1268 2243 1335 ln
2343 1264 2514 1331 Tob.
2550 1288 2686 1343 xm,
2729 1269 2798 1332 Η
2836 1290 2849 1334 :
2905 1269 3112 1335 Filiis
3169 1271 3406 1337 vestris
3444 1268 3775 1338 mandate
3820 1279 3898 1336 ut

688 1387 888 1455 atriis
924 1383 1108 1472 ejus,
1151 1377 1528 1448 secundum
1577 1398 1784 1443 unam
1815 1375 2134 1455 litteram,
2169 1376 2242 1442 in
2342 1373 2613 1462 saciant
2629 1373 2955 1463 justitias
3000 1385 3063 1442 et
3111 1376 3599 1467 eleemosynas,
3644 1386 3722 1444 ut
3757 1377 3896 1444 sint

694 520 899 601 Quasi
932 521 1185 588 diceret
1219 537 1234 582 ε
1275 513 1390 581 Sic
1416 512 1819 594 benedicite,
1864 533 1990 580 vos
2023 513 2243 601 majo-

684 1493 960 1584 hymnis
1016 1487 1440 1577 confitemini
1504 1485 1621 1553 illi
1677 1489 1722 1550 ¹.
1792 1482 1947 1562 Vel,
2028 1484 2237 1562 atria,

683 1601 976 1670 charitas
1007 1604 1108 1666 est
1138 1618 1294 1688 quae
1326 1594 1463 1662 lata
1488 1600 1610 1662 est.

777 1941 811 1982 ι
882 1917 964 1984 In
1028 1914 1367 1983 noctibus.
1438 1940 1467 1973 n
1530 1911 1658 1979 Hic
1713 1908 2009 1977 secunda
2079 1929 2237 1998 pars

598 2099 605 2108 ⁴
681 2023 921 2115 prima:
951 2024 1164 2113 partis
1201 2019 1410 2110 hujus
1443 2017 1719 2094 Psalmi,
1756 2019 1822 2084 in
1864 2037 1997 2107 qua
2046 2021 2234 2104 post-

682 2154 887 2223 quam
947 2131 1218 2197 monuit
1284 2150 1526 2195 omnes
1574 2126 1658 2193 ad
1697 2122 2232 2192 benedicendum

682 2239 898 2307 Deum
935 2236 1348 2330 generaliter
1376 2237 1447 2303 in
1478 2234 1664 2303 omni
1707 2241 1912 2309 statu,
1936 2230 2048 2299 hic
2078 2253 2234 2297 mo-

680 2355 793 2415 net
832 2347 916 2415 ad
942 2343 1488 2415 benedicendum
1541 2343 1609 2409 in
1639 2349 1818 2408 statu
1851 2338 2232 2407 tribulatio-

679 2456 783 2521 nis
812 2463 878 2522 ct
906 2453 1339 2522 adversitatis
1377 2448 1780 2542 specialiter.
1829 2448 1915 2515 Et
1978 2447 2227 2538 prime,

678 2570 913 2630 monet
966 2562 1051 2630 ad
1090 2558 1633 2630 benedicendum
1676 2580 1903 2649 opere.
1978 2553 2232 2623 Secun-

676 2671 792 2752 do,
827 2692 968 2747 ore,
1003 2668 1126 2749 ibi,
1160 2694 1192 2734 α
1234 2670 1328 2736 Et
1368 2666 1759 2734 benedicite.
1799 2689 1831 2729 ι

764 2778 880 2845 Ait
911 2798 1076 2869 ergo
1104 2799 1120 2843 τ
1160 2774 1277 2844 Sic
1306 2796 1550 2843 omnes
1577 2770 1955 2840 benedic-ite
1984 2768 2231 2837 Domi-

673 2909 866 2966 num,
902 2894 968 2954 et
1023 2885 1213 2954 omni
1272 2893 1607 2974 tempore,
1676 2889 1743 2950 ct
1797 2882 2000 2950 etiam
2084 2881 2231 2948 «in

673 2993 1009 3075 noctibus,
1078 3019 1114 3057 ιι
1173 2993 1242 3059 in
1309 2990 1867 3060 tribulationibus
1944 2988 2225 3059 scilicet.

670 3102 1047 3174 Tribulatio
1079 3104 1266 3173 enim
1307 3124 1447 3171 uox
1486 3111 1610 3170 est.
1658 3099 1905 3192 Supra,
1943 3100 2011 3167 in
2045 3097 2226 3169 Psal.

673 3233 827 3287 cxx.
854 3212 937 3278 6:
972 3212 1111 3279 Per
1147 3211 1333 3278 diem
1371 3208 1484 3277 sol
1517 3231 1653 3276 non
1693 3218 1844 3276 uret
1888 3217 1975 3290 te,
2017 3228 2233 3298 neque

678 3317 851 3387 luna
873 3341 1001 3410 per
1026 3326 1320 3387 noctem,
1348 3316 1480 3384 lsa.
1523 3338 1668 3398 χιιι,
1706 3317 1829 3383 12:
1871 3316 2059 3382 Venit
2085 3336 2234 3382 ma-

674 3450 781 3505 ne,
852 3424 1368 3518 prosperitatis:
1429 3433 1494 3490 et
1548 3446 1711 3499 nox,
1778 3422 2226 3491 adversitatis.

679 3562 714 3599 ι
746 3534 1110 3612 Extollite,
1141 3558 1175 3599 2
1208 3554 1482 3601 sursum
1517 3531 1599 3599 ad
1634 3531 1880 3609 Deum,
1927 3559 1955 3595 ι
1983 3552 2232 3597 manus

678 3654 931 3711 vestras
953 3665 976 3711 .·
1008 3671 1039 3704 ιο
1079 3648 1149 3711 et
1176 3640 1336 3721 hoc,
1374 3666 1408 3707 ι
1443 3640 1513 3708 in
1569 3650 1834 3722 sancta,
1870 3664 1904 3705 »
1966 3638 2032 3706 id
2099 3643 2227 3723 est,

675 3750 761 3820 ad
798 3759 1056 3829 sancta,
1089 3772 1243 3842 quoe
1270 3772 1433 3818 vere
1475 3755 1704 3816 sancta
1735 3755 1919 3826 sunt,
1976 3747 2235 3817 scilicet

676 3868 934 3927 aeterna
999 3866 1066 3926 ct
1129 3879 1431 3948 superna
1506 3855 1917 3947 acquirenda
1977 3876 1995 3923 ε
2057 3856 2232 3923 sicut

673 3975 908 4035 monet
942 3966 1302 4047 Jeremias,
1335 3962 1585 4031 Thren.
1620 3985 1719 4042 ιιι,
1753 3962 1828 4028 41
1863 3965 2233 4031 :Levemus

670 4074 882 4143 corda
947 4083 1185 4141 nostra
1243 4094 1400 4140 cnm
1466 4069 1787 4138 manibus
1825 4069 1924 4139 ad
1971 4073 2224 4139 Deum.

672 4182 778 4251 Ad
807 4179 1108 4250 Timotlt.
1148 4202 1221 4259 ιι,
1265 4180 1349 4248 8:
1422 4179 1584 4247 Volo
1648 4179 1830 4246 viros
1893 4199 2092 4245 orare
2154 4180 2228 4246 in

672 4292 862 4360 omni
917 4290 1089 4373 loco,
1167 4287 1466 4357 levantes
1515 4310 1735 4379 puras
1799 4309 2049 4355 manus
2082 4289 2232 4358 sine

671 4401 804 4476 ira,
839 4408 968 4468 etc.
1002 4395 1138 4477 Qui
1177 4398 1277 4465 sic
1333 4394 1540 4480 levat,
1590 4394 2056 4464 adversarium
2113 4417 2228 4464 su-

669 4518 883 4603 perat.
928 4506 1149 4578 Exod.
1191 4530 1361 4585 ιινιι,
1403 4507 1473 4573 11
1511 4527 1526 4573 ε
1590 4505 1899 4596 Cumque
1973 4504 2227 4574 levaret

668 4620 939 4710 Moyses
977 4638 1254 4693 manus,
1299 4611 1608 4682 vincebat
1643 4612 1867 4682 Israel
1890 4636 1913 4682 .·
1942 4613 2052 4681 sin
2090 4635 2228 4681 au-

672 4736 803 4794 tem
898 4721 1286 4816 paulutum
1381 4722 1770 4804 remisisset,
1853 4718 2227 4814 superabat

665 4830 973 4902 Amalec.
1004 4829 1247 4910 Josue,
1288 4850 1436 4907 vm,
1484 4828 1606 4895 18:
1659 4832 1838 4897 Leva
1876 4829 2219 4920 clypeum,

667 4940 792 5031 qni
824 4940 893 5008 in
919 4962 1136 5007 mana
1157 4946 1283 5006 tua
1324 4948 1447 5017 est,
1484 4936 1684 5005 tidem
1719 4961 1924 5029 quam
1957 4940 2025 5006 iu
2064 4960 2225 5029 ope·

669 5046 856 5116 ribus
882 5056 1098 5127 tenes,
1130 5054 1372 5116 contra
1403 5044 1640 5114 urbem
1677 5046 1843 5115 Ilai.

738 5313 758 5349 ¹
798 5310 962 5387 vulg.
994 5312 1199 5383 habet,
1228 5311 1389 5370 Psal.
1434 5328 1588 5381 xcix,
1619 5313 1689 5369 4:
1740 5313 1981 5370 Introite
2021 5319 2221 5385 portas

667 5402 786 5474 qius
815 5403 874 5457 in
902 5404 1268 5473 consessione,
1326 5404 1478 5460 atria
1506 5403 1624 5476 ejus
1673 5402 1735 5458 in
1763 5400 2016 5475 hymnis:
2040 5406 2217 5475 confi-

2345 1504 2666 1549 memores
2684 1483 2835 1559 Dei,
2871 1493 2934 1550 et
2965 1484 3362 1552 benedicant
3404 1485 3792 1553 Dominum
3820 1485 3894 1553 in

2343 1590 2875 1682 omnitempore,
2919 1593 3121 1659 etiam
3162 1593 3617 1662 adversitatis,

2430 1935 2462 1975 α
2492 1911 2859 1980 Benedicat
2887 1922 2972 1980 te.
3014 1938 3045 1978 ιι
3089 1913 3216 1983 Hic
3254 1923 3358 1984 est
3403 1916 3702 1984 secunda
3733 1938 3889 2007 pars

2339 2016 2621 2100 Psalmi,
2663 2020 2732 2086 in
2762 2042 2896 2110 qua
2925 2028 3076 2090 orat
3107 2030 3180 2089 ut
3208 2024 3306 2091 sic
3345 2022 3569 2091 Deum
3602 2023 3889 2115 diligen-

2340 2126 2543 2206 tibus,
2587 2134 2654 2195 et
2710 2129 2931 2218 ipsum
3008 2128 3567 2200 benedicentibus
3631 2142 3887 2201 aeterna

2334 2232 2803 2303 benedictione
2835 2237 3170 2305 Dominus
3200 2237 3555 2308 benedicat
3587 2262 3602 2307 :
3675 2248 3743 2308 et
3773 2240 3883 2308 di-

2337 2352 2584 2411 cuntur
2610 2345 2766 2413 duo.
2812 2345 3073 2428 Primo,
3107 2357 3255 2416 orat
3285 2355 3360 2416 ut
3397 2360 3652 2418 aeterna
3681 2348 3887 2417 bene-

2337 2449 2629 2519 dictione
2659 2451 2904 2519 talibus
2941 2453 3278 2523 Dominus
3306 2454 3685 2525 benedicat.
3752 2455 3886 2525 Se-

2335 2557 2583 2642 cund0,
2629 2562 2924 2629 insinuat
2972 2563 3156 2654 quod
3209 2565 3450 2654 possit,
3502 2564 3624 2649 ibi,
3663 2592 3698 2628 α
3747 2565 3885 2650 Qui

2330 2667 2496 2756 lecit
2524 2667 2792 2738 coelum.
2846 2694 2880 2735 2

2421 2773 2600 2842 Dicit
2631 2797 2818 2866 ergo,
2850 2775 3139 2867 loquens
3177 2787 3528 2869 tamquam
3585 2779 3703 2846 uni
3748 2779 3885 2847 sin·

2333 2880 2578 2972 gulari,
2656 2886 2814 2973 quia
2878 2906 3119 2955 omnes
3202 2885 3562 2978 diligentes
3664 2908 3881 2954 unum

2334 2996 2515 3064 sunt.
2638 2989 2788 3060 Act.
2875 3014 2968 3071 w,
3083 2994 3168 3061 32
3265 3015 3282 3060 :
3394 2992 3885 3062 Multitudinis

2334 3094 2750 3164 credentium
2853 3106 3003 3166 erat
3074 3121 3191 3168 cor
3269 3121 3512 3169 unum.
3625 3097 3878 3191 Supra,

2337 3202 2518 3271 Psal.
2597 3226 2843 3285 cxxxn,
2919 3206 2947 3273 1
3014 3228 3030 3273 :
3110 3210 3285 3276 Eece
3342 3229 3558 3299 quam
3628 3207 3884 3276 bonum

2336 3322 2398 3381 et
2444 3335 2653 3404 quam
2687 3313 3113 3404 jucundum,
3148 3325 3275 3385 etc.
3346 3342 3378 3382 α
3413 3316 3786 3385 Benedicat
3823 3325 3888 3385 te

2335 3421 2697 3489 Dominus.
2735 3449 2768 3485 ιο
2825 3422 2993 3490 Tob.
3058 3446 3150 3503 tx,
3208 3425 3249 3493 9
3309 3446 3324 3491 :
3386 3422 3759 3493 Benedicat
3820 3433 3887 3492 te

2337 3532 2523 3597 Deus
2567 3528 2807 3607 Lsrael.
2863 3555 2897 3594 ι
2958 3529 3042 3599 Et
3106 3530 3240 3601 hoc
3304 3557 3339 3598 α
3388 3533 3699 3611 exSion,
3738 3558 3771 3595 ιι
3815 3532 3881 3600 id

2337 3648 2462 3719 est,
2547 3638 3014 3711 benedictione
3104 3642 3244 3723 illa,
3323 3667 3476 3736 quae
3550 3652 3652 3713 ost
3716 3666 3884 3714 vera

2340 3743 2535 3829 Sion,
2569 3768 2717 3837 quae
2746 3756 2846 3816 est
2884 3746 3263 3839 benedictio
3293 3759 3573 3830 interna,
3606 3750 3692 3819 de
3717 3772 3880 3842 qua,

2337 3850 2578 3921 Matth.
2610 3876 2770 3936 xxv,
2805 3856 2925 3922 34:
2988 3857 3237 3933 Venite,
3273 3856 3612 3926 benedicti
3646 3860 3887 3928 I’atris

4052 1946 4114 2008 8

3962 2045 4184 2093 Secunda

3916 2100 4229 2158 pant‘natmi.

2336 3960 2490 4027 mei.
2525 3959 2678 4039 vel,
2708 3986 2743 4027 α
2775 3984 2860 4029 ex
2894 3962 3089 4042 Sion,
3125 3988 3159 4027 ι
3221 3964 3692 4034 benedictione
3721 3952 3888 4058 gra÷
3973 3989 3986 3996 ·

2335 4065 2472 4149 tiae,
2534 4066 2799 4158 qualem
2855 4066 3401 4139 benedictionem
3451 4071 3885 4142 desiderabat

2332 4174 2544 4243 Jacob
2600 4199 2754 4244 cum
2813 4176 3104 4264 dicebat,
3164 4179 3411 4250 Genea.
3461 4203 3677 4261 xxxu,
3724 4183 3810 4248 26
3862 4203 3879 4249 :

2334 4287 2486 4355 Non
2517 4283 2863 4353 dimittam
2904 4295 2991 4366 te,
3033 4289 3172 4356 nisi
3205 4287 3653 4358 -benedizreris
3682 4290 3882 4360 milti.

2433 4416 2465 4450 α
2507 4388 2645 4473 Qui
2692 4389 2859 4478 lecit
2903 4390 3150 4460 coelum
3215 4400 3281 4459 et
3319 4402 3601 4462 terram.
3640 4420 3676 4457 ιι
3710 4391 3886 4462 Ecce

2335 4494 2731 4564 secundum.
2776 4493 2987 4575 Quasi
3024 4497 3278 4568 diceret
3319 4522 3335 4570 ε
3400 4496 3518 4567 Sic
3574 4506 3642 4568 te
3670 4498 3889 4570 bene-
3924 4523 3932 4530 ’
3976 4580 3984 4587 ‚

2334 4601 2536 4686 dicat,
2567 4609 2633 4669 et
2662 4609 2907 4692 potest,
2944 4630 2979 4667 α
3011 4604 3159 4695 qui,
3194 4628 3228 4669 2
3264 4603 3330 4672 id
3361 4613 3487 4685 est,
3557 4606 3721 4697 quia
3770 4606 3884 4676 ille

2335 4737 2372 4774 α
2434 4710 2601 4800 feeit
2660 4708 2932 4789 coelum,
2995 4734 3029 4775 ιι
3097 4732 3375 4781 omnem
3451 4714 3880 4805 superiorem

2331 4826 2731 4897 creaturam,
2785 4845 2814 4881 οι
2841 4827 2906 4885 et
2933 4828 3214 4903 terram,
3252 4844 3284 4880 ιι
3327 4842 3605 4889 omnem
3627 4822 3885 4892 scilicet

2334 4924 2743 4993 inferiorem.
2806 4923 3054 4992 Genes.
3126 4948 3172 5003 1,
3237 4927 3267 4993 1
3298 4946 3315 4993 ε
3385 4927 3469 4996 ln
3522 4929 3882 5023 principio

2331 5032 2585 5100 creauit
2608 5032 2795 5101 Deus
2823 5030 3071 5100 coelum
3108 5040 3172 5099 et
3209 5041 3490 5104 terram.

2330 5331 2519 5387 temini
2537 5329 2647 5387 itti.
