5008 6329
632 359 759 426 394-

631 531 827 608 tium,
881 529 947 594 in
1007 547 1142 614 quo
1210 517 1508 588 ostendit
1583 535 1788 603 super
1847 532 1981 601 quo
2031 508 2179 576 vult

632 635 866 702 haberi
914 629 1366 699 memoriam:
1431 645 1635 713 super
1734 619 1867 687 hoc
1931 626 2005 685 ut
2065 616 2177 684 det

633 744 917 832 gratiam
958 734 1280 827 implendi
1312 733 1724 823 promissum
1768 746 1785 796 ε
1828 726 2009 794 unde
2039 725 2172 792 duo

632 848 964 916 dicuntur.
1004 842 1263 918 Prim0,
1296 849 1372 907 ut
1401 839 1514 907 det
1540 838 1830 928 gratiam
1877 831 2174 920 implen-

632 954 697 1022 di
756 952 937 1044 quod
1009 950 1344 1043 promisit.
1409 944 1752 1021 Secunde,
1832 938 2174 1031 specificat

631 1061 791 1153 quid
822 1059 987 1128 illud
1015 1060 1123 1137 sit,
1158 1057 1278 1137 ibi,
1309 1064 1375 1132 ᾗ.
1412 1055 1451 1122 3
1488 1077 1503 1121 :
1542 1077 1574 1116 α
1606 1052 1688 1120 Si
1745 1048 2091 1115 introiero.
2136 1068 2168 1108 a

716 1167 795 1235 In
825 1169 1040 1258 prima
1062 1166 1223 1243 duo,
1252 1160 1626 1230 secundum
1658 1153 1997 1244 duplicem
2021 1174 2171 1218 mo·-

628 1276 792 1344 dum
847 1255 1309 1367 promittendi,
1385 1268 1805 1355 juramento,
1857 1260 1967 1329 vel
2021 1283 2174 1351 pro-

628 1406 1107 1557 ωιῗίῗ.ρηίωε
1163 1483 1277 1550 Sic
1358 1482 1558 1549 dico:
1640 1478 2008 1556 MementO,
2087 1475 2170 1543 ad

627 1598 757 1666 hoc
820 1598 904 1664 ut'
949 1591 1252 1685 impleat,
1310 1588 1558 1667 David,
1617 1613 1652 1653 α
1710 1588 1888 1655 sicut
1949 1586 2171 1674 jura-

626 1707 724 1773 vit
791 1704 1108 1781 Domine,
1163 1725 1196 1765 s
1258 1697 1569 1766 litteralis
1642 1693 1888 1762 David.
1970 1690 2168 1771 Quod

625 1813 768 1902 ipse
798 1810 1053 1902 aliquid
1072 1805 1408 1899 juraverit
1434 1804 1762 1881 Domino,
1823 1809 1891 1868 et
1951 1820 2169 1866 vove-

624 1922 734 1999 rit,
784 1928 1004 2011 potest
1059 1939 1228 1994 esse,
1299 1913 1326 1979 Ι
1415 1909 1715 1999 Paralip.
1785 1930 2024 1988 xxvm,
2058 1909 2097 1972 2
2143 1928 2158 1972 ε

624 2028 936 2117 Coqitavi
973 2033 1048 2091 ut
1073 2022 1487 2111 aedificarem
1516 2018 1827 2094 domum,
1879 2016 1952 2081 in
2026 2037 2163 2106 qua

619 2135 1051 2223 requiesceret
1088 2150 1248 2196 arca
1302 2124 1579 2216 soederis
1634 2122 1948 2190 Domini.
2031 2120 2164 2189 Sed

618 2239 1011 2333 spiritualiS,
1065 2236 1396 2312 ChristuS,
1447 2231 1722 2324 quando
1781 2232 1997 2310 vovit,
2054 2229 2163 2298 vel

608 2345 929 2436 juravit?
957 2340 1331 2431 Responsio
1374 2360 1389 2403 ε
1436 2335 1508 2403 Si
1541 2334 1775 2403 nonin
1804 2356 1903 2418 se,
1936 2343 2162 2402 tamen

617 2449 690 2517 in
728 2446 1048 2516 membris
1077 2446 1242 2525 suiS,
1285 2444 1354 2509 in
1376 2441 1580 2530 justis
1611 2440 1726 2530 qui
1758 2438 2164 2530 promittunt

617 2554 790 2637 Deo,
845 2564 911 2622 et
973 2559 1227 2619 vovent
1289 2571 1362 2617 se
1429 2546 1884 2615 aedilicaturos
1940 2543 2167 2613 Eccle-

615 2665 812 2733 siam.
851 2662 1040 2731 Unde
1067 2661 1213 2750 ipsa
1259 2655 1561 2725 Ecclesia
1606 2655 1793 2743 jurat
1839 2662 1905 2721 et
1959 2661 2164 2721 vovet

616 2770 1098 2839 oedificaturam
1145 2766 1466 2857 seipsam.
1518 2762 1680 2830 Haec
1740 2763 2158 2850 juramenta,

617 2878 699 2946 de
724 2878 993 2969 quibuS,
1028 2872 1268 2942 Matth.
1310 2895 1380 2954 v,
1416 2870 1501 2938 33
1544 2891 1560 2937 :
1600 2868 1866 2937 Reddes
1914 2870 2166 2938 Domi-

614 3011 704 3056 no
729 2987 1136 3077 juramenta
1166 2991 1313 3050 tua.
1347 2979 1554 3048 Eccli.
1613 3000 1802 3056 xxm,
1878 2980 1960 3046 14
1996 3002 2013 3048 ε
2082 2980 2164 3047 Si

613 3116 907 3166 vacuum
927 3093 1298 3184 juraverit,
1335 3111 1472 3157 non
1490 3086 2033 3178 justificabitur.

707 3235 740 3272 α
796 3209 1033 3275 Votum
1085 3204 1288 3272 vovit.
1335 3226 1370 3268 a
1403 3199 1489 3268 Et
1539 3197 1846 3288 impleat,
1906 3208 2157 3291 repete,

614 3317 789 3384 sicut
821 3341 854 3378 α
888 3314 1069 3382 vovit
1116 3319 1349 3380 votum
1387 3337 1420 3370 α
1446 3306 1751 3375 Domino
1784 3335 1816 3367 «
1853 3309 1996 3375 Deo
2039 3309 2157 3375 Ja-

612 3420 732 3489 cob
769 3443 785 3487 ε
818 3447 853 3483 n
881 3427 1124 3487 votum
1172 3417 1355 3484 enim
1404 3420 1674 3502 oportet
1705 3411 2006 3481 reddere.
2042 3412 2161 3481 Ec-

614 3527 743 3597 cle.
814 3550 884 3609 v,
929 3527 968 3594 3
1002 3549 1017 3592 :
1062 3521 1346 3616 Siquid
1379 3520 1626 3587 vovisti
1665 3520 1834 3599 Deo,
1896 3544 1982 3588 ne
2017 3544 2159 3587 mo·

616 3637 785 3704 reris
814 3635 1089 3703 reddere
1118 3656 1142 3701 .·
1173 3628 1488 3720 displicet
1543 3628 1722 3694 euim
1758 3629 1823 3695 ei
1860 3628 2160 3717 infidelis

613 3755 679 3811 et
726 3740 947 3812 stulta
990 3735 1384 3832 promissio.
1442 3732 1727 3802 Denter.
1789 3755 1981 3815 xxm,
2014 3735 2099 3803 23
2136 3758 2152 3803 ε

617 3848 821 3937 Quod
850 3846 1064 3917 semel
1103 3864 1445 3936 eqressum
1501 3849 1598 3907 est
1636 3839 1720 3908 de
1749 3839 1956 3909 labiis
1993 3841 2151 3919 tuis,

612 3954 1018 4031 observabis,
1061 3962 1125 4022 et
1158 3950 1377 4043 facies
1399 3948 1579 4016 sicut
1596 3947 1985 4038 promisisti
2027 3951 2158 4016 Do-

614 4067 800 4133 mino
857 4066 999 4133 Deo
1050 4069 1191 4128 tuo.
1256 4056 1421 4125 Haec
1466 4061 1697 4122 autem
1743 4065 1907 4124 vota
1952 4055 2158 4124 oedili-

613 4173 807 4243 candi
874 4168 1241 4240 Ecclesiam
1309 4163 1458 4231 Deo
1536 4169 1694 4229 sunt
1791 4162 2149 4254 placentia.

612 4277 940 4348 Proverb.
978 4298 1096 4354 xv,
1128 4274 1169 4344 8
1211 4294 1229 4343 z
1266 4271 1433 4339 Vota
1449 4266 1816 4358 justorum
1836 4269 2152 4363 plumbi.

613 4389 736 4457 lia.
769 4387 905 4457 Sed
943 4392 1233 4479 oportet,
1282 4378 1471 4476 quod
1516 4378 1794 4469 adjuvet
1849 4380 1936 4449 ad
1964 4382 2153 4472 jura-

609 4505 837 4566 menta
875 4495 1323 4588 implendum,
1365 4501 1434 4562 et
1471 4488 1558 4560 ad
1578 4498 1770 4558 vota.
1797 4489 1999 4558 Joan.
2033 4513 2150 4575 xv,

609 4603 649 4670 5
686 4623 703 4669 ε
743 4602 908 4671 Sine
977 4621 1086 4667 me
1153 4597 1342 4700 quilii!
1385 4592 1669 4688 potestis
1721 4593 1972 4683 faeere.
2017 4595 2148 4664 lsa.

608 4732 795 4793 xxvi,
834 4710 914 4776 12
951 4732 967 4777 ε
1020 4708 1272 4779 Omnia
1310 4729 1518 4799 opera
1558 4714 1794 4777 nostra
1832 4715 2153 4798 operatus

607 4838 676 4884 es
701 4812 922 4901 uobis,
973 4815 1295 4884 Domine.

702 5160 733 5194 ι
787 5131 871 5201 Si
916 5130 1263 5200 introiero.
1318 5155 1353 5196 »
1412 5128 1542 5200 Hic
1605 5128 2008 5208 secundum,
2080 5129 2149 5197 in

612 5262 748 5330 quo
814 5240 1151 5330 specificat
1215 5239 1381 5330 quid
1445 5238 1804 5327 juraverit,
1874 5237 2150 5328 etquid

608 5346 896 5425 voverit,
966 5347 1221 5417 scilicet
1266 5345 1453 5439 quod
1499 5366 1640 5414 non
1694 5345 2075 5415 retrahetur
2112 5367 2154 5412 a

608 5453 1079 5546 procuratione
1152 5453 1398 5523 domus
1480 5451 1912 5522 fabricanda».
1999 5451 2152 5522 Duo

676 5696 695 5734 ¹
722 5700 859 5756 Luc.
889 5705 991 5761 xn,
1014 5691 1079 5747 ¹⁹
1111 5695 1170 5747 οἱ
1197 5693 1290 5751 20.

1632 346 1709 410 D.
1764 344 1963 409 ALB.
2016 340 2231 406 MAG.

2284 340 2489 406 ORD.
2542 341 2838 409 PRAED.

2287 532 2450 600 ergo
2482 509 2819 578 dicuntur.
2884 512 3144 590 Primo,
3192 534 3313 602 per
3364 534 3513 601 quae
3552 534 3692 579 non
3722 535 3835 579 re-

2288 617 2611 687 trahetur.
2660 618 3003 703 Secundo,
3063 644 3103 688 a
3133 643 3268 711 quo
3335 644 3472 688 non
3522 620 3833 688 retrahe-

2289 734 2420 809 tur‚
2489 727 2604 805 ibi,
2667 730 2734 793 in
2768 729 2993 796 medio
3043 735 3103 804 ὴ.
3152 731 3243 796 5:
3301 755 3332 792 ι
3376 731 3608 795 Donec
3657 730 3833 794 inve-

2285 836 2498 901 niam.
2540 861 2571 900 1>

2378 939 2450 1005 ln
2493 944 2708 1030 prima
2751 944 2877 1009 tria
2942 943 3316 1011 secundum
3359 945 3488 1009 tria
3518 965 3637 1034 per
3676 965 3829 1034 quae

2285 1047 2506 1116 solent
2571 1049 2820 1118 retrahi
2881 1050 3196 1120 homines
3252 1051 3337 1118 ab
3401 1051 3825 1119 aedificando.

2284 1154 2594 1224 Primum
2633 1168 2732 1225 est
2770 1180 2930 1226 cura
2959 1161 3058 1227 rei
3086 1159 3439 1226 familiaris
3475 1182 3490 1226 ε
3524 1157 3656 1226 hoc
3686 1159 3830 1248 pri-

2286 1284 2396 1329 mo
2444 1273 2770 1332 removet.
2810 1264 3228 1344 Secundum,
3271 1288 3434 1334 cura
3457 1264 3829 1355 voluptatis

2283 1369 2655 1460 explendae,
2682 1372 2799 1452 ibi,
2836 1400 2871 1435 α
2895 1374 2979 1441 Si
2993 1373 3349 1441 ascendero
3382 1375 3454 1440 in
3485 1373 3761 1440 lectum.
3790 1396 3823 1438 a

2277 1477 2528 1558 Tertio,
2565 1501 2724 1546 cura
2779 1480 3027 1569 quietis
3080 1478 3434 1558 habendae,
3470 1480 3588 1558 ibi,
3630 1488 3695 1556 5.
3730 1481 3773 1546 4
3806 1501 3822 1547 t

2282 1608 2316 1648 α
2350 1586 2429 1651 Si
2467 1583 2711 1652 dedero
2749 1608 3094 1656 somnum.
3133 1612 3167 1652 n

2366 1691 2545 1759 Dicit
2582 1715 2743 1784 ergo
2787 1717 2803 1761 :
2849 1693 3029 1773 Dixi,
3088 1694 3273 1785 quod
3304 1696 3561 1784 juravit
3599 1703 3667 1763 et
3693 1717 3828 1763 vo-

2278 1799 2374 1863 vit
2441 1798 2682 1877 David,
2754 1800 2986 1869 dicens
3022 1825 3039 1869 :
3131 1828 3165 1867 ι(
3225 1803 3308 1872 Si
3375 1804 3730 1886 introiero,
3789 1826 3824 1867 u

2276 1912 2630 1996 tamquam
2659 1930 2891 1975 curam
2914 1931 3147 2000 agens,
3181 1916 3249 1977 et
3266 1909 3822 1989 sollicitudinem,

2283 2036 2314 2076 α
2358 2013 2428 2078 in
2465 2012 2987 2082 tabernaculum
3026 2015 3273 2084 domus
3327 2039 3514 2095 meae,
3551 2043 3587 2080 s
3629 2017 3829 2084 fami-

2272 2116 2379 2184 lim
2425 2122 2738 2210 propriae,
2787 2121 3055 2213 supple,
3091 2121 3266 2190 male
3299 2122 3466 2190 mihi
3516 2125 3819 2193 accidat:

2273 2225 2432 2293 nolo
2499 2229 2681 2295 enim
2742 2252 3044 2320 quoerere
3121 2233 3398 2321 propria
3463 2232 3687 2323 primo
3754 2240 3823 2300 et

2273 2335 2749 2424 principaliter.
2784 2336 2811 2403 1
2843 2337 2930 2406 ad
2967 2336 3277 2407 Corinth.
3313 2362 3458 2417 xm,
3501 2343 3540 2407 5
3577 2361 3593 2405 :
3632 2341 3822 2408 Cha-

2272 2443 2493 2509 ritas..
2510 2493 2527 2509 .
2559 2467 2692 2511 non
2723 2447 2971 2535 quaerit
2993 2469 3146 2538 quae
3163 2470 3295 2515 sua
3320 2458 3500 2515 sunt.
3528 2448 3820 2538 Propter

2271 2544 2400 2615 hoc
2448 2553 2885 2641 conqueritur
2939 2552 3124 2621 Deus
3181 2575 3304 2644 per
3365 2555 3729 2645 Aggaeum,
3768 2577 3817 2633 ι,

2275 2661 2314 2719 2·
2363 2678 2377 2721 :
2412 2659 2677 2724 Domus
2715 2682 2889 2737 mea,
2932 2661 3191 2730 scilicet
3220 2659 3545 2740 Ecclesia,
3589 2662 3823 2729 deser-

2274 2775 2346 2831 ta
2381 2775 2501 2842 est,
2544 2778 2607 2833 et
2662 2792 2773 2834 vos
2825 2771 3176 2859 festinatis
3226 2771 3694 2861 unusquisque
3751 2771 3822 2836 in

2271 2872 2550 2941 doniam
2591 2898 2815 2942 suam.
2889 2876 3138 2967 Magna
3194 2879 3377 2945 enirn
3429 2900 3587 2947 cum
3653 2898 3818 2944 cura

2268 2982 2460 3049 multi
2494 2992 2858 3072 procurant
2878 2986 3154 3076 propria
3192 2984 3657 3065 tabernacula,
3684 3006 3824 3052 non

2267 3098 2577 3157 curantes
2598 3089 2678 3156 de
2711 3090 3009 3159 Ecclesia
3036 3091 3161 3159 Dei
3195 3092 3545 3184 quomodo
3578 3092 3816 3160 vadat.

2268 3195 2428 3276 Sed,
2474 3196 2635 3276 Job,
2695 3221 2840 3275 vm,
2886 3201 3023 3266 22:
3082 3198 3628 3268 raba-naculum
3681 3202 3819 3268 im-

2258 3304 2537 3393 piorum
2598 3329 2731 3372 non
2824 3306 3168 3375 subsistet.
3242 3307 3351 3390 Et,
3429 3331 3624 3391 xvin,
3688 3309 3812 3377 14:

2263 3410 2633 3480 :lc-ellatur
2687 3413 2771 3479 de
2844 3412 3290 3483 tabernaculo
3360 3437 3487 3483 suo
3549 3414 3817 3503 fiducia

2262 3519 2439 3607 ejus.
2476 3522 2847 3609 Gregorius
2891 3544 2908 3590 ε
2978 3550 3013 3587 α
3055 3524 3155 3593 De
3207 3523 3647 3592 tabernaculo
3686 3546 3813 3592 suo

2264 3652 2301 3690 ι
2329 3628 2668 3707 avellitur,
2719 3631 2994 3720 quando
3025 3633 3142 3723 qui
3177 3630 3392 3700 inulta
3428 3640 3816 3723 paraverat,

2267 3758 2299 3796 ι
2335 3738 2690 3824 repentina
2730 3747 2947 3805 morte
2997 3736 3386 3830 dissipatur.
3424 3763 3459 3805 a
3516 3739 3825 3809 intrave-

2264 3849 2363 3907 rat
2386 3841 2926 3923 tabernaculum‚
2952 3853 3019 3912 et
3038 3855 3520 3935 procuraverat
3536 3845 3823 3915 domum

2260 3949 2545 4037 optime,
2591 3952 2706 4039 qui
2738 3949 3007 4020 dicebat
3044 3975 3059 4020 ε
3095 3953 3376 4031 Anima,
3415 3954 3625 4023 habes
3643 3953 3826 4024 itaut·

2258 4063 2332 4120 ta
2361 4053 2541 4122 bona
2564 4058 2794 4147 posita
2824 4059 2896 4125 in
2945 4080 3165 4127 axenos
3195 4060 3571 4152 plurimos.
3610 4061 3692 4131 Et
3717 4060 3820 4129 illi

2257 4161 2513 4230 dictum
2543 4172 2647 4231 est
2679 4165 2906 4232 statim
2962 4186 2979 4233 ε
3012 4167 3241 4246 Salte,
3283 4168 3417 4236 hac
3442 4179 3634 4238 noete
3662 4170 3825 4237 ani-

2258 4292 2443 4339 mam
2472 4280 2664 4339 tuam
2685 4280 3002 4363 repetant
3041 4297 3085 4343 a
3114 4283 3182 4342 te
3201 4287 3247 4346 ¹.

2348 4509 2383 4546 α
2414 4483 2497 4550 Si
2525 4482 2883 4551 ascendero
2927 4482 3151 4564 »Alio
3206 4484 3613 4555 secundum.
3662 4515 3696 4552 κ
3731 4488 3817 4556 In

2260 4588 2506 4657 lectum
2533 4591 2738 4657 strati
2766 4590 2922 4665 mei,
2982 4589 3111 4657 »ad
3154 4588 3643 4663 delectationes
3671 4616 3826 4664 cor-

2256 4694 2521 4787 porales
2552 4696 3086 4786 procurandum.
3121 4696 3279 4767 Non
3302 4707 3401 4766 est
3429 4699 3824 4769 intrandum

2256 4818 2324 4884 in
2363 4801 2548 4872 hunc
2576 4802 2855 4885 lectum,
2894 4803 3014 4874 sed
3046 4805 3279 4896 potius
3309 4814 3410 4875 est
3446 4806 3824 4878 tollendus.

2255 4908 2494 4981 Matth.
2529 4934 2624 4989 ix,
2659 4914 2700 4979 c
2730 4932 2747 4978 ε
2789 4912 3046 5004 Surqe,
3087 4913 3260 4992 totle
3294 4914 3548 4984 lectum
3589 4924 3819 5000 tuum,

2253 5019 2590 5089 carnalem
2677 5019 2935 5090 scilicet
2985 5021 3437 5114 voluptatem,
3528 5036 3594 5092 et
3651 5023 3826 5093 vade

2256 5127 2324 5192 in
2406 5127 2685 5194 domum
2796 5135 3016 5204 tuam,
3120 5130 3189 5198 in
3304 5132 3818 5200 conscientiam.

2268 5235 2457 5303 llunc
2518 5236 2765 5304 lectum
2800 5237 3161 5307 ascendere
3208 5239 3424 5307 noluit
3484 5239 3681 5308 Urias
3745 5247 3820 5307 ut

2262 5340 2483 5412 bonus
2547 5344 2743 5412 miles
2798 5341 2844 5410 ⁸.
2916 5342 3120 5414 Hunc
3185 5345 3436 5415 lectum
3513 5345 3821 5416 ascendit

2258 5449 2591 5531 isboseth,
2660 5458 2727 5521 et
2771 5473 3135 5543 percussus
3192 5454 3263 5522 in
3317 5455 3622 5548 inguine,
3699 5457 3812 5525 in-

2321 5689 2346 5726 ⁸
2369 5688 2423 5746 11
2455 5688 2594 5764 fleg.
2619 5704 2702 5759 ιι,
2730 5689 2763 5744 5
2792 5693 2852 5746 et
2882 5705 3023 5764 seq.
