5008 6329
719 200 797 269 18

712 380 1060 463 tamquam
1102 377 1509 452 verecunda,
1547 377 1818 464 operuit
1845 396 1938 439 se.
1973 371 2025 435 Τ
2029 366 2273 436 acitur-

711 484 907 552 nitaS.
957 485 1239 554 Numer.
1266 488 1505 563 xix,15
1546 506 1561 550 :
1613 481 1964 572 Vaanuod
1988 503 2127 547 non
2154 478 2274 545 Ιια·

644 608 647 609 ’
712 588 933 659 buerit
970 594 1363 682 operculum
1441 599 1565 656 aut
1636 588 2022 679 liqaturam
2071 586 2274 653 desu-

696 721 848 789 per,
893 699 1332 765 immundum
1372 697 1525 766 erit.
1581 694 1985 764 Tribulatio.
2022 692 2266 761 GeneS.

705 827 826 886 vn,
863 807 986 873 19:
1025 803 1264 893 Operti
1281 813 1469 884 sunt,
1505 802 1762 871 scilicet
1781 803 1979 893 aquis
2000 799 2265 877 diluvii,

715 933 943 976 omnes
999 919 1257 976 montes
1287 910 1543 978 excelsi
1566 909 1694 977 sub
1729 910 2042 977 universo
2074 906 2262 974 eoel0.

704 1018 842 1086 Sed
910 1019 1167 1087 malum
1238 1028 1343 1089 est
1397 1019 1669 1110 triplex.
1715 1019 1973 1107 Culpae,
2018 1016 2270 1084 scilicet

645 1158 652 1165 ·
701 1125 1104 1215 hypocrisi&
1139 1125 1419 1194 Zachar.
1483 1148 1629 1201 xm,
1666 1125 1707 1190 4
1736 1148 1752 1192 ε
1783 1126 1924 1193 Nec
1970 1123 2264 1213 operien-

700 1243 816 1300 tur
838 1234 1066 1324 pallio
1094 1235 1387 1307 saccino,
1434 1242 1511 1298 ut
1558 1232 2006 1299 mentiantur.
2059 1228 2263 1319 Igno·

699 1344 954 1410 rantiae.
990 1341 1208 1409 Exod.
1239 1364 1378 1420 nx,
1435 1340 1552 1406 ¹6:
1597 1337 1828 1407 Nubes
1862 1338 2264 1405 densissima

693 1450 962 1540 operuit
998 1456 1320 1515 montem.
1352 1446 1585 1513 l‘oenae
1616 1454 1908 1513 aeternae.
1945 1443 2075 1512 Isa.
2116 1465 2257 1522 xlv,

699 1557 775 1622 11
812 1578 827 1622 :
869 1552 1123 1622 Subter
1161 1562 1225 1620 te
1250 1561 1595 1620 sternetur
1648 1553 1861 1630 tinea,
1923 1560 1987 1617 et
2044 1552 2261 1639 operi·

694 1670 999 1729 mentum
1029 1671 1228 1728 tuum
1258 1666 1461 1726 erunt
1498 1681 1776 1726 vermes,

1722 198 1804 266 l).
1858 198 2059 265 Abu.
2111 192 2327 261 MAG.
2381 193 2584 259 otu).
2640 195 2930 267 meist).

2380 365 2672 433 fuerunt.
2732 366 2969 434 Matth.
3040 395 3201 452 xxV,
3264 377 3343 441 21
3411 378 3684 468 :Euqe‚
3739 402 3925 447 serve

2380 471 2546 539 bone
2589 485 2653 540 et
2677 474 2928 562 fideliS,
2990 481 3157 567 quia
3212 506 3418 574 super
3474 509 3729 575 pauca,
3790 497 3915 558 etc.

2376 578 2618 669 Supra,
2654 583 2723 648 in
2747 582 2925 649 Psal.
2963 590 3143 667 xiv,1
3195 613 3210 656 :
3245 593 3564 674 Domine,
3599 596 3755 684 quis
3783 597 3918 663 Ιια-

2375 686 2619 755 bitabit
2658 691 2724 755 in
2756 689 3196 762 tabernaculo
3237 708 3379 776 tuo,
3432 709 3557 767 aut
3574 705 3755 791 quiS,
3782 699 3907 771 etc.

2371 792 2772 883 Responsio:
2802 794 3097 876 Servi,et
3117 802 3493 874 imitatores
3512 829 3908 877 servorum:

2368 908 2645 989 propter
2680 900 2810 970 hoc
2842 903 3097 975 Paulus
3152 910 3388 979 volens
3443 911 3694 983 habere
3744 916 3913 985 tales

2369 1004 2545 1073 filios
2576 1007 2858 1090 dicebat,
2902 1010 3046 1080 lad
3099 1015 3403 1087 Corinth.
3456 1043 3549 1098 x1,
3607 1024 3685 1090 1:
3741 1024 3917 1091 Imi-

2366 1122 2616 1182 tatores
2642 1119 2775 1185 mei
2800 1128 3025 1201 estote,
3070 1126 3251 1194 sicut
3312 1136 3377 1195 et
3440 1152 3559 1219 eqo
3631 1132 3908 1200 Christi.

2366 1219 2449 1286 Et
2474 1220 2771 1291 Joannes
2801 1225 3064 1296 dicebat
3084 1232 3490 1321 quibusdam
3511 1238 3581 1303 in
3617 1236 3910 1307 [canon.

2366 1350 2435 1404 11,
2478 1330 2554 1395 18
2581 1351 2595 1395 ε
2623 1331 2891 1416 Filioli,
2924 1338 3294 1409 novissima
3320 1341 3492 1410 hora
3520 1355 3640 1411 est.
3672 1344 3913 1415 Glossa

2364 1436 2557 1505 alite'r
2595 1443 2892 1530 exponit,
2928 1445 3131 1513 etiam
3164 1449 3511 1540 appellans
3529 1452 3705 1521 lilios
3746 1478 3914 1545 ope-

2363 1567 2434 1612 ra
2467 1546 2667 1631 bona,
2713 1558 2783 1617 ut
2808 1552 2895 1618 sit
2938 1575 3219 1623 sensus:
3285 1585 3315 1621 α
3351 1559 3527 1627 Filii
3558 1584 3909 1631 servorum

2358 1651 2791 1736 habitabunt,
2867 1686 2899 1719 »
2956 1662 3338 1743 causaliter,
3420 1665 3485 1734 id
3540 1676 3664 1747 est,
3727 1669 3909 1738 bona

2360 1780 2562 1848 opera
2644 1785 3021 1851 servorum,
3092 1792 3244 1859 quae
3321 1783 3479 1841 sunt
3553 1783 3904 1867 tamquam

2357 1887 2593 1933 eorum
2625 1867 2767 1948 tilii,
2800 1871 3104 1943 habitare
3123 1876 3394 1947 facient.
3419 1879 3600 1948 Psal.
3627 1906 3899 1963 cxxxix,

784 2008 818 2043 «
886 1979 1063 2048 Filii
1121 2000 1498 2045 servorum.
1574 2002 1608 2043 ι
1651 1976 1780 2043 Hic
1819 1984 1922 2044 est
1978 1976 2251 2043 tertium
2358 1975 2491 2042 14:
2561 1976 2992 2046 Ilabitabunt
3053 1985 3223 2051 recti
3283 2009 3438 2054 cum
3503 1989 3701 2057 vultu
3754 2002 3896 2059 tue.

686 2087 1060 2180 principale
1103 2087 1308 2176 hujus
1357 2085 1596 2176 partiS.
1658 2083 2037 2175 Postquam
2073 2104 2250 2172 prae-
2349 2079 2549 2147 Joan.
2595 2104 2757 2162 xvu,
2790 2086 2875 2150 24
2904 2107 2919 2153 ε
2953 2088 3188 2176 Pater,
3216 2114 3387 2181 quos
3415 2094 3666 2163 dedisti
3701 2098 3901 2180 milii,

683 2196 884 2264 cessit
911 2193 1317 2285 supplicatio
1362 2214 1486 2283 pro
1554 2190 1918 2280 adeptione
1973 2189 2249 2257 aeterni·
2349 2187 2501 2253 volo
2536 2199 2609 2255 ut
2647 2189 2764 2256 ubi
2798 2214 2920 2281 eqo
2954 2215 3135 2275 sum,
3170 2209 3236 2266 et
3272 2200 3408 2290 ipsi
3429 2202 3569 2268 sint
3607 2226 3898 2274 mecum.

680 2304 863 2382 tatis,
894 2311 962 2370 et
1035 2300 1384 2392 persuasio
1425 2306 1503 2366 ut
1567 2297 1696 2365 sibi
1747 2299 2242 2388 acquiescatur,

680 2405 791 2476 hic
827 2406 1266 2498 subjungitur
1293 2403 1646 2474 conclusio
1685 2402 1871 2485 laeta,
1906 2401 2090 2495 quod
2147 2404 2244 2470 sic
2437 2428 2469 2458 «ι
2506 2402 2600 2468 Et
2624 2424 2842 2470 semen
2897 2429 3158 2478 eorum.
3214 2437 3247 2477 ι
3301 2412 3427 2479 nio
3487 2416 3887 2485 secundum.

676 2514 795 2582 fiet
856 2524 932 2583 ut
995 2516 1283 2607 petitum
1324 2523 1428 2581 est
1481 2534 1496 2579 :
1570 2519 1636 2579 et
1700 2509 2022 2579 dicuntur
2075 2506 2236 2578 duo.
2346 2503 2554 2583 Quasi
2593 2507 2877 2579 diceret:
2910 2512 3107 2583 Tales
3128 2514 3573 2589 habitabunt:
3615 2551 3648 2583 α
3689 2524 3807 2601 Et,
3854 2548 3888 2589 ι

677 2620 938 2704 Primo,
1025 2620 1210 2710 quod
1307 2617 1803 2710 Apostolorum
1885 2637 2241 2684 successo·
2344 2612 2411 2679 id
2447 2622 2572 2692 est,
2606 2620 2763 2706 quia
2800 2647 2831 2681 α
2867 2643 3090 2690 semen
3121 2647 3381 2709 eorum,
3420 2656 3452 2690 n
3513 2651 3722 2719 opera
3761 2632 3887 2699 sci-

675 2751 785 2796 res
830 2728 916 2795 ad
973 2728 1422 2794 aeternitatem
1490 2733 1561 2794 et
1613 2722 2237 2792 immutabilitatem
2339 2721 2492 2790 licet
2534 2723 2802 2795 illorum
2841 2728 3046 2811 bona,
3098 2756 3253 2826 quae
3312 2746 3472 2805 sunt
3528 2745 3883 2831 tamquam

672 2834 1188 2904 transferentur.
1261 2831 1611 2913 Secunde,
1652 2832 1873 2922 tangit
1918 2830 2235 2897 meritum
2339 2830 2646 2919 quaedam
2719 2833 2988 2905 illorum
3046 2844 3333 2927 semina,
3404 2844 3723 2937 deligitur
3802 2847 3888 2914 ab

668 2942 1158 3024 translationis,
1191 2940 1450 3011 scilicet
1491 2940 1707 3007 bonas
1774 2938 2230 3028 operationes,
2336 2937 2432 3004 eis
2462 2959 2581 3027 per
2621 2942 3088 3015 rectitudinem
3153 2947 3576 3036 intentionis,
3645 2960 3715 3021 et
3768 2975 3891 3043 per

668 3051 793 3133 ibi,
847 3078 878 3115 α
915 3052 1009 3118 Et
1044 3071 1271 3117 semen
1300 3070 1566 3117 eorum.
1604 3072 1638 3113 ι
2335 3038 2465 3109 hoc
2487 3041 2715 3134 dirigit
2742 3068 2860 3115 eos
2888 3058 2964 3117 ut
3002 3059 3220 3122 totum
3271 3053 3477 3126 vadat
3525 3056 3761 3139 simul,
3821 3066 3886 3126 et

757 3156 936 3226 Dicit
1009 3179 1173 3248 ergo
1232 3177 1249 3225 :
1326 3152 1443 3224 Sic
1500 3162 1795 3223 (eternus
1843 3174 1943 3229 es,
1976 3156 2044 3219 et
2110 3146 2230 3218 tibi
2333 3172 2646 3242 operans,
2688 3163 2753 3224 et
2794 3171 3177 3249 operatum,
3215 3192 3248 3230 ι
3301 3167 3371 3235 ia
3419 3167 3776 3247 saeculum,
3842 3193 3876 3234 ι

657 3262 857 3354 jungi
910 3263 1097 3353 Ρθίὶἰ,
1160 3269 1227 3330 el
1282 3261 1514 3339 video.
1575 3258 1763 3352 quod
1804 3257 2031 3347 «filii.
2067 3280 2100 3320 ἱ
2163 3253 2232 3322 id
2330 3258 2401 3341 id
2448 3269 2575 3345 est,
2641 3264 2708 3330 in
2747 3269 3215 3341 aeternitatem.
3273 3272 3480 3344 Eccli.
3550 3298 3691 3352 xiv,
3751 3278 3879 3344 21:

662 3379 789 3450 est,
814 3370 1213 3448 imitatores,
1242 3397 1275 3433 α
1299 3389 1652 3436 servorum
1672 3375 1981 3446 tuorum,
2008 3388 2042 3429 ι
2069 3363 2234 3430 l'ro·
2334 3364 2549 3434 Omne
2573 3390 2744 3459 opus
2771 3372 3057 3442 electum
3066 3375 3586 3468 justificabitur
3603 3404 3627 3449 .·
3666 3392 3730 3449 et
3759 3383 3883 3473 qui

662 3476 1024 3570 phetarum
1063 3477 1342 3551 scilicet.
1377 3484 1446 3544 et
1478 3472 1999 3566 Apostolorum,
2035 3497 2068 3537 ι
2110 3468 2233 3537 lm·
2329 3485 2652 3562 operatur
2727 3477 2936 3558 illud,
3005 3482 3466 3555 honorabitur
3570 3490 3643 3557 in
3722 3487 3877 3557 illo.

665 3582 1008 3663 bitabamt,
1049 3611 1080 3645 ι
1127 3592 1378 3651 terram
1425 3583 1837 3660 viventium,
1871 3578 2230 3671 participes
2331 3579 2809 3653 Cassiodorus:
2854 3613 2887 3649 ι
2923 3587 3110 3658 Nihil
3149 3616 3467 3684 pravum,
3513 3596 3688 3665 nihil
3737 3607 3885 3688 pot·

659 3693 1057 3759 aeternitatis
1138 3691 1322 3760 facti.
1400 3690 1483 3759 Et
1555 3688 1800 3758 alludit
1865 3687 1964 3757 illi
2019 3688 2225 3763 facto,
2333 3711 2368 3752 ι
2409 3697 2681 3760 estesse
2714 3691 2800 3761 ibi
2841 3694 3248 3769 distortum:
3289 3701 3410 3771 sed
3456 3707 3680 3772 sancti
3730 3704 3879 3793 ejus

661 3798 846 3891 quod
880 3797 998 3867 filii
1059 3796 1335 3867 illorum
1377 3799 1494 3889 qui
1528 3798 1841 3866 exierunt
1883 3796 1969 3866 de
2016 3796 2230 3890 AEgy·
2334 3821 2367 3855 κ
2399 3816 2554 3863 cum
2603 3796 2895 3869 Domino
2968 3803 3194 3875 stabili
3276 3808 3629 3880 voluntate
3716 3834 3881 3903 gau-

659 3913 804 3997 pto‚
874 3913 1285 3974 meruerunt·
1346 3914 1603 3973 terram
1684 3904 2224 3996 promissionis:
2337 3929 2371 3963 α
2410 3899 2688 3974 debunt.
2759 3932 2793 3973 ι
2851 3908 2959 3977 Ad
3016 3934 3225 4004 quam
3289 3915 3760 3997 stabilitatem,
3814 3927 3882 3987 et

657 4012 787 4102 ipsi
852 4020 1082 4081 autem
1141 4034 1281 4081 non
1349 4012 1776 4080 intraverunt
1854 4011 1985 4078 nisi
2055 4010 2222 4090 duo,
2328 4007 2412 4075 ad
2458 4010 2640 4101 quod
2668 4013 2992 4104 gaudium
3042 4040 3170 4089 nos
3217 4020 3568 4114 perducat,
3622 4025 3738 4117 qui
3778 4033 3880 4094 est

657 4118 1077 4203 Catebffllius
1102 4120 1443 4213 Jephone,
1485 4130 1555 4190 et
1578 4119 1790 4190 Josue
1811 4128 1829 4165 ¹
1860 4141 1878 4188 τ
1912 4121 2227 4212 quamvis
2330 4111 2718 4185 benedictus
2753 4142 2874 4211 per
2898 4124 3132 4193 omnia
3159 4127 3403 4197 saecula
3433 4130 3869 4200 saeculorum.

656 4247 798 4293 non
827 4228 918 4295 sit
944 4226 1195 4312 simile,
1228 4227 1460 4320 quoad
1498 4225 1634 4297 hoc
1688 4225 1876 4320 quod
1929 4226 2027 4295 illi
2084 4247 2225 4295 non
2324 4220 2572 4292 Amen.

659 4333 1111 4420 intraverunt,
1168 4335 1349 4405 servi
1433 4336 1691 4405 intrant
1790 4333 2031 4427 quales
2094 4334 2222 4426 ipsi

732 4659 752 4696 ¹
783 4656 871 4715 ct.
902 4658 1145 4718 Numer.
1175 4672 1290 4729 xiv,
1321 4657 1413 4725 ³⁰,
1446 4661 1508 4715 et
1532 4672 1713 4727 υκαι,
1742 4657 1831 4714 ¹2.
