<?xml version="1.0" encoding="UTF-8"?>
<!DOCTYPE html PUBLIC "-//W3C//DTD XHTML 1.0 Transitional//EN"
    "http://www.w3.org/TR/xhtml1/DTD/xhtml1-transitional.dtd">
<html xmlns="http://www.w3.org/1999/xhtml" xml:lang="en" lang="en">
 <head>
  <title>
</title>
<meta http-equiv="Content-Type" content="text/html;charset=utf-8" />
  <meta name='ocr-system' content='tesseract 3.04.00' />
  <meta name='ocr-capabilities' content='ocr_page ocr_carea ocr_par ocr_line ocrx_word'/>
</head>
<body>
  <div class='ocr_page' id='page_1' title='image "balbertimagnira02chgoog_0515.png"; bbox 0 0 5008 6329; ppageno 0'>
   <div class='ocr_carea' id='block_1_1' title="bbox 1850 324 3538 399">
    <p class='ocr_par' dir='ltr' id='par_1_1' title="bbox 1850 324 3538 399">
     <span class='ocr_line' id='line_1_1' title="bbox 1850 324 3538 399; baseline 0.004 -6"><span class='ocrx_word' id='word_1_1' title='bbox 1850 324 2559 395; x_wconf 77' lang='lat' dir='ltr'><strong>COMMENTARIUS</strong></span> <span class='ocrx_word' id='word_1_2' title='bbox 2611 327 2701 393; x_wconf 76' lang='grc' dir='ltr'>ΙΝ</span> <span class='ocrx_word' id='word_1_3' title='bbox 2752 329 3187 397; x_wconf 76' lang='lat' dir='ltr'><strong>PSALMUM</strong></span> <span class='ocrx_word' id='word_1_4' title='bbox 3240 329 3538 399; x_wconf 75' lang='lat' dir='ltr'>CXLlV.</span> 
     </span>
    </p>
   </div>
   <div class='ocr_carea' id='block_1_2' title="bbox 1072 498 2637 2321">
    <p class='ocr_par' dir='ltr' id='par_1_2' title="bbox 1072 498 2633 1344">
     <span class='ocr_line' id='line_1_2' title="bbox 1164 498 2626 590; baseline 0.001 -25"><span class='ocrx_word' id='word_1_5' title='bbox 1164 498 1279 566; x_wconf 80' lang='lat' dir='ltr'>Ait</span> <span class='ocrx_word' id='word_1_6' title='bbox 1309 500 1493 567; x_wconf 86' lang='lat' dir='ltr'>enim</span> <span class='ocrx_word' id='word_1_7' title='bbox 1542 524 1555 568; x_wconf 92' lang='lat'>:</span> <span class='ocrx_word' id='word_1_8' title='bbox 1609 499 1724 569; x_wconf 85' lang='lat' dir='ltr'>Sic</span> <span class='ocrx_word' id='word_1_9' title='bbox 1771 500 2348 569; x_wconf 83' lang='lat' dir='ltr'>commendabunt</span> <span class='ocrx_word' id='word_1_10' title='bbox 2393 524 2626 590; x_wconf 84' lang='lat' dir='ltr'>opera,</span> 
     </span>
     <span class='ocr_line' id='line_1_3' title="bbox 1078 607 2625 699; baseline 0.001 -25"><span class='ocrx_word' id='word_1_11' title='bbox 1078 613 1144 674; x_wconf 85' lang='lat' dir='ltr'>et</span> <span class='ocrx_word' id='word_1_12' title='bbox 1187 610 1596 696; x_wconf 87' lang='lat' dir='ltr'>potentiam,</span> <span class='ocrx_word' id='word_1_13' title='bbox 1641 618 1705 678; x_wconf 83' lang='lat' dir='ltr'>et</span> <span class='ocrx_word' id='word_1_14' title='bbox 1761 611 1963 677; x_wconf 85' lang='lat' dir='ltr'>etiam</span> <span class='ocrx_word' id='word_1_15' title='bbox 1996 607 2570 699; x_wconf 78' lang='lat' dir='ltr'>magnificentiam</span> <span class='ocrx_word' id='word_1_16' title='bbox 2610 631 2625 675; x_wconf 90' lang='lat'>:</span> 
     </span>
     <span class='ocr_line' id='line_1_4' title="bbox 1078 714 2633 805; baseline -0.001 -23"><span class='ocrx_word' id='word_1_17' title='bbox 1078 714 1240 805; x_wconf 87' lang='lat' dir='ltr'>quia</span> <span class='ocrx_word' id='word_1_18' title='bbox 1279 745 1309 777; x_wconf 88' lang='lat'>«</span> <span class='ocrx_word' id='word_1_19' title='bbox 1363 720 1755 786; x_wconf 80' lang='lat' dir='ltr'><em>Dominus»</em></span> <span class='ocrx_word' id='word_1_20' title='bbox 1810 727 1909 784; x_wconf 82' lang='lat' dir='ltr'>est</span> <span class='ocrx_word' id='word_1_21' title='bbox 1968 745 1999 780; x_wconf 89' lang='lat'>«</span> <span class='ocrx_word' id='word_1_22' title='bbox 2067 716 2298 782; x_wconf 81' lang='lat' dir='ltr'>suavis</span> <span class='ocrx_word' id='word_1_23' title='bbox 2358 715 2633 780; x_wconf 66' lang='lat' dir='ltr'>miii-er·-</span> 
     </span>
     <span class='ocr_line' id='line_1_5' title="bbox 1074 820 2628 915; baseline -0.001 -25"><span class='ocrx_word' id='word_1_24' title='bbox 1074 825 1194 908; x_wconf 82' lang='lat' dir='ltr'>sis,</span> <span class='ocrx_word' id='word_1_25' title='bbox 1234 850 1267 885; x_wconf 71' lang='lat' dir='ltr'>n</span> <span class='ocrx_word' id='word_1_26' title='bbox 1305 825 1511 892; x_wconf 88' lang='lat' dir='ltr'>etiam</span> <span class='ocrx_word' id='word_1_27' title='bbox 1553 826 1772 902; x_wconf 89' lang='lat' dir='ltr'>malis,</span> <span class='ocrx_word' id='word_1_28' title='bbox 1810 846 1980 915; x_wconf 87' lang='lat' dir='ltr'>quos</span> <span class='ocrx_word' id='word_1_29' title='bbox 2015 825 2179 889; x_wconf 88' lang='lat' dir='ltr'>citra</span> <span class='ocrx_word' id='word_1_30' title='bbox 2211 820 2628 911; x_wconf 87' lang='lat' dir='ltr'>condignum</span> 
     </span>
     <span class='ocr_line' id='line_1_6' title="bbox 1076 930 2627 1023; baseline -0.002 -25"><span class='ocrx_word' id='word_1_31' title='bbox 1076 933 1301 1022; x_wconf 84' lang='lat' dir='ltr'>punit.</span> <span class='ocrx_word' id='word_1_32' title='bbox 1343 931 1650 1023; x_wconf 87' lang='lat' dir='ltr'>Sapient.</span> <span class='ocrx_word' id='word_1_33' title='bbox 1695 955 1808 1012; x_wconf 79' lang='lat' dir='ltr'>xv,</span> <span class='ocrx_word' id='word_1_34' title='bbox 1860 933 1884 998; x_wconf 88' lang='lat' dir='ltr'>l</span> <span class='ocrx_word' id='word_1_35' title='bbox 1918 952 1932 996; x_wconf 91' lang='lat'><strong>:</strong></span> <span class='ocrx_word' id='word_1_36' title='bbox 2008 932 2129 1007; x_wconf 86' lang='lat' dir='ltr'>Tu,</span> <span class='ocrx_word' id='word_1_37' title='bbox 2165 930 2351 996; x_wconf 82' lang='lat' dir='ltr'>Deus</span> <span class='ocrx_word' id='word_1_38' title='bbox 2377 939 2627 1011; x_wconf 85' lang='lat' dir='ltr'>noster,</span> 
     </span>
     <span class='ocr_line' id='line_1_7' title="bbox 1072 1035 2633 1129; baseline -0.003 -19"><span class='ocrx_word' id='word_1_39' title='bbox 1072 1043 1308 1110; x_wconf 87' lang='lat' dir='ltr'>suavis</span> <span class='ocrx_word' id='word_1_40' title='bbox 1349 1063 1372 1108; x_wconf 88' lang='lat'>.·</span> <span class='ocrx_word' id='word_1_41' title='bbox 1409 1040 1531 1109; x_wconf 91' lang='lat' dir='ltr'>sed</span> <span class='ocrx_word' id='word_1_42' title='bbox 1568 1040 1864 1108; x_wconf 80' lang='lat' dir='ltr'>maxime</span> <span class='ocrx_word' id='word_1_43' title='bbox 1903 1037 2332 1129; x_wconf 79' lang='lat' dir='ltr'><strong>gustantibus</strong></span> <span class='ocrx_word' id='word_1_44' title='bbox 2387 1044 2480 1119; x_wconf 88' lang='lat' dir='ltr'>te,</span> <span class='ocrx_word' id='word_1_45' title='bbox 2514 1035 2633 1105; x_wconf 87' lang='lat' dir='ltr'>Sa-</span> 
     </span>
     <span class='ocr_line' id='line_1_8' title="bbox 1074 1146 2633 1241; baseline -0.002 -26"><span class='ocrx_word' id='word_1_46' title='bbox 1074 1149 1291 1241; x_wconf 88' lang='lat' dir='ltr'>pient.</span> <span class='ocrx_word' id='word_1_47' title='bbox 1328 1170 1449 1228; x_wconf 86' lang='lat' dir='ltr'>xn,</span> <span class='ocrx_word' id='word_1_48' title='bbox 1502 1151 1526 1216; x_wconf 88' lang='lat' dir='ltr'>l</span> <span class='ocrx_word' id='word_1_49' title='bbox 1581 1170 1596 1214; x_wconf 91' lang='lat'><strong>:</strong></span> <span class='ocrx_word' id='word_1_50' title='bbox 1644 1147 1703 1215; x_wconf 90' lang='lat' dir='ltr'><em>O</em></span> <span class='ocrx_word' id='word_1_51' title='bbox 1753 1168 1963 1236; x_wconf 83' lang='lat' dir='ltr'>quam</span> <span class='ocrx_word' id='word_1_52' title='bbox 2007 1146 2222 1215; x_wconf 84' lang='lat' dir='ltr'>bonus</span> <span class='ocrx_word' id='word_1_53' title='bbox 2269 1155 2333 1214; x_wconf 91' lang='lat' dir='ltr'>et</span> <span class='ocrx_word' id='word_1_54' title='bbox 2396 1148 2633 1215; x_wconf 82' lang='lat' dir='ltr'>suavis</span> 
     </span>
     <span class='ocr_line' id='line_1_9' title="bbox 1076 1252 2633 1344; baseline -0.004 -19"><span class='ocrx_word' id='word_1_55' title='bbox 1076 1265 1198 1336; x_wconf 85' lang='lat' dir='ltr'>est,</span> <span class='ocrx_word' id='word_1_56' title='bbox 1261 1256 1586 1333; x_wconf 81' lang='lat' dir='ltr'><em>Domine,</em></span> <span class='ocrx_word' id='word_1_57' title='bbox 1619 1255 1906 1344; x_wconf 78' lang='lat' dir='ltr'>spiritus</span> <span class='ocrx_word' id='word_1_58' title='bbox 1934 1264 2095 1322; x_wconf 86' lang='lat' dir='ltr'>tuus</span> <span class='ocrx_word' id='word_1_59' title='bbox 2133 1256 2206 1323; x_wconf 88' lang='lat' dir='ltr'>in</span> <span class='ocrx_word' id='word_1_60' title='bbox 2253 1252 2574 1322; x_wconf 82' lang='lat' dir='ltr'>omnibus</span> <span class='ocrx_word' id='word_1_61' title='bbox 2603 1255 2633 1318; x_wconf 77' lang='grc' dir='ltr'>,Ι</span> 
     </span>
    </p>

    <p class='ocr_par' dir='ltr' id='par_1_3' title="bbox 1075 1361 2637 2321">
     <span class='ocr_line' id='line_1_10' title="bbox 1172 1361 2632 1451; baseline -0.003 -21"><span class='ocrx_word' id='word_1_62' title='bbox 1172 1389 1207 1430; x_wconf 74' lang='grc' dir='ltr'><em>α</em></span> <span class='ocrx_word' id='word_1_63' title='bbox 1258 1366 1357 1432; x_wconf 82' lang='lat' dir='ltr'>Et</span> <span class='ocrx_word' id='word_1_64' title='bbox 1420 1363 1888 1429; x_wconf 77' lang='lat' dir='ltr'>miserationes</span> <span class='ocrx_word' id='word_1_65' title='bbox 1944 1361 2122 1451; x_wconf 87' lang='lat' dir='ltr'>ejus,</span> <span class='ocrx_word' id='word_1_66' title='bbox 2190 1390 2222 1424; x_wconf 88' lang='lat'>»</span> <span class='ocrx_word' id='word_1_67' title='bbox 2289 1383 2429 1429; x_wconf 91' lang='lat' dir='ltr'>non</span> <span class='ocrx_word' id='word_1_68' title='bbox 2494 1381 2632 1426; x_wconf 88' lang='lat' dir='ltr'>una</span> 
     </span>
     <span class='ocr_line' id='line_1_11' title="bbox 1075 1465 2631 1554; baseline -0.004 -15"><span class='ocrx_word' id='word_1_69' title='bbox 1075 1479 1347 1540; x_wconf 85' lang='lat' dir='ltr'>tantum</span> <span class='ocrx_word' id='word_1_70' title='bbox 1378 1470 1752 1554; x_wconf 77' lang='lat' dir='ltr'><strong>miseratio,</strong></span> <span class='ocrx_word' id='word_1_71' title='bbox 1785 1468 1914 1538; x_wconf 88' lang='lat' dir='ltr'>hoc</span> <span class='ocrx_word' id='word_1_72' title='bbox 1962 1477 2088 1554; x_wconf 87' lang='lat' dir='ltr'>est,</span> <span class='ocrx_word' id='word_1_73' title='bbox 2147 1465 2631 1536; x_wconf 80' lang='lat' dir='ltr'>misericordiae</span> 
     </span>
     <span class='ocr_line' id='line_1_12' title="bbox 1077 1574 2627 1671; baseline -0.005 -23"><span class='ocrx_word' id='word_1_74' title='bbox 1077 1579 1437 1659; x_wconf 78' lang='lat' dir='ltr'>exhibitio,</span> <span class='ocrx_word' id='word_1_75' title='bbox 1485 1607 1517 1642; x_wconf 91' lang='lat'>«</span> <span class='ocrx_word' id='word_1_76' title='bbox 1559 1601 1764 1671; x_wconf 77' lang='lat' dir='ltr'>super</span> <span class='ocrx_word' id='word_1_77' title='bbox 1809 1579 2039 1646; x_wconf 85' lang='lat' dir='ltr'>omnia</span> <span class='ocrx_word' id='word_1_78' title='bbox 2105 1599 2312 1668; x_wconf 87' lang='lat' dir='ltr'>opera</span> <span class='ocrx_word' id='word_1_79' title='bbox 2376 1574 2556 1667; x_wconf 86' lang='lat' dir='ltr'>ejus,</span> <span class='ocrx_word' id='word_1_80' title='bbox 2593 1599 2627 1641; x_wconf 70' lang='grc' dir='ltr'>ι»</span> 
     </span>
     <span class='ocr_line' id='line_1_13' title="bbox 1079 1683 2637 1779; baseline -0.004 -22"><span class='ocrx_word' id='word_1_81' title='bbox 1079 1710 1222 1757; x_wconf 85' lang='grc' dir='ltr'>ιιοιι</span> <span class='ocrx_word' id='word_1_82' title='bbox 1258 1696 1531 1756; x_wconf 87' lang='lat' dir='ltr'>tantum</span> <span class='ocrx_word' id='word_1_83' title='bbox 1560 1709 1764 1779; x_wconf 90' lang='lat' dir='ltr'>super</span> <span class='ocrx_word' id='word_1_84' title='bbox 1791 1685 2131 1778; x_wconf 83' lang='lat' dir='ltr'>quaedam,</span> <span class='ocrx_word' id='word_1_85' title='bbox 2161 1692 2237 1752; x_wconf 88' lang='lat' dir='ltr'>ut</span> <span class='ocrx_word' id='word_1_86' title='bbox 2268 1683 2491 1774; x_wconf 87' lang='lat' dir='ltr'>major</span> <span class='ocrx_word' id='word_1_87' title='bbox 2520 1705 2637 1773; x_wconf 88' lang='lat' dir='ltr'>ap-</span> 
     </span>
     <span class='ocr_line' id='line_1_14' title="bbox 1077 1790 2630 1889; baseline -0.005 -24"><span class='ocrx_word' id='word_1_88' title='bbox 1077 1804 1316 1889; x_wconf 84' lang='lat' dir='ltr'>pareat</span> <span class='ocrx_word' id='word_1_89' title='bbox 1354 1794 1656 1864; x_wconf 85' lang='lat' dir='ltr'>suavitas</span> <span class='ocrx_word' id='word_1_90' title='bbox 1731 1792 2114 1862; x_wconf 89' lang='lat' dir='ltr'>miserendi.</span> <span class='ocrx_word' id='word_1_91' title='bbox 2161 1790 2369 1861; x_wconf 88' lang='lat' dir='ltr'>Eccli.</span> <span class='ocrx_word' id='word_1_92' title='bbox 2422 1813 2630 1869; x_wconf 68' lang='lat' dir='ltr'>xavu,</span> 
     </span>
     <span class='ocr_line' id='line_1_15' title="bbox 1081 1899 2630 1994; baseline -0.005 -20"><span class='ocrx_word' id='word_1_93' title='bbox 1081 1908 1165 1976; x_wconf 70' lang='lat'>24</span> <span class='ocrx_word' id='word_1_94' title='bbox 1199 1927 1214 1972; x_wconf 92' lang='lat'><strong>:</strong></span> <span class='ocrx_word' id='word_1_95' title='bbox 1250 1906 1440 1974; x_wconf 89' lang='lat' dir='ltr'>Deus</span> <span class='ocrx_word' id='word_1_96' title='bbox 1494 1926 1630 1971; x_wconf 86' lang='lat' dir='ltr'>non</span> <span class='ocrx_word' id='word_1_97' title='bbox 1693 1903 2030 1994; x_wconf 85' lang='lat' dir='ltr'>relinquet</span> <span class='ocrx_word' id='word_1_98' title='bbox 2058 1899 2630 1984; x_wconf 83' lang='lat' dir='ltr'>misericordiam,</span> 
     </span>
     <span class='ocr_line' id='line_1_16' title="bbox 1081 2010 2629 2105; baseline -0.005 -22"><span class='ocrx_word' id='word_1_99' title='bbox 1081 2024 1146 2083; x_wconf 87' lang='lat' dir='ltr'>et</span> <span class='ocrx_word' id='word_1_100' title='bbox 1173 2036 1313 2083; x_wconf 90' lang='lat' dir='ltr'>non</span> <span class='ocrx_word' id='word_1_101' title='bbox 1343 2023 1755 2105; x_wconf 80' lang='lat' dir='ltr'><em>corrumpet,</em></span> <span class='ocrx_word' id='word_1_102' title='bbox 1788 2035 1907 2081; x_wconf 85' lang='lat' dir='ltr'>nec</span> <span class='ocrx_word' id='word_1_103' title='bbox 1934 2010 2183 2080; x_wconf 80' lang='lat' dir='ltr'>delebit</span> <span class='ocrx_word' id='word_1_104' title='bbox 2238 2032 2443 2103; x_wconf 87' lang='lat' dir='ltr'>opera</span> <span class='ocrx_word' id='word_1_105' title='bbox 2472 2031 2629 2077; x_wconf 87' lang='lat' dir='ltr'>sua.</span> 
     </span>
     <span class='ocr_line' id='line_1_17' title="bbox 1081 2116 2637 2211; baseline -0.004 -21"><span class='ocrx_word' id='word_1_106' title='bbox 1081 2121 1265 2191; x_wconf 91' lang='lat' dir='ltr'>Psal.</span> <span class='ocrx_word' id='word_1_107' title='bbox 1300 2144 1493 2199; x_wconf 84' lang='lat' dir='ltr'>xvm,</span> <span class='ocrx_word' id='word_1_108' title='bbox 1528 2123 1567 2188; x_wconf 83' lang='lat'>7</span> <span class='ocrx_word' id='word_1_109' title='bbox 1608 2143 1623 2188; x_wconf 72' lang='grc' dir='ltr'><em>τ</em></span> <span class='ocrx_word' id='word_1_110' title='bbox 1666 2122 1802 2190; x_wconf 85' lang='lat' dir='ltr'>Nec</span> <span class='ocrx_word' id='word_1_111' title='bbox 1840 2130 1935 2189; x_wconf 87' lang='lat' dir='ltr'>est</span> <span class='ocrx_word' id='word_1_112' title='bbox 1963 2120 2086 2211; x_wconf 85' lang='lat' dir='ltr'>qui</span> <span class='ocrx_word' id='word_1_113' title='bbox 2127 2142 2200 2186; x_wconf 92' lang='lat' dir='ltr'>se</span> <span class='ocrx_word' id='word_1_114' title='bbox 2263 2116 2637 2186; x_wconf 82' lang='lat' dir='ltr'>abscondat</span> 
     </span>
     <span class='ocr_line' id='line_1_18' title="bbox 1080 2229 1606 2321; baseline -0.004 -22"><span class='ocrx_word' id='word_1_115' title='bbox 1080 2254 1123 2299; x_wconf 90' lang='grc' dir='ltr'><em>α</em></span> <span class='ocrx_word' id='word_1_116' title='bbox 1170 2230 1402 2299; x_wconf 85' lang='lat' dir='ltr'>calore</span> <span class='ocrx_word' id='word_1_117' title='bbox 1428 2229 1606 2321; x_wconf 86' lang='lat' dir='ltr'>ejus.</span> 
     </span>
    </p>
   </div>
   <div class='ocr_carea' id='block_1_3' title="bbox 1080 2546 2641 5018">
    <p class='ocr_par' dir='ltr' id='par_1_4' title="bbox 1081 2546 2637 3175">
     <span class='ocr_line' id='line_1_19' title="bbox 1176 2546 2636 2640; baseline 0 -26"><span class='ocrx_word' id='word_1_118' title='bbox 1176 2579 1210 2615; x_wconf 90' lang='lat'>«</span> <span class='ocrx_word' id='word_1_119' title='bbox 1248 2548 1891 2640; x_wconf 80' lang='lat' dir='ltr'>Confiteanlurtibi.</span> <span class='ocrx_word' id='word_1_120' title='bbox 1924 2574 1955 2613; x_wconf 68' lang='lat' dir='ltr'>n</span> <span class='ocrx_word' id='word_1_121' title='bbox 1990 2547 2116 2614; x_wconf 86' lang='lat' dir='ltr'>llic</span> <span class='ocrx_word' id='word_1_122' title='bbox 2138 2546 2319 2638; x_wconf 91' lang='lat' dir='ltr'>quod</span> <span class='ocrx_word' id='word_1_123' title='bbox 2343 2547 2636 2636; x_wconf 75' lang='lat' dir='ltr'>pertinet</span> 
     </span>
     <span class='ocr_line' id='line_1_20' title="bbox 1082 2657 2631 2754; baseline -0.007 -22"><span class='ocrx_word' id='word_1_124' title='bbox 1082 2663 1167 2732; x_wconf 91' lang='lat' dir='ltr'>ad</span> <span class='ocrx_word' id='word_1_125' title='bbox 1200 2670 1522 2754; x_wconf 88' lang='lat' dir='ltr'>quartum</span> <span class='ocrx_word' id='word_1_126' title='bbox 1553 2660 1805 2740; x_wconf 80' lang='lat' dir='ltr'>locum,</span> <span class='ocrx_word' id='word_1_127' title='bbox 1866 2659 2119 2728; x_wconf 88' lang='lat' dir='ltr'>scilicet</span> <span class='ocrx_word' id='word_1_128' title='bbox 2176 2657 2631 2733; x_wconf 86' lang='lat' dir='ltr'>sanctitatem,</span> 
     </span>
     <span class='ocr_line' id='line_1_21' title="bbox 1083 2762 2636 2863; baseline -0.006 -24"><span class='ocrx_word' id='word_1_129' title='bbox 1083 2794 1220 2863; x_wconf 88' lang='lat' dir='ltr'>qua</span> <span class='ocrx_word' id='word_1_130' title='bbox 1258 2770 1470 2861; x_wconf 80' lang='lat' dir='ltr'>exigit</span> <span class='ocrx_word' id='word_1_131' title='bbox 1491 2767 1575 2836; x_wconf 90' lang='lat' dir='ltr'>ab</span> <span class='ocrx_word' id='word_1_132' title='bbox 1607 2777 1910 2837; x_wconf 85' lang='lat' dir='ltr'>creatura</span> <span class='ocrx_word' id='word_1_133' title='bbox 1949 2765 2445 2835; x_wconf 82' lang='lat' dir='ltr'>confessionem</span> <span class='ocrx_word' id='word_1_134' title='bbox 2479 2762 2636 2831; x_wconf 92' lang='lat' dir='ltr'>lau-</span> 
     </span>
     <span class='ocr_line' id='line_1_22' title="bbox 1083 2873 2637 2969; baseline -0.006 -23"><span class='ocrx_word' id='word_1_135' title='bbox 1083 2878 1188 2946; x_wconf 91' lang='lat' dir='ltr'>dis</span> <span class='ocrx_word' id='word_1_136' title='bbox 1227 2875 1658 2969; x_wconf 69' lang='lat' dir='ltr'>generaliter.</span> <span class='ocrx_word' id='word_1_137' title='bbox 1697 2873 2036 2953; x_wconf 81' lang='lat' dir='ltr'>Secunde,</span> <span class='ocrx_word' id='word_1_138' title='bbox 2080 2897 2119 2942; x_wconf 87' lang='lat' dir='ltr'>a</span> <span class='ocrx_word' id='word_1_139' title='bbox 2157 2880 2465 2943; x_wconf 84' lang='lat' dir='ltr'>creatura</span> <span class='ocrx_word' id='word_1_140' title='bbox 2524 2892 2637 2937; x_wconf 89' lang='lat' dir='ltr'>ra·-</span> 
     </span>
     <span class='ocr_line' id='line_1_23' title="bbox 1082 2977 2636 3071; baseline -0.006 -16"><span class='ocrx_word' id='word_1_141' title='bbox 1082 2984 1423 3065; x_wconf 86' lang='lat' dir='ltr'>tionabili,</span> <span class='ocrx_word' id='word_1_142' title='bbox 1454 2994 1523 3054; x_wconf 87' lang='lat' dir='ltr'>et</span> <span class='ocrx_word' id='word_1_143' title='bbox 1559 2983 1974 3052; x_wconf 85' lang='lat' dir='ltr'>sanctificata</span> <span class='ocrx_word' id='word_1_144' title='bbox 2003 3006 2042 3051; x_wconf 91' lang='lat' dir='ltr'>a</span> <span class='ocrx_word' id='word_1_145' title='bbox 2104 2982 2252 3050; x_wconf 87' lang='lat' dir='ltr'>Deo</span> <span class='ocrx_word' id='word_1_146' title='bbox 2316 2977 2636 3071; x_wconf 85' lang='lat' dir='ltr'>speciali-</span> 
     </span>
     <span class='ocr_line' id='line_1_24' title="bbox 1081 3092 2081 3175; baseline -0.006 -13"><span class='ocrx_word' id='word_1_147' title='bbox 1081 3102 1209 3174; x_wconf 86' lang='lat' dir='ltr'>ter,</span> <span class='ocrx_word' id='word_1_148' title='bbox 1250 3092 1372 3175; x_wconf 91' lang='lat' dir='ltr'>ibi,</span> <span class='ocrx_word' id='word_1_149' title='bbox 1411 3120 1446 3158; x_wconf 74' lang='grc' dir='ltr'><strong>α</strong></span> <span class='ocrx_word' id='word_1_150' title='bbox 1479 3094 1574 3162; x_wconf 80' lang='lat' dir='ltr'>Et</span> <span class='ocrx_word' id='word_1_151' title='bbox 1601 3093 1825 3161; x_wconf 82' lang='lat' dir='ltr'>sancti</span> <span class='ocrx_word' id='word_1_152' title='bbox 1885 3092 2011 3162; x_wconf 85' lang='lat' dir='ltr'>tui.</span> <span class='ocrx_word' id='word_1_153' title='bbox 2048 3115 2081 3156; x_wconf 81' lang='lat'><strong>»</strong></span> 
     </span>
    </p>

    <p class='ocr_par' dir='ltr' id='par_1_5' title="bbox 1080 3198 2641 4366">
     <span class='ocr_line' id='line_1_25' title="bbox 1174 3198 2639 3296; baseline -0.003 -25"><span class='ocrx_word' id='word_1_154' title='bbox 1174 3204 1353 3273; x_wconf 83' lang='lat' dir='ltr'>Dicit</span> <span class='ocrx_word' id='word_1_155' title='bbox 1382 3225 1547 3296; x_wconf 91' lang='lat' dir='ltr'>ergo</span> <span class='ocrx_word' id='word_1_156' title='bbox 1585 3225 1601 3270; x_wconf 87' lang='lat'>:</span> <span class='ocrx_word' id='word_1_157' title='bbox 1645 3201 1759 3270; x_wconf 86' lang='lat' dir='ltr'>Sic</span> <span class='ocrx_word' id='word_1_158' title='bbox 1788 3198 2161 3269; x_wconf 89' lang='lat' dir='ltr'>laudabunt</span> <span class='ocrx_word' id='word_1_159' title='bbox 2189 3206 2466 3291; x_wconf 90' lang='lat' dir='ltr'>propter</span> <span class='ocrx_word' id='word_1_160' title='bbox 2495 3220 2639 3266; x_wconf 91' lang='lat' dir='ltr'>ma-</span> 
     </span>
     <span class='ocr_line' id='line_1_26' title="bbox 1080 3308 2638 3406; baseline -0.004 -25"><span class='ocrx_word' id='word_1_161' title='bbox 1080 3311 1543 3406; x_wconf 83' lang='lat' dir='ltr'>gnificandam</span> <span class='ocrx_word' id='word_1_162' title='bbox 1582 3309 1898 3401; x_wconf 89' lang='lat' dir='ltr'>gloriam,</span> <span class='ocrx_word' id='word_1_163' title='bbox 1957 3317 2022 3377; x_wconf 87' lang='lat' dir='ltr'>et</span> <span class='ocrx_word' id='word_1_164' title='bbox 2085 3308 2293 3376; x_wconf 89' lang='lat' dir='ltr'>etiam</span> <span class='ocrx_word' id='word_1_165' title='bbox 2358 3313 2638 3398; x_wconf 82' lang='lat' dir='ltr'>propter</span> 
     </span>
     <span class='ocr_line' id='line_1_27' title="bbox 1083 3414 2637 3514; baseline -0.007 -23"><span class='ocrx_word' id='word_1_166' title='bbox 1083 3420 1668 3514; x_wconf 73' lang='lat' dir='ltr'>magnificentiam</span> <span class='ocrx_word' id='word_1_167' title='bbox 1707 3418 2077 3486; x_wconf 72' lang='lat' dir='ltr'>sanctitatis</span> <span class='ocrx_word' id='word_1_168' title='bbox 2106 3423 2267 3496; x_wconf 86' lang='lat' dir='ltr'>tuae,</span> <span class='ocrx_word' id='word_1_169' title='bbox 2337 3439 2371 3481; x_wconf 72' lang='grc' dir='ltr'><strong>α</strong></span> <span class='ocrx_word' id='word_1_170' title='bbox 2430 3414 2637 3503; x_wconf 81' lang='lat' dir='ltr'>confi-</span> 
     </span>
     <span class='ocr_line' id='line_1_28' title="bbox 1083 3521 2639 3607; baseline -0.006 -8"><span class='ocrx_word' id='word_1_171' title='bbox 1083 3539 1366 3600; x_wconf 86' lang='lat' dir='ltr'>teantur</span> <span class='ocrx_word' id='word_1_172' title='bbox 1394 3526 1545 3607; x_wconf 82' lang='lat' dir='ltr'>tibi,</span> <span class='ocrx_word' id='word_1_173' title='bbox 1592 3552 1625 3593; x_wconf 81' lang='lat'><strong>»</strong></span> <span class='ocrx_word' id='word_1_174' title='bbox 1660 3525 2078 3595; x_wconf 82' lang='lat' dir='ltr'>confessione</span> <span class='ocrx_word' id='word_1_175' title='bbox 2115 3521 2360 3606; x_wconf 86' lang='lat' dir='ltr'>laudis,</span> <span class='ocrx_word' id='word_1_176' title='bbox 2399 3550 2433 3586; x_wconf 73' lang='grc' dir='ltr'>ι</span> <span class='ocrx_word' id='word_1_177' title='bbox 2497 3544 2639 3591; x_wconf 91' lang='lat' dir='ltr'>om-</span> 
     </span>
     <span class='ocr_line' id='line_1_29' title="bbox 1084 3632 2641 3729; baseline -0.006 -23"><span class='ocrx_word' id='word_1_178' title='bbox 1084 3639 1208 3706; x_wconf 86' lang='lat' dir='ltr'>nia</span> <span class='ocrx_word' id='word_1_179' title='bbox 1248 3658 1480 3729; x_wconf 83' lang='lat' dir='ltr'>opera,</span> <span class='ocrx_word' id='word_1_180' title='bbox 1520 3659 1553 3701; x_wconf 79' lang='lat'><strong>»</strong></span> <span class='ocrx_word' id='word_1_181' title='bbox 1586 3636 1805 3703; x_wconf 81' lang='lat' dir='ltr'>activa</span> <span class='ocrx_word' id='word_1_182' title='bbox 1843 3632 2267 3702; x_wconf 80' lang='lat' dir='ltr'>confessione</span> <span class='ocrx_word' id='word_1_183' title='bbox 2307 3652 2455 3722; x_wconf 82' lang='lat' dir='ltr'>quae</span> <span class='ocrx_word' id='word_1_184' title='bbox 2485 3651 2641 3721; x_wconf 88' lang='lat' dir='ltr'>pos·</span> 
     </span>
     <span class='ocr_line' id='line_1_30' title="bbox 1081 3738 2638 3830; baseline -0.006 -16"><span class='ocrx_word' id='word_1_185' title='bbox 1081 3752 1243 3814; x_wconf 85' lang='lat' dir='ltr'>sunt</span> <span class='ocrx_word' id='word_1_186' title='bbox 1279 3742 1588 3813; x_wconf 80' lang='lat' dir='ltr'>confiteri</span> <span class='ocrx_word' id='word_1_187' title='bbox 1622 3763 1638 3809; x_wconf 74' lang='grc' dir='ltr'>ε</span> <span class='ocrx_word' id='word_1_188' title='bbox 1679 3740 2027 3809; x_wconf 86' lang='lat' dir='ltr'>materiam</span> <span class='ocrx_word' id='word_1_189' title='bbox 2067 3738 2290 3807; x_wconf 86' lang='lat' dir='ltr'>laudis</span> <span class='ocrx_word' id='word_1_190' title='bbox 2319 3746 2638 3830; x_wconf 85' lang='lat' dir='ltr'>praestan·</span> 
     </span>
     <span class='ocr_line' id='line_1_31' title="bbox 1080 3845 2633 3944; baseline -0.004 -22"><span class='ocrx_word' id='word_1_191' title='bbox 1080 3852 1197 3935; x_wconf 87' lang='lat' dir='ltr'>do,</span> <span class='ocrx_word' id='word_1_192' title='bbox 1242 3873 1397 3944; x_wconf 81' lang='lat' dir='ltr'>quae</span> <span class='ocrx_word' id='word_1_193' title='bbox 1474 3872 1614 3919; x_wconf 90' lang='lat' dir='ltr'>non</span> <span class='ocrx_word' id='word_1_194' title='bbox 1686 3856 1993 3940; x_wconf 85' lang='lat' dir='ltr'>possunt.</span> <span class='ocrx_word' id='word_1_195' title='bbox 2038 3846 2287 3939; x_wconf 89' lang='lat' dir='ltr'>Supra,</span> <span class='ocrx_word' id='word_1_196' title='bbox 2330 3847 2400 3914; x_wconf 90' lang='lat' dir='ltr'>in</span> <span class='ocrx_word' id='word_1_197' title='bbox 2448 3845 2633 3916; x_wconf 90' lang='lat' dir='ltr'>Psal.</span> 
     </span>
     <span class='ocr_line' id='line_1_32' title="bbox 1080 3958 2637 4048; baseline -0.005 -17"><span class='ocrx_word' id='word_1_198' title='bbox 1080 3986 1197 4042; x_wconf 87' lang='lat' dir='ltr'>cn,</span> <span class='ocrx_word' id='word_1_199' title='bbox 1224 3963 1309 4030; x_wconf 80' lang='lat'>22</span> <span class='ocrx_word' id='word_1_200' title='bbox 1346 3983 1363 4030; x_wconf 74' lang='grc' dir='ltr'><strong><em>ε</em></strong></span> <span class='ocrx_word' id='word_1_201' title='bbox 1397 3959 1785 4029; x_wconf 85' lang='lat' dir='ltr'>Benedicite</span> <span class='ocrx_word' id='word_1_202' title='bbox 1813 3958 2132 4040; x_wconf 87' lang='lat' dir='ltr'>Domino,</span> <span class='ocrx_word' id='word_1_203' title='bbox 2166 3958 2399 4025; x_wconf 87' lang='lat' dir='ltr'>omnia</span> <span class='ocrx_word' id='word_1_204' title='bbox 2428 3978 2637 4048; x_wconf 87' lang='lat' dir='ltr'>opera</span> 
     </span>
     <span class='ocr_line' id='line_1_33' title="bbox 1081 4060 2631 4160; baseline -0.006 -22"><span class='ocrx_word' id='word_1_205' title='bbox 1081 4068 1264 4160; x_wconf 80' lang='lat' dir='ltr'>ejus,</span> <span class='ocrx_word' id='word_1_206' title='bbox 1302 4069 1374 4136; x_wconf 88' lang='lat' dir='ltr'>in</span> <span class='ocrx_word' id='word_1_207' title='bbox 1395 4067 1587 4136; x_wconf 84' lang='lat' dir='ltr'>omni</span> <span class='ocrx_word' id='word_1_208' title='bbox 1615 4065 1761 4134; x_wconf 88' lang='lat' dir='ltr'>loco</span> <span class='ocrx_word' id='word_1_209' title='bbox 1791 4063 2283 4132; x_wconf 82' lang='lat' dir='ltr'>dominationis</span> <span class='ocrx_word' id='word_1_210' title='bbox 2307 4062 2482 4152; x_wconf 86' lang='lat' dir='ltr'>ejus.</span> <span class='ocrx_word' id='word_1_211' title='bbox 2521 4060 2631 4146; x_wconf 85' lang='lat' dir='ltr'>Et,</span> 
     </span>
     <span class='ocr_line' id='line_1_34' title="bbox 1083 4170 2637 4262; baseline -0.005 -18"><span class='ocrx_word' id='word_1_212' title='bbox 1083 4174 1352 4245; x_wconf 77' lang='lat' dir='ltr'>Daniel.</span> <span class='ocrx_word' id='word_1_213' title='bbox 1389 4198 1488 4254; x_wconf 86' lang='lat' dir='ltr'>m,</span> <span class='ocrx_word' id='word_1_214' title='bbox 1529 4174 1612 4243; x_wconf 74' lang='lat'>5¹1</span> <span class='ocrx_word' id='word_1_215' title='bbox 1659 4195 1676 4241; x_wconf 90' lang='lat'>:</span> <span class='ocrx_word' id='word_1_216' title='bbox 1711 4170 2122 4250; x_wconf 85' lang='lat' dir='ltr'>Benedicite,</span> <span class='ocrx_word' id='word_1_217' title='bbox 2166 4170 2402 4238; x_wconf 90' lang='lat' dir='ltr'>omnia</span> <span class='ocrx_word' id='word_1_218' title='bbox 2429 4191 2637 4262; x_wconf 86' lang='lat' dir='ltr'>opera</span> 
     </span>
     <span class='ocr_line' id='line_1_35' title="bbox 1081 4285 1753 4366; baseline -0.006 -9"><span class='ocrx_word' id='word_1_219' title='bbox 1081 4287 1397 4366; x_wconf 84' lang='lat' dir='ltr'>Domini,</span> <span class='ocrx_word' id='word_1_220' title='bbox 1433 4285 1753 4356; x_wconf 88' lang='lat' dir='ltr'>Domino.</span> 
     </span>
    </p>

    <p class='ocr_par' dir='ltr' id='par_1_6' title="bbox 1083 4391 2639 5018">
     <span class='ocr_line' id='line_1_36' title="bbox 1180 4391 2639 4483; baseline -0.005 -17"><span class='ocrx_word' id='word_1_221' title='bbox 1180 4421 1215 4465; x_wconf 70' lang='grc' dir='ltr'>ι</span> <span class='ocrx_word' id='word_1_222' title='bbox 1250 4398 1349 4465; x_wconf 87' lang='lat' dir='ltr'>Et</span> <span class='ocrx_word' id='word_1_223' title='bbox 1375 4396 1599 4466; x_wconf 84' lang='lat' dir='ltr'>sancti</span> <span class='ocrx_word' id='word_1_224' title='bbox 1633 4395 1764 4475; x_wconf 81' lang='lat' dir='ltr'>tui,</span> <span class='ocrx_word' id='word_1_225' title='bbox 1791 4419 1824 4460; x_wconf 72' lang='grc' dir='ltr'>ι</span> <span class='ocrx_word' id='word_1_226' title='bbox 1865 4400 2007 4461; x_wconf 87' lang='lat' dir='ltr'>tam</span> <span class='ocrx_word' id='word_1_227' title='bbox 2071 4391 2386 4461; x_wconf 84' lang='lat' dir='ltr'>homines</span> <span class='ocrx_word' id='word_1_228' title='bbox 2430 4413 2639 4483; x_wconf 90' lang='lat' dir='ltr'>quam</span> 
     </span>
     <span class='ocr_line' id='line_1_37' title="bbox 1084 4498 2634 4598; baseline -0.006 -22"><span class='ocrx_word' id='word_1_229' title='bbox 1084 4505 1366 4598; x_wconf 81' lang='lat' dir='ltr'>Angeli,</span> <span class='ocrx_word' id='word_1_230' title='bbox 1405 4527 1446 4574; x_wconf 87' lang='lat' dir='ltr'>a</span> <span class='ocrx_word' id='word_1_231' title='bbox 1480 4511 1546 4574; x_wconf 90' lang='lat' dir='ltr'>te</span> <span class='ocrx_word' id='word_1_232' title='bbox 1579 4502 1949 4572; x_wconf 82' lang='lat' dir='ltr'>sanctitatis</span> <span class='ocrx_word' id='word_1_233' title='bbox 1986 4501 2171 4571; x_wconf 78' lang='lat' dir='ltr'>tonte</span> <span class='ocrx_word' id='word_1_234' title='bbox 2209 4498 2634 4578; x_wconf 82' lang='lat' dir='ltr'>sanctificati,</span> 
     </span>
     <span class='ocr_line' id='line_1_38' title="bbox 1090 4608 2639 4687; baseline -0.003 -7"><span class='ocrx_word' id='word_1_235' title='bbox 1090 4641 1125 4680; x_wconf 76' lang='grc' dir='ltr'><strong>α</strong></span> <span class='ocrx_word' id='word_1_236' title='bbox 1161 4613 1560 4682; x_wconf 79' lang='lat' dir='ltr'>benedicant</span> <span class='ocrx_word' id='word_1_237' title='bbox 1588 4611 1737 4681; x_wconf 81' lang='lat' dir='ltr'>tibi.</span> <span class='ocrx_word' id='word_1_238' title='bbox 1777 4638 1811 4675; x_wconf 70' lang='lat' dir='ltr'>n</span> <span class='ocrx_word' id='word_1_239' title='bbox 1863 4608 2129 4678; x_wconf 86' lang='lat' dir='ltr'>Daniel.</span> <span class='ocrx_word' id='word_1_240' title='bbox 2163 4633 2259 4687; x_wconf 84' lang='lat' dir='ltr'>m,</span> <span class='ocrx_word' id='word_1_241' title='bbox 2312 4608 2395 4676; x_wconf 79' lang='lat'>8¹1</span> <span class='ocrx_word' id='word_1_242' title='bbox 2430 4628 2448 4677; x_wconf 71' lang='grc' dir='ltr'><strong><em>ε</em></strong></span> <span class='ocrx_word' id='word_1_243' title='bbox 2499 4608 2639 4676; x_wconf 87' lang='lat' dir='ltr'>Be-</span> 
     </span>
     <span class='ocr_line' id='line_1_39' title="bbox 1083 4717 2638 4805; baseline -0.006 -12"><span class='ocrx_word' id='word_1_244' title='bbox 1083 4723 1402 4805; x_wconf 84' lang='lat' dir='ltr'>nedicite,</span> <span class='ocrx_word' id='word_1_245' title='bbox 1432 4723 1656 4791; x_wconf 82' lang='lat' dir='ltr'>sancti</span> <span class='ocrx_word' id='word_1_246' title='bbox 1700 4729 1761 4790; x_wconf 85' lang='lat' dir='ltr'>et</span> <span class='ocrx_word' id='word_1_247' title='bbox 1795 4717 2092 4789; x_wconf 73' lang='lat' dir='ltr'>humiles</span> <span class='ocrx_word' id='word_1_248' title='bbox 2112 4717 2335 4798; x_wconf 82' lang='lat' dir='ltr'>corde,</span> <span class='ocrx_word' id='word_1_249' title='bbox 2389 4717 2638 4786; x_wconf 88' lang='lat' dir='ltr'>Domi-</span> 
     </span>
     <span class='ocr_line' id='line_1_40' title="bbox 1086 4826 2639 4920; baseline -0.005 -20"><span class='ocrx_word' id='word_1_250' title='bbox 1086 4855 1200 4901; x_wconf 88' lang='lat' dir='ltr'>no.</span> <span class='ocrx_word' id='word_1_251' title='bbox 1249 4828 1522 4898; x_wconf 84' lang='lat' dir='ltr'>Talium</span> <span class='ocrx_word' id='word_1_252' title='bbox 1593 4830 1802 4911; x_wconf 87' lang='lat' dir='ltr'>enim,</span> <span class='ocrx_word' id='word_1_253' title='bbox 1852 4829 1968 4920; x_wconf 88' lang='lat' dir='ltr'>qui</span> <span class='ocrx_word' id='word_1_254' title='bbox 2017 4826 2236 4896; x_wconf 89' lang='lat' dir='ltr'>sancti</span> <span class='ocrx_word' id='word_1_255' title='bbox 2284 4832 2468 4904; x_wconf 87' lang='lat' dir='ltr'>sunt,</span> <span class='ocrx_word' id='word_1_256' title='bbox 2537 4832 2639 4893; x_wconf 88' lang='lat' dir='ltr'>cst</span> 
     </span>
     <span class='ocr_line' id='line_1_41' title="bbox 1084 4932 2637 5018; baseline -0.001 -12"><span class='ocrx_word' id='word_1_257' title='bbox 1084 4937 1517 5018; x_wconf 88' lang='lat' dir='ltr'>benedicere,</span> <span class='ocrx_word' id='word_1_258' title='bbox 1579 4936 1868 5006; x_wconf 89' lang='lat' dir='ltr'>aliorum</span> <span class='ocrx_word' id='word_1_259' title='bbox 1925 4943 2154 5005; x_wconf 89' lang='lat' dir='ltr'>autem</span> <span class='ocrx_word' id='word_1_260' title='bbox 2195 4958 2364 5005; x_wconf 90' lang='lat' dir='ltr'>non.</span> <span class='ocrx_word' id='word_1_261' title='bbox 2425 4932 2637 5005; x_wconf 89' lang='lat' dir='ltr'>Eccli.</span> 
     </span>
    </p>
   </div>
   <div class='ocr_carea' id='block_1_4' title="bbox 4180 335 4307 403">
    <p class='ocr_par' dir='ltr' id='par_1_7' title="bbox 4180 335 4307 403">
     <span class='ocr_line' id='line_1_42' title="bbox 4180 335 4307 403; baseline 0 -1"><span class='ocrx_word' id='word_1_262' title='bbox 4180 335 4307 403; x_wconf 80' lang='lat'>505</span> 
     </span>
    </p>
   </div>
   <div class='ocr_carea' id='block_1_5' title="bbox 2737 500 4310 2966">
    <p class='ocr_par' dir='ltr' id='par_1_8' title="bbox 2748 500 4307 698">
     <span class='ocr_line' id='line_1_43' title="bbox 2751 500 4307 594; baseline 0.002 -28"><span class='ocrx_word' id='word_1_263' title='bbox 2751 501 2933 577; x_wconf 89' lang='lat' dir='ltr'>riori,</span> <span class='ocrx_word' id='word_1_264' title='bbox 2971 507 3035 566; x_wconf 91' lang='lat' dir='ltr'>et</span> <span class='ocrx_word' id='word_1_265' title='bbox 3064 500 3368 589; x_wconf 86' lang='lat' dir='ltr'>potentia</span> <span class='ocrx_word' id='word_1_266' title='bbox 3403 522 3537 590; x_wconf 85' lang='lat' dir='ltr'>qua</span> <span class='ocrx_word' id='word_1_267' title='bbox 3577 502 3986 570; x_wconf 88' lang='lat' dir='ltr'>mirabiliter</span> <span class='ocrx_word' id='word_1_268' title='bbox 4041 505 4214 594; x_wconf 82' lang='lat' dir='ltr'>regit</span> <span class='ocrx_word' id='word_1_269' title='bbox 4242 513 4307 572; x_wconf 89' lang='lat' dir='ltr'>et</span> 
     </span>
     <span class='ocr_line' id='line_1_44' title="bbox 2748 605 4301 698; baseline -0.001 -26"><span class='ocrx_word' id='word_1_270' title='bbox 2748 606 3017 672; x_wconf 88' lang='lat' dir='ltr'>ordinat</span> <span class='ocrx_word' id='word_1_271' title='bbox 3076 605 3425 684; x_wconf 78' lang='lat' dir='ltr'>interiora,</span> <span class='ocrx_word' id='word_1_272' title='bbox 3481 606 3601 691; x_wconf 87' lang='lat' dir='ltr'>ibi,</span> <span class='ocrx_word' id='word_1_273' title='bbox 3654 611 3750 675; x_wconf 87' lang='lat' dir='ltr'>Et</span> <span class='ocrx_word' id='word_1_274' title='bbox 3819 611 4227 698; x_wconf 84' lang='lat' dir='ltr'>potentiam.</span> <span class='ocrx_word' id='word_1_275' title='bbox 4269 636 4301 671; x_wconf 69' lang='lat' dir='ltr'>n</span> 
     </span>
    </p>

    <p class='ocr_par' dir='ltr' id='par_1_9' title="bbox 2737 715 4310 2296">
     <span class='ocr_line' id='line_1_45' title="bbox 2836 715 4308 786; baseline 0.002 -5"><span class='ocrx_word' id='word_1_276' title='bbox 2836 715 2953 782; x_wconf 84' lang='lat' dir='ltr'>Ait</span> <span class='ocrx_word' id='word_1_277' title='bbox 3000 717 3183 782; x_wconf 88' lang='lat' dir='ltr'>enim</span> <span class='ocrx_word' id='word_1_278' title='bbox 3228 739 3242 782; x_wconf 92' lang='lat'>:</span> <span class='ocrx_word' id='word_1_279' title='bbox 3301 715 3416 785; x_wconf 86' lang='lat' dir='ltr'>Sic</span> <span class='ocrx_word' id='word_1_280' title='bbox 3493 717 4004 786; x_wconf 84' lang='lat' dir='ltr'>confitebuntur</span> <span class='ocrx_word' id='word_1_281' title='bbox 4054 719 4308 785; x_wconf 87' lang='lat' dir='ltr'>sancti-</span> 
     </span>
     <span class='ocr_line' id='line_1_46' title="bbox 2744 824 4306 915; baseline 0.001 -25"><span class='ocrx_word' id='word_1_282' title='bbox 2744 824 2860 890; x_wconf 86' lang='lat' dir='ltr'>tati</span> <span class='ocrx_word' id='word_1_283' title='bbox 2897 831 3029 891; x_wconf 85' lang='lat' dir='ltr'>tuae</span> <span class='ocrx_word' id='word_1_284' title='bbox 3062 825 3296 892; x_wconf 88' lang='lat' dir='ltr'>omnia</span> <span class='ocrx_word' id='word_1_285' title='bbox 3328 847 3535 915; x_wconf 89' lang='lat' dir='ltr'>opera</span> <span class='ocrx_word' id='word_1_286' title='bbox 3575 833 3716 904; x_wconf 86' lang='lat' dir='ltr'>tua,</span> <span class='ocrx_word' id='word_1_287' title='bbox 3769 825 4085 894; x_wconf 86' lang='lat' dir='ltr'>homines</span> <span class='ocrx_word' id='word_1_288' title='bbox 4133 825 4306 894; x_wconf 86' lang='lat' dir='ltr'>scili-</span> 
     </span>
     <span class='ocr_line' id='line_1_47' title="bbox 2744 931 4302 1022; baseline 0 -23"><span class='ocrx_word' id='word_1_289' title='bbox 2744 939 2847 999; x_wconf 91' lang='lat' dir='ltr'>cet</span> <span class='ocrx_word' id='word_1_290' title='bbox 2871 938 2937 998; x_wconf 92' lang='lat' dir='ltr'>et</span> <span class='ocrx_word' id='word_1_291' title='bbox 2958 931 3231 1021; x_wconf 83' lang='lat' dir='ltr'>Angeli,</span> <span class='ocrx_word' id='word_1_292' title='bbox 3257 941 3322 999; x_wconf 89' lang='lat' dir='ltr'>et</span> <span class='ocrx_word' id='word_1_293' title='bbox 3354 933 3695 1022; x_wconf 79' lang='lat' dir='ltr'>praecipue</span> <span class='ocrx_word' id='word_1_294' title='bbox 3721 931 3981 1013; x_wconf 85' lang='lat' dir='ltr'>Sancti,</span> <span class='ocrx_word' id='word_1_295' title='bbox 4017 941 4083 1001; x_wconf 87' lang='lat' dir='ltr'>et</span> <span class='ocrx_word' id='word_1_296' title='bbox 4103 935 4302 1000; x_wconf 89' lang='lat' dir='ltr'>etiam</span> 
     </span>
     <span class='ocr_line' id='line_1_48' title="bbox 2747 1039 4306 1132; baseline 0.002 -27"><span class='ocrx_word' id='word_1_297' title='bbox 2747 1039 3049 1107; x_wconf 80' lang='lat' dir='ltr'>volentes</span> <span class='ocrx_word' id='word_1_298' title='bbox 3079 1047 3143 1107; x_wconf 87' lang='lat' dir='ltr'>te</span> <span class='ocrx_word' id='word_1_299' title='bbox 3174 1063 3255 1107; x_wconf 86' lang='lat' dir='ltr'>ex</span> <span class='ocrx_word' id='word_1_300' title='bbox 3286 1039 3721 1107; x_wconf 87' lang='lat' dir='ltr'>mirabilibus</span> <span class='ocrx_word' id='word_1_301' title='bbox 3753 1040 4055 1119; x_wconf 85' lang='lat' dir='ltr'>laudare,</span> <span class='ocrx_word' id='word_1_302' title='bbox 4094 1065 4125 1106; x_wconf 74' lang='grc' dir='ltr'><strong>α</strong></span> <span class='ocrx_word' id='word_1_303' title='bbox 4157 1040 4306 1132; x_wconf 78' lang='lat' dir='ltr'>qlo-</span> 
     </span>
     <span class='ocr_line' id='line_1_49' title="bbox 2745 1145 4298 1236; baseline 0.001 -24"><span class='ocrx_word' id='word_1_304' title='bbox 2745 1146 2924 1213; x_wconf 87' lang='lat' dir='ltr'>riam</span> <span class='ocrx_word' id='word_1_305' title='bbox 2963 1147 3158 1236; x_wconf 76' lang='lat' dir='ltr'>reqni</span> <span class='ocrx_word' id='word_1_306' title='bbox 3223 1149 3351 1223; x_wconf 84' lang='lat' dir='ltr'>tui,</span> <span class='ocrx_word' id='word_1_307' title='bbox 3418 1171 3452 1213; x_wconf 69' lang='grc' dir='ltr'>ι»</span> <span class='ocrx_word' id='word_1_308' title='bbox 3525 1169 3734 1236; x_wconf 90' lang='lat' dir='ltr'>quam</span> <span class='ocrx_word' id='word_1_309' title='bbox 3811 1146 3933 1214; x_wconf 83' lang='lat' dir='ltr'>das</span> <span class='ocrx_word' id='word_1_310' title='bbox 3998 1145 4298 1223; x_wconf 80' lang='lat' dir='ltr'>salvatis,</span> 
     </span>
     <span class='ocr_line' id='line_1_50' title="bbox 2749 1251 4304 1334; baseline 0.003 -18"><span class='ocrx_word' id='word_1_311' title='bbox 2749 1278 2784 1316; x_wconf 74' lang='grc' dir='ltr'><strong>α</strong></span> <span class='ocrx_word' id='word_1_312' title='bbox 2811 1252 3058 1321; x_wconf 85' lang='lat' dir='ltr'>dicent.</span> <span class='ocrx_word' id='word_1_313' title='bbox 3091 1277 3118 1314; x_wconf 77' lang='grc' dir='ltr'>ι</span> <span class='ocrx_word' id='word_1_314' title='bbox 3174 1251 3505 1323; x_wconf 88' lang='lat' dir='ltr'>Proverb.</span> <span class='ocrx_word' id='word_1_315' title='bbox 3538 1275 3635 1334; x_wconf 85' lang='grc' dir='ltr'>ιιι,</span> <span class='ocrx_word' id='word_1_316' title='bbox 3671 1253 3755 1323; x_wconf 76' lang='lat'>35</span> <span class='ocrx_word' id='word_1_317' title='bbox 3784 1275 3798 1320; x_wconf 76' lang='grc' dir='ltr'>ε</span> <span class='ocrx_word' id='word_1_318' title='bbox 3845 1253 4158 1323; x_wconf 86' lang='lat' dir='ltr'>Gloriam</span> <span class='ocrx_word' id='word_1_319' title='bbox 4196 1277 4304 1321; x_wconf 86' lang='lat' dir='ltr'>sa-</span> 
     </span>
     <span class='ocr_line' id='line_1_51' title="bbox 2737 1360 4305 1452; baseline 0.002 -26"><span class='ocrx_word' id='word_1_320' title='bbox 2737 1360 2998 1452; x_wconf 79' lang='lat' dir='ltr'>pientes</span> <span class='ocrx_word' id='word_1_321' title='bbox 3022 1360 3494 1450; x_wconf 85' lang='lat' dir='ltr'>possidebunt.</span> <span class='ocrx_word' id='word_1_322' title='bbox 3541 1360 3799 1430; x_wconf 89' lang='lat' dir='ltr'>Omnes</span> <span class='ocrx_word' id='word_1_323' title='bbox 3826 1361 4026 1429; x_wconf 82' lang='lat' dir='ltr'>&#39;enim</span> <span class='ocrx_word' id='word_1_324' title='bbox 4058 1361 4305 1429; x_wconf 91' lang='lat' dir='ltr'>Domi-</span> 
     </span>
     <span class='ocr_line' id='line_1_52' title="bbox 2745 1465 4298 1561; baseline 0 -27"><span class='ocrx_word' id='word_1_325' title='bbox 2745 1489 2873 1534; x_wconf 85' lang='lat' dir='ltr'>nus</span> <span class='ocrx_word' id='word_1_326' title='bbox 2911 1465 3250 1556; x_wconf 87' lang='lat' dir='ltr'>gloriosos</span> <span class='ocrx_word' id='word_1_327' title='bbox 3292 1490 3485 1559; x_wconf 88' lang='lat' dir='ltr'>reges</span> <span class='ocrx_word' id='word_1_328' title='bbox 3515 1467 3696 1537; x_wconf 77' lang='lat' dir='ltr'>facit.</span> <span class='ocrx_word' id='word_1_329' title='bbox 3726 1467 4034 1561; x_wconf 86' lang='lat' dir='ltr'>Sapient.</span> <span class='ocrx_word' id='word_1_330' title='bbox 4068 1492 4137 1550; x_wconf 88' lang='lat' dir='ltr'>v,</span> <span class='ocrx_word' id='word_1_331' title='bbox 4178 1470 4298 1537; x_wconf 84' lang='lat'>17:</span> 
     </span>
     <span class='ocr_line' id='line_1_53' title="bbox 2744 1577 4305 1668; baseline 0.001 -24"><span class='ocrx_word' id='word_1_332' title='bbox 2744 1577 3093 1667; x_wconf 79' lang='lat' dir='ltr'>Accipient</span> <span class='ocrx_word' id='word_1_333' title='bbox 3141 1599 3431 1668; x_wconf 76' lang='lat' dir='ltr'>reqnum</span> <span class='ocrx_word' id='word_1_334' title='bbox 3508 1578 3797 1658; x_wconf 85' lang='lat' dir='ltr'>decoris,</span> <span class='ocrx_word' id='word_1_335' title='bbox 3860 1588 3924 1646; x_wconf 89' lang='lat' dir='ltr'>et</span> <span class='ocrx_word' id='word_1_336' title='bbox 3982 1578 4305 1647; x_wconf 85' lang='lat' dir='ltr'>diadema</span> 
     </span>
     <span class='ocr_line' id='line_1_54' title="bbox 2743 1683 4307 1773; baseline 0.003 -25"><span class='ocrx_word' id='word_1_337' title='bbox 2743 1683 2988 1773; x_wconf 88' lang='lat' dir='ltr'>speciei</span> <span class='ocrx_word' id='word_1_338' title='bbox 3028 1683 3110 1750; x_wconf 86' lang='lat' dir='ltr'>de</span> <span class='ocrx_word' id='word_1_339' title='bbox 3164 1706 3378 1750; x_wconf 80' lang='lat' dir='ltr'>manu</span> <span class='ocrx_word' id='word_1_340' title='bbox 3453 1685 3766 1752; x_wconf 88' lang='lat' dir='ltr'>Domini.</span> <span class='ocrx_word' id='word_1_341' title='bbox 3842 1683 4111 1765; x_wconf 84' lang='lat' dir='ltr'>Esther,</span> <span class='ocrx_word' id='word_1_342' title='bbox 4164 1708 4211 1764; x_wconf 90' lang='lat'>1,</span> <span class='ocrx_word' id='word_1_343' title='bbox 4269 1689 4307 1753; x_wconf 83' lang='lat'><strong>2</strong></span> 
     </span>
     <span class='ocr_line' id='line_1_55' title="bbox 2744 1791 4308 1885; baseline 0.001 -26"><span class='ocrx_word' id='word_1_344' title='bbox 2744 1797 2811 1859; x_wconf 88' lang='lat' dir='ltr'>et</span> <span class='ocrx_word' id='word_1_345' title='bbox 2839 1813 3015 1881; x_wconf 68' lang='lat' dir='ltr'>seq„</span> <span class='ocrx_word' id='word_1_346' title='bbox 3049 1791 3389 1861; x_wconf 85' lang='lat' dir='ltr'>Assuerus</span> <span class='ocrx_word' id='word_1_347' title='bbox 3428 1794 3595 1873; x_wconf 80' lang='lat' dir='ltr'>fecit</span> <span class='ocrx_word' id='word_1_348' title='bbox 3616 1793 3889 1885; x_wconf 75' lang='lat' dir='ltr'>yrande</span> <span class='ocrx_word' id='word_1_349' title='bbox 3922 1794 4308 1862; x_wconf 85' lang='lat' dir='ltr'>convivium</span> 
     </span>
     <span class='ocr_line' id='line_1_56' title="bbox 2747 1902 4307 1996; baseline 0.003 -28"><span class='ocrx_word' id='word_1_350' title='bbox 2747 1903 3008 1969; x_wconf 87' lang='lat' dir='ltr'>cunctis</span> <span class='ocrx_word' id='word_1_351' title='bbox 3038 1902 3478 1995; x_wconf 83' lang='lat' dir='ltr'>principibus</span> <span class='ocrx_word' id='word_1_352' title='bbox 3530 1911 3596 1972; x_wconf 88' lang='lat' dir='ltr'>et</span> <span class='ocrx_word' id='word_1_353' title='bbox 3653 1904 3893 1996; x_wconf 85' lang='lat' dir='ltr'>pueris</span> <span class='ocrx_word' id='word_1_354' title='bbox 3942 1905 4198 1984; x_wconf 87' lang='lat' dir='ltr'>suis,...</span> <span class='ocrx_word' id='word_1_355' title='bbox 4233 1916 4307 1974; x_wconf 83' lang='lat' dir='ltr'>ut</span> 
     </span>
     <span class='ocr_line' id='line_1_57' title="bbox 2746 2008 4310 2103; baseline 0.001 -25"><span class='ocrx_word' id='word_1_356' title='bbox 2746 2008 3122 2078; x_wconf 80' lang='lat' dir='ltr'>ostenderet</span> <span class='ocrx_word' id='word_1_357' title='bbox 3160 2009 3442 2079; x_wconf 84' lang='lat' dir='ltr'>divitias</span> <span class='ocrx_word' id='word_1_358' title='bbox 3506 2011 3756 2102; x_wconf 75' lang='lat' dir='ltr'>qloriae</span> <span class='ocrx_word' id='word_1_359' title='bbox 3802 2012 4001 2103; x_wconf 75' lang='lat' dir='ltr'>reyni</span> <span class='ocrx_word' id='word_1_360' title='bbox 4040 2012 4178 2093; x_wconf 89' lang='lat' dir='ltr'>sui,</span> <span class='ocrx_word' id='word_1_361' title='bbox 4230 2036 4310 2081; x_wconf 89' lang='lat' dir='ltr'>ac</span> 
     </span>
     <span class='ocr_line' id='line_1_58' title="bbox 2746 2117 4310 2212; baseline 0.003 -28"><span class='ocrx_word' id='word_1_362' title='bbox 2746 2117 3326 2208; x_wconf 77' lang='lat' dir='ltr'>maqnitudinem,</span> <span class='ocrx_word' id='word_1_363' title='bbox 3361 2126 3573 2210; x_wconf 86' lang='lat' dir='ltr'>atque</span> <span class='ocrx_word' id='word_1_364' title='bbox 3586 2118 4020 2208; x_wconf 83' lang='lat' dir='ltr'>jactantiam</span> <span class='ocrx_word' id='word_1_365' title='bbox 4073 2131 4310 2212; x_wconf 85' lang='lat' dir='ltr'>poten-</span> 
     </span>
     <span class='ocr_line' id='line_1_59' title="bbox 2746 2229 3057 2296; baseline 0.01 -3"><span class='ocrx_word' id='word_1_366' title='bbox 2746 2229 2858 2296; x_wconf 78' lang='lat' dir='ltr'>tiae</span> <span class='ocrx_word' id='word_1_367' title='bbox 2892 2250 3057 2296; x_wconf 75' lang='lat' dir='ltr'>suae.</span> 
     </span>
    </p>

    <p class='ocr_par' dir='ltr' id='par_1_10' title="bbox 2742 2339 4308 2966">
     <span class='ocr_line' id='line_1_60' title="bbox 2827 2339 4308 2431; baseline 0.003 -28"><span class='ocrx_word' id='word_1_368' title='bbox 2827 2363 2873 2402; x_wconf 84' lang='lat'>.«</span> <span class='ocrx_word' id='word_1_369' title='bbox 2935 2339 3030 2405; x_wconf 86' lang='lat' dir='ltr'>Et</span> <span class='ocrx_word' id='word_1_370' title='bbox 3071 2341 3459 2430; x_wconf 88' lang='lat' dir='ltr'>potentiam</span> <span class='ocrx_word' id='word_1_371' title='bbox 3501 2349 3727 2423; x_wconf 83' lang='lat' dir='ltr'>tuam,</span> <span class='ocrx_word' id='word_1_372' title='bbox 3764 2364 3798 2406; x_wconf 70' lang='grc' dir='ltr'>ι»</span> <span class='ocrx_word' id='word_1_373' title='bbox 3844 2362 3980 2431; x_wconf 88' lang='lat' dir='ltr'>qua</span> <span class='ocrx_word' id='word_1_374' title='bbox 4006 2340 4186 2431; x_wconf 83' lang='lat' dir='ltr'>regis</span> <span class='ocrx_word' id='word_1_375' title='bbox 4242 2348 4308 2409; x_wconf 86' lang='lat' dir='ltr'>et</span> 
     </span>
     <span class='ocr_line' id='line_1_61' title="bbox 2746 2443 4307 2538; baseline -0.001 -24"><span class='ocrx_word' id='word_1_376' title='bbox 2746 2443 3021 2514; x_wconf 83' lang='lat' dir='ltr'>ordinas</span> <span class='ocrx_word' id='word_1_377' title='bbox 3063 2445 3325 2527; x_wconf 90' lang='lat' dir='ltr'>omnia,</span> <span class='ocrx_word' id='word_1_378' title='bbox 3353 2469 3493 2515; x_wconf 90' lang='lat' dir='ltr'>non</span> <span class='ocrx_word' id='word_1_379' title='bbox 3525 2446 3754 2516; x_wconf 91' lang='lat' dir='ltr'>solum</span> <span class='ocrx_word' id='word_1_380' title='bbox 3785 2449 4166 2538; x_wconf 88' lang='lat' dir='ltr'>superiora,</span> <span class='ocrx_word' id='word_1_381' title='bbox 4188 2446 4307 2515; x_wconf 87' lang='lat' dir='ltr'>sed</span> 
     </span>
     <span class='ocr_line' id='line_1_62' title="bbox 2744 2554 4306 2647; baseline 0.003 -26"><span class='ocrx_word' id='word_1_382' title='bbox 2744 2554 2949 2621; x_wconf 88' lang='lat' dir='ltr'>etiam</span> <span class='ocrx_word' id='word_1_383' title='bbox 2983 2554 3328 2634; x_wconf 82' lang='lat' dir='ltr'>interiora,</span> <span class='ocrx_word' id='word_1_384' title='bbox 3370 2582 3402 2618; x_wconf 89' lang='lat'>«</span> <span class='ocrx_word' id='word_1_385' title='bbox 3440 2554 3833 2647; x_wconf 86' lang='lat' dir='ltr'>loquentur.</span> <span class='ocrx_word' id='word_1_386' title='bbox 3873 2580 3907 2622; x_wconf 71' lang='grc' dir='ltr'>ι»</span> <span class='ocrx_word' id='word_1_387' title='bbox 3945 2555 4193 2646; x_wconf 81' lang='lat' dir='ltr'>Supra,</span> <span class='ocrx_word' id='word_1_388' title='bbox 4236 2557 4306 2625; x_wconf 89' lang='lat' dir='ltr'>in</span> 
     </span>
     <span class='ocr_line' id='line_1_63' title="bbox 2743 2660 4307 2755; baseline 0.001 -27"><span class='ocrx_word' id='word_1_389' title='bbox 2743 2660 2927 2729; x_wconf 89' lang='lat' dir='ltr'>Psal.</span> <span class='ocrx_word' id='word_1_390' title='bbox 2990 2685 3096 2744; x_wconf 89' lang='lat' dir='ltr'>cv,</span> <span class='ocrx_word' id='word_1_391' title='bbox 3158 2664 3198 2729; x_wconf 82' lang='lat'>2</span> <span class='ocrx_word' id='word_1_392' title='bbox 3246 2685 3261 2730; x_wconf 73' lang='grc' dir='ltr'>ε</span> <span class='ocrx_word' id='word_1_393' title='bbox 3347 2664 3520 2748; x_wconf 82' lang='lat' dir='ltr'>Quis</span> <span class='ocrx_word' id='word_1_394' title='bbox 3590 2664 3914 2754; x_wconf 85' lang='lat' dir='ltr'>loquetur</span> <span class='ocrx_word' id='word_1_395' title='bbox 3960 2665 4307 2755; x_wconf 86' lang='lat' dir='ltr'>potentias</span> 
     </span>
     <span class='ocr_line' id='line_1_64' title="bbox 2743 2769 4308 2860; baseline -0.001 -23"><span class='ocrx_word' id='word_1_396' title='bbox 2743 2769 3055 2849; x_wconf 88' lang='lat' dir='ltr'>Domini,</span> <span class='ocrx_word' id='word_1_397' title='bbox 3120 2770 3402 2838; x_wconf 84' lang='lat' dir='ltr'>auditas</span> <span class='ocrx_word' id='word_1_398' title='bbox 3455 2770 3671 2860; x_wconf 81' lang='lat' dir='ltr'>saciet</span> <span class='ocrx_word' id='word_1_399' title='bbox 3756 2792 3990 2839; x_wconf 88' lang='lat' dir='ltr'>omnes</span> <span class='ocrx_word' id='word_1_400' title='bbox 4068 2769 4308 2838; x_wconf 86' lang='lat' dir='ltr'>laudes</span> 
     </span>
     <span class='ocr_line' id='line_1_65' title="bbox 2742 2874 2975 2966; baseline 0.013 -24"><span class='ocrx_word' id='word_1_401' title='bbox 2742 2875 2899 2966; x_wconf 82' lang='lat' dir='ltr'>ejus</span> <span class='ocrx_word' id='word_1_402' title='bbox 2931 2874 2975 2944; x_wconf 72' lang='grc' dir='ltr'><em>Ρ</em></span> 
     </span>
    </p>
   </div>
   <div class='ocr_carea' id='block_1_6' title="bbox 2742 3209 4310 5031">
    <p class='ocr_par' dir='ltr' id='par_1_11' title="bbox 2742 3209 4303 3950">
     <span class='ocr_line' id='line_1_66' title="bbox 2835 3209 4303 3304; baseline 0.005 -31"><span class='ocrx_word' id='word_1_403' title='bbox 2835 3232 2870 3273; x_wconf 70' lang='grc' dir='ltr'><strong>α</strong></span> <span class='ocrx_word' id='word_1_404' title='bbox 2920 3209 3009 3278; x_wconf 88' lang='lat' dir='ltr'>Ut</span> <span class='ocrx_word' id='word_1_405' title='bbox 3036 3216 3274 3277; x_wconf 87' lang='lat' dir='ltr'>notam</span> <span class='ocrx_word' id='word_1_406' title='bbox 3338 3211 3637 3299; x_wconf 76' lang='lat' dir='ltr'>saciant.</span> <span class='ocrx_word' id='word_1_407' title='bbox 3713 3236 3747 3278; x_wconf 71' lang='grc' dir='ltr'>ι»</span> <span class='ocrx_word' id='word_1_408' title='bbox 3818 3211 3947 3281; x_wconf 85' lang='lat' dir='ltr'>Hic</span> <span class='ocrx_word' id='word_1_409' title='bbox 4011 3212 4303 3304; x_wconf 83' lang='lat' dir='ltr'>explicat</span> 
     </span>
     <span class='ocr_line' id='line_1_67' title="bbox 2745 3312 4300 3406; baseline 0.005 -26"><span class='ocrx_word' id='word_1_410' title='bbox 2745 3312 2924 3403; x_wconf 88' lang='lat' dir='ltr'>quod</span> <span class='ocrx_word' id='word_1_411' title='bbox 2973 3316 3265 3406; x_wconf 86' lang='lat' dir='ltr'>pertinet</span> <span class='ocrx_word' id='word_1_412' title='bbox 3306 3315 3391 3384; x_wconf 90' lang='lat' dir='ltr'>ad</span> <span class='ocrx_word' id='word_1_413' title='bbox 3448 3324 3723 3386; x_wconf 86' lang='lat' dir='ltr'>sextum</span> <span class='ocrx_word' id='word_1_414' title='bbox 3768 3341 3783 3386; x_wconf 91' lang='lat'><strong>:</strong></span> <span class='ocrx_word' id='word_1_415' title='bbox 3847 3317 3932 3386; x_wconf 87' lang='lat' dir='ltr'>ad</span> <span class='ocrx_word' id='word_1_416' title='bbox 3979 3318 4300 3387; x_wconf 83' lang='lat' dir='ltr'>virtutem</span> 
     </span>
     <span class='ocr_line' id='line_1_68' title="bbox 2745 3421 4302 3517; baseline 0.004 -26"><span class='ocrx_word' id='word_1_417' title='bbox 2745 3422 2928 3491; x_wconf 88' lang='lat' dir='ltr'>enim</span> <span class='ocrx_word' id='word_1_418' title='bbox 2966 3421 3246 3491; x_wconf 90' lang='lat' dir='ltr'>Domini</span> <span class='ocrx_word' id='word_1_419' title='bbox 3287 3422 3663 3494; x_wconf 88' lang='lat' dir='ltr'>terribilem</span> <span class='ocrx_word' id='word_1_420' title='bbox 3702 3426 3998 3516; x_wconf 88' lang='lat' dir='ltr'>pertinet</span> <span class='ocrx_word' id='word_1_421' title='bbox 4044 3426 4302 3517; x_wconf 83' lang='lat' dir='ltr'>agnitio</span> 
     </span>
     <span class='ocr_line' id='line_1_69' title="bbox 2744 3531 4296 3626; baseline 0.002 -26"><span class='ocrx_word' id='word_1_422' title='bbox 2744 3532 3067 3622; x_wconf 82' lang='lat' dir='ltr'>potentioe</span> <span class='ocrx_word' id='word_1_423' title='bbox 3118 3531 3485 3623; x_wconf 82' lang='lat' dir='ltr'>affligentis</span> <span class='ocrx_word' id='word_1_424' title='bbox 3534 3556 3656 3624; x_wconf 89' lang='lat' dir='ltr'>per</span> <span class='ocrx_word' id='word_1_425' title='bbox 3707 3556 3984 3626; x_wconf 84' lang='lat' dir='ltr'>poenam</span> <span class='ocrx_word' id='word_1_426' title='bbox 4033 3557 4296 3605; x_wconf 83' lang='lat' dir='ltr'>sensus.</span> 
     </span>
     <span class='ocr_line' id='line_1_70' title="bbox 2743 3636 4299 3733; baseline 0.003 -26"><span class='ocrx_word' id='word_1_427' title='bbox 2743 3638 2829 3708; x_wconf 87' lang='lat' dir='ltr'>Et</span> <span class='ocrx_word' id='word_1_428' title='bbox 2864 3636 3010 3707; x_wconf 78' lang='lat' dir='ltr'>hoec</span> <span class='ocrx_word' id='word_1_429' title='bbox 3059 3639 3362 3729; x_wconf 78' lang='lat' dir='ltr'>tangitur</span> <span class='ocrx_word' id='word_1_430' title='bbox 3406 3641 3661 3731; x_wconf 78' lang='lat' dir='ltr'>primo,</span> <span class='ocrx_word' id='word_1_431' title='bbox 3715 3640 3804 3709; x_wconf 89' lang='lat' dir='ltr'>Et</span> <span class='ocrx_word' id='word_1_432' title='bbox 3842 3662 3967 3732; x_wconf 88' lang='lat' dir='ltr'>per</span> <span class='ocrx_word' id='word_1_433' title='bbox 4026 3664 4299 3733; x_wconf 84' lang='lat' dir='ltr'>poenam</span> 
     </span>
     <span class='ocr_line' id='line_1_71' title="bbox 2742 3745 4300 3843; baseline -0.001 -23"><span class='ocrx_word' id='word_1_434' title='bbox 2742 3750 3001 3833; x_wconf 89' lang='lat' dir='ltr'>damni,</span> <span class='ocrx_word' id='word_1_435' title='bbox 3036 3754 3101 3816; x_wconf 87' lang='lat' dir='ltr'>et</span> <span class='ocrx_word' id='word_1_436' title='bbox 3122 3745 3267 3817; x_wconf 81' lang='lat' dir='ltr'>haee</span> <span class='ocrx_word' id='word_1_437' title='bbox 3295 3748 3626 3829; x_wconf 87' lang='lat' dir='ltr'>secund0,</span> <span class='ocrx_word' id='word_1_438' title='bbox 3659 3748 3783 3836; x_wconf 90' lang='lat' dir='ltr'>ibi,</span> <span class='ocrx_word' id='word_1_439' title='bbox 3821 3777 3856 3815; x_wconf 75' lang='grc' dir='ltr'><strong>α</strong></span> <span class='ocrx_word' id='word_1_440' title='bbox 3877 3752 3975 3820; x_wconf 83' lang='lat' dir='ltr'>Et</span> <span class='ocrx_word' id='word_1_441' title='bbox 3997 3750 4300 3843; x_wconf 75' lang='lat' dir='ltr'>yloriam</span> 
     </span>
     <span class='ocr_line' id='line_1_72' title="bbox 2744 3856 3370 3950; baseline -0.01 -21"><span class='ocrx_word' id='word_1_442' title='bbox 2744 3856 3296 3950; x_wconf 76' lang='lat' dir='ltr'>maqnificentioe.</span> <span class='ocrx_word' id='word_1_443' title='bbox 3336 3881 3370 3923; x_wconf 69' lang='grc' dir='ltr'>ι»</span> 
     </span>
    </p>

    <p class='ocr_par' dir='ltr' id='par_1_12' title="bbox 2743 3962 4310 5031">
     <span class='ocr_line' id='line_1_73' title="bbox 2836 3962 4305 4059; baseline 0.001 -26"><span class='ocrx_word' id='word_1_444' title='bbox 2836 3965 3016 4035; x_wconf 87' lang='lat' dir='ltr'>Dicit</span> <span class='ocrx_word' id='word_1_445' title='bbox 3061 3986 3275 4055; x_wconf 85' lang='lat' dir='ltr'>ergo:</span> <span class='ocrx_word' id='word_1_446' title='bbox 3343 3962 3461 4034; x_wconf 86' lang='lat' dir='ltr'>Sic</span> <span class='ocrx_word' id='word_1_447' title='bbox 3509 3964 3763 4045; x_wconf 87' lang='lat' dir='ltr'>dicent,</span> <span class='ocrx_word' id='word_1_448' title='bbox 3823 3973 3893 4035; x_wconf 88' lang='lat' dir='ltr'>et</span> <span class='ocrx_word' id='word_1_449' title='bbox 3935 3964 4305 4059; x_wconf 88' lang='lat' dir='ltr'>loquentur</span> 
     </span>
     <span class='ocr_line' id='line_1_74' title="bbox 2746 4072 4302 4167; baseline -0.001 -24"><span class='ocrx_word' id='word_1_450' title='bbox 2746 4097 2897 4167; x_wconf 82' lang='lat' dir='ltr'>quae</span> <span class='ocrx_word' id='word_1_451' title='bbox 2943 4073 3283 4166; x_wconf 87' lang='lat' dir='ltr'>pertinent</span> <span class='ocrx_word' id='word_1_452' title='bbox 3341 4072 3427 4141; x_wconf 88' lang='lat' dir='ltr'>ad</span> <span class='ocrx_word' id='word_1_453' title='bbox 3475 4074 3947 4165; x_wconf 87' lang='lat' dir='ltr'>operationem</span> <span class='ocrx_word' id='word_1_454' title='bbox 4021 4074 4302 4144; x_wconf 87' lang='lat' dir='ltr'>mirabi-</span> 
     </span>
     <span class='ocr_line' id='line_1_75' title="bbox 2745 4179 4302 4262; baseline 0.001 -11"><span class='ocrx_word' id='word_1_455' title='bbox 2745 4182 2915 4251; x_wconf 91' lang='lat' dir='ltr'>lium</span> <span class='ocrx_word' id='word_1_456' title='bbox 2961 4204 2977 4250; x_wconf 87' lang='lat'>:</span> <span class='ocrx_word' id='word_1_457' title='bbox 3022 4188 3089 4250; x_wconf 92' lang='lat' dir='ltr'>et</span> <span class='ocrx_word' id='word_1_458' title='bbox 3117 4179 3278 4262; x_wconf 89' lang='lat' dir='ltr'>hoc,</span> <span class='ocrx_word' id='word_1_459' title='bbox 3326 4204 3361 4245; x_wconf 71' lang='grc' dir='ltr'>ι</span> <span class='ocrx_word' id='word_1_460' title='bbox 3395 4189 3475 4248; x_wconf 85' lang='lat' dir='ltr'>ut</span> <span class='ocrx_word' id='word_1_461' title='bbox 3502 4206 3539 4244; x_wconf 68' lang='lat' dir='ltr'>n</span> <span class='ocrx_word' id='word_1_462' title='bbox 3606 4179 3897 4250; x_wconf 75' lang='lat' dir='ltr'>ulterius</span> <span class='ocrx_word' id='word_1_463' title='bbox 3964 4206 3999 4247; x_wconf 71' lang='grc' dir='ltr'>ι</span> <span class='ocrx_word' id='word_1_464' title='bbox 4065 4192 4302 4251; x_wconf 88' lang='lat' dir='ltr'>notam</span> 
     </span>
     <span class='ocr_line' id='line_1_76' title="bbox 2743 4286 4308 4380; baseline -0.001 -20"><span class='ocrx_word' id='word_1_465' title='bbox 2743 4290 3016 4380; x_wconf 81' lang='lat' dir='ltr'>saciant</span> <span class='ocrx_word' id='word_1_466' title='bbox 3035 4286 3213 4378; x_wconf 76' lang='lat' dir='ltr'>siliis</span> <span class='ocrx_word' id='word_1_467' title='bbox 3239 4286 3629 4370; x_wconf 76' lang='lat' dir='ltr'>hominum,</span> <span class='ocrx_word' id='word_1_468' title='bbox 3667 4312 3701 4355; x_wconf 69' lang='grc' dir='ltr'>ι</span> <span class='ocrx_word' id='word_1_469' title='bbox 3754 4287 4142 4359; x_wconf 76' lang='lat' dir='ltr'>carnalibus</span> <span class='ocrx_word' id='word_1_470' title='bbox 4170 4292 4308 4360; x_wconf 85' lang='lat' dir='ltr'>sci-</span> 
     </span>
     <span class='ocr_line' id='line_1_77' title="bbox 2746 4396 4299 4489; baseline -0.003 -24"><span class='ocrx_word' id='word_1_471' title='bbox 2746 4397 2925 4480; x_wconf 88' lang='lat' dir='ltr'>licet,</span> <span class='ocrx_word' id='word_1_472' title='bbox 2986 4405 3051 4465; x_wconf 89' lang='lat' dir='ltr'>et</span> <span class='ocrx_word' id='word_1_473' title='bbox 3106 4396 3420 4479; x_wconf 84' lang='lat' dir='ltr'>terrenis,</span> <span class='ocrx_word' id='word_1_474' title='bbox 3476 4421 3512 4464; x_wconf 74' lang='grc' dir='ltr'>ι</span> <span class='ocrx_word' id='word_1_475' title='bbox 3563 4399 3952 4489; x_wconf 86' lang='lat' dir='ltr'>potentiam</span> <span class='ocrx_word' id='word_1_476' title='bbox 3999 4406 4221 4480; x_wconf 85' lang='lat' dir='ltr'>tuam,</span> <span class='ocrx_word' id='word_1_477' title='bbox 4265 4426 4299 4461; x_wconf 67' lang='lat' dir='ltr'>n</span> 
     </span>
     <span class='ocr_line' id='line_1_78' title="bbox 2747 4503 4307 4596; baseline 0.001 -24"><span class='ocrx_word' id='word_1_478' title='bbox 2747 4505 2908 4596; x_wconf 82' lang='lat' dir='ltr'>quia</span> <span class='ocrx_word' id='word_1_479' title='bbox 2936 4504 3223 4572; x_wconf 85' lang='lat' dir='ltr'>miseros</span> <span class='ocrx_word' id='word_1_480' title='bbox 3251 4503 3518 4572; x_wconf 83' lang='lat' dir='ltr'>crucias</span> <span class='ocrx_word' id='word_1_481' title='bbox 3555 4504 3628 4572; x_wconf 90' lang='lat' dir='ltr'>in</span> <span class='ocrx_word' id='word_1_482' title='bbox 3680 4503 3975 4585; x_wconf 80' lang='lat' dir='ltr'>interno,</span> <span class='ocrx_word' id='word_1_483' title='bbox 4027 4514 4095 4574; x_wconf 87' lang='lat' dir='ltr'>et</span> <span class='ocrx_word' id='word_1_484' title='bbox 4126 4504 4307 4575; x_wconf 76' lang='lat' dir='ltr'>afni-</span> 
     </span>
     <span class='ocr_line' id='line_1_79' title="bbox 2746 4612 4298 4703; baseline 0.001 -23"><span class='ocrx_word' id='word_1_485' title='bbox 2746 4614 2851 4702; x_wconf 83' lang='lat' dir='ltr'>gis</span> <span class='ocrx_word' id='word_1_486' title='bbox 2918 4618 3555 4703; x_wconf 88' lang='lat' dir='ltr'>quantumcumque</span> <span class='ocrx_word' id='word_1_487' title='bbox 3628 4617 3944 4701; x_wconf 83' lang='lat' dir='ltr'>potentes</span> <span class='ocrx_word' id='word_1_488' title='bbox 4024 4612 4298 4683; x_wconf 80' lang='lat' dir='ltr'>fuerint.</span> 
     </span>
     <span class='ocr_line' id='line_1_80' title="bbox 2751 4720 4310 4813; baseline -0.001 -21"><span class='ocrx_word' id='word_1_489' title='bbox 2751 4721 3061 4813; x_wconf 86' lang='lat' dir='ltr'>Sapient.</span> <span class='ocrx_word' id='word_1_490' title='bbox 3118 4743 3216 4801; x_wconf 78' lang='lat' dir='ltr'>vt,</span> <span class='ocrx_word' id='word_1_491' title='bbox 3275 4720 3371 4789; x_wconf 86' lang='lat'>7:</span> <span class='ocrx_word' id='word_1_492' title='bbox 3427 4722 3748 4790; x_wconf 83' lang='lat' dir='ltr'>Potentes</span> <span class='ocrx_word' id='word_1_493' title='bbox 3791 4729 4109 4813; x_wconf 84' lang='lat' dir='ltr'>potenter</span> <span class='ocrx_word' id='word_1_494' title='bbox 4160 4732 4310 4792; x_wconf 83' lang='lat' dir='ltr'>tor-</span> 
     </span>
     <span class='ocr_line' id='line_1_81' title="bbox 2747 4827 4309 4922; baseline 0.001 -21"><span class='ocrx_word' id='word_1_495' title='bbox 2747 4840 2977 4901; x_wconf 86' lang='lat' dir='ltr'>menta</span> <span class='ocrx_word' id='word_1_496' title='bbox 3007 4830 3389 4922; x_wconf 83' lang='lat' dir='ltr'>patientur.</span> <span class='ocrx_word' id='word_1_497' title='bbox 3465 4827 3559 4898; x_wconf 89' lang='lat' dir='ltr'>Ut</span> <span class='ocrx_word' id='word_1_498' title='bbox 3621 4836 4027 4911; x_wconf 87' lang='lat' dir='ltr'>terreantur,</span> <span class='ocrx_word' id='word_1_499' title='bbox 4096 4837 4164 4900; x_wconf 89' lang='lat' dir='ltr'>et</span> <span class='ocrx_word' id='word_1_500' title='bbox 4216 4833 4309 4902; x_wconf 88' lang='lat' dir='ltr'>ti-</span> 
     </span>
     <span class='ocr_line' id='line_1_82' title="bbox 2747 4935 4301 5031; baseline -0.001 -24"><span class='ocrx_word' id='word_1_501' title='bbox 2747 4946 2982 5007; x_wconf 87' lang='lat' dir='ltr'>meant</span> <span class='ocrx_word' id='word_1_502' title='bbox 3017 4945 3109 5007; x_wconf 89' lang='lat' dir='ltr'>te.</span> <span class='ocrx_word' id='word_1_503' title='bbox 3153 4935 3319 5005; x_wconf 86' lang='lat' dir='ltr'>Luc.</span> <span class='ocrx_word' id='word_1_504' title='bbox 3353 4958 3475 5016; x_wconf 86' lang='lat' dir='ltr'>xu,</span> <span class='ocrx_word' id='word_1_505' title='bbox 3510 4936 3551 5005; x_wconf 83' lang='lat'>5</span> <span class='ocrx_word' id='word_1_506' title='bbox 3587 4957 3604 5003; x_wconf 90' lang='lat'>:</span> <span class='ocrx_word' id='word_1_507' title='bbox 3661 4936 3917 5006; x_wconf 85' lang='lat' dir='ltr'>Timete</span> <span class='ocrx_word' id='word_1_508' title='bbox 3969 4959 4124 5006; x_wconf 85' lang='lat' dir='ltr'>eum</span> <span class='ocrx_word' id='word_1_509' title='bbox 4153 4941 4301 5031; x_wconf 83' lang='lat' dir='ltr'>qui,</span> 
     </span>
    </p>
   </div>
   <div class='ocr_carea' id='block_1_7' title="bbox 1086 5040 4302 5137">
    <p class='ocr_par' dir='ltr' id='par_1_13' title="bbox 1086 5040 4302 5137">
     <span class='ocr_line' id='line_1_83' title="bbox 1086 5040 4302 5137; baseline -0 -21"><span class='ocrx_word' id='word_1_510' title='bbox 1086 5069 1206 5125; x_wconf 65' lang='grc' dir='ltr'>κν,</span> <span class='ocrx_word' id='word_1_511' title='bbox 1247 5047 1292 5116; x_wconf 89' lang='grc'>9</span> <span class='ocrx_word' id='word_1_512' title='bbox 1327 5066 1343 5112; x_wconf 88' lang='lat'>:</span> <span class='ocrx_word' id='word_1_513' title='bbox 1389 5045 1544 5114; x_wconf 85' lang='lat' dir='ltr'>Non</span> <span class='ocrx_word' id='word_1_514' title='bbox 1574 5054 1670 5114; x_wconf 90' lang='lat' dir='ltr'>est</span> <span class='ocrx_word' id='word_1_515' title='bbox 1695 5045 1995 5137; x_wconf 84' lang='lat' dir='ltr'>speciosa</span> <span class='ocrx_word' id='word_1_516' title='bbox 2025 5044 2184 5113; x_wconf 85' lang='lat' dir='ltr'>laus</span> <span class='ocrx_word' id='word_1_517' title='bbox 2223 5045 2292 5111; x_wconf 86' lang='lat' dir='ltr'>in</span> <span class='ocrx_word' id='word_1_518' title='bbox 2324 5065 2438 5112; x_wconf 86' lang='lat' dir='ltr'>ore</span> <span class='ocrx_word' id='word_1_519' title='bbox 2489 5064 2642 5134; x_wconf 87' lang='lat' dir='ltr'>pec·</span> <span class='ocrx_word' id='word_1_520' title='bbox 2736 5054 3113 5137; x_wconf 77' lang='lat' dir='ltr'>postquam</span> <span class='ocrx_word' id='word_1_521' title='bbox 3186 5041 3534 5121; x_wconf 85' lang='lat' dir='ltr'>occiderit,</span> <span class='ocrx_word' id='word_1_522' title='bbox 3634 5040 3840 5112; x_wconf 75' lang='lat' dir='ltr'>habet</span> <span class='ocrx_word' id='word_1_523' title='bbox 3899 5052 4302 5134; x_wconf 83' lang='lat' dir='ltr'>potestatem</span> 
     </span>
    </p>
   </div>
   <div class='ocr_carea' id='block_1_8' title="bbox 1089 5154 1369 5224">
    <p class='ocr_par' dir='ltr' id='par_1_14' title="bbox 1089 5154 1369 5224">
     <span class='ocr_line' id='line_1_84' title="bbox 1089 5154 1369 5224; baseline -0.007 0"><span class='ocrx_word' id='word_1_524' title='bbox 1089 5154 1369 5224; x_wconf 86' lang='lat' dir='ltr'>catoris.</span> 
     </span>
    </p>
   </div>
   <div class='ocr_carea' id='block_1_9' title="bbox 1190 5467 2645 5563">
    <p class='ocr_par' dir='ltr' id='par_1_15' title="bbox 1190 5467 2645 5563">
     <span class='ocr_line' id='line_1_85' title="bbox 1190 5467 2645 5563; baseline -0.003 -21"><span class='ocrx_word' id='word_1_525' title='bbox 1190 5501 1225 5542; x_wconf 71' lang='grc' dir='ltr'>ι</span> <span class='ocrx_word' id='word_1_526' title='bbox 1262 5475 1579 5546; x_wconf 86' lang='lat' dir='ltr'>Gloriam</span> <span class='ocrx_word' id='word_1_527' title='bbox 1618 5472 1833 5563; x_wconf 79' lang='lat' dir='ltr'>reqni.</span> <span class='ocrx_word' id='word_1_528' title='bbox 1880 5495 1912 5536; x_wconf 76' lang='grc' dir='ltr'>ιι</span> <span class='ocrx_word' id='word_1_529' title='bbox 1955 5469 2082 5539; x_wconf 87' lang='lat' dir='ltr'>llic</span> <span class='ocrx_word' id='word_1_530' title='bbox 2112 5468 2298 5563; x_wconf 88' lang='lat' dir='ltr'>quod</span> <span class='ocrx_word' id='word_1_531' title='bbox 2335 5467 2419 5537; x_wconf 87' lang='lat' dir='ltr'>ad</span> <span class='ocrx_word' id='word_1_532' title='bbox 2449 5467 2645 5561; x_wconf 87' lang='lat' dir='ltr'>quin·</span> 
     </span>
    </p>
   </div>
   <div class='ocr_carea' id='block_1_10' title="bbox 2748 5147 4312 5568">
    <p class='ocr_par' dir='ltr' id='par_1_16' title="bbox 2748 5147 3597 5239">
     <span class='ocr_line' id='line_1_86' title="bbox 2748 5147 3597 5239; baseline -0.005 -20"><span class='ocrx_word' id='word_1_533' title='bbox 2748 5151 3016 5219; x_wconf 82' lang='lat' dir='ltr'>mittere</span> <span class='ocrx_word' id='word_1_534' title='bbox 3052 5150 3124 5217; x_wconf 88' lang='lat' dir='ltr'>in</span> <span class='ocrx_word' id='word_1_535' title='bbox 3149 5147 3560 5239; x_wconf 74' lang='lat' dir='ltr'>qehennam.</span> <span class='ocrx_word' id='word_1_536' title='bbox 3594 5156 3597 5161; x_wconf 57' lang='lat'><strong>⁴</strong></span> 
     </span>
    </p>

    <p class='ocr_par' dir='ltr' id='par_1_17' title="bbox 2748 5255 4312 5568">
     <span class='ocr_line' id='line_1_87' title="bbox 2841 5255 4309 5350; baseline 0.002 -25"><span class='ocrx_word' id='word_1_537' title='bbox 2841 5283 2875 5325; x_wconf 71' lang='grc' dir='ltr'><strong>α</strong></span> <span class='ocrx_word' id='word_1_538' title='bbox 2931 5260 3023 5327; x_wconf 76' lang='grc' dir='ltr'>ΕΙ</span> <span class='ocrx_word' id='word_1_539' title='bbox 3107 5256 3416 5348; x_wconf 75' lang='lat' dir='ltr'>qloriam</span> <span class='ocrx_word' id='word_1_540' title='bbox 3498 5255 4032 5348; x_wconf 75' lang='lat' dir='ltr'>maynificentiae</span> <span class='ocrx_word' id='word_1_541' title='bbox 4112 5261 4309 5350; x_wconf 75' lang='lat' dir='ltr'>requi</span> 
     </span>
     <span class='ocr_line' id='line_1_88' title="bbox 2748 5359 4310 5457; baseline 0.001 -23"><span class='ocrx_word' id='word_1_542' title='bbox 2748 5367 2878 5445; x_wconf 82' lang='lat' dir='ltr'>tui,</span> <span class='ocrx_word' id='word_1_543' title='bbox 2917 5390 2951 5432; x_wconf 71' lang='grc' dir='ltr'>ι»</span> <span class='ocrx_word' id='word_1_544' title='bbox 2987 5387 3194 5457; x_wconf 87' lang='lat' dir='ltr'>quam</span> <span class='ocrx_word' id='word_1_545' title='bbox 3229 5366 3582 5434; x_wconf 87' lang='lat' dir='ltr'>amittunt.</span> <span class='ocrx_word' id='word_1_546' title='bbox 3618 5359 3855 5431; x_wconf 83' lang='lat' dir='ltr'>Gloria</span> <span class='ocrx_word' id='word_1_547' title='bbox 3886 5365 4107 5456; x_wconf 90' lang='lat' dir='ltr'>regni,</span> <span class='ocrx_word' id='word_1_548' title='bbox 4141 5365 4310 5435; x_wconf 88' lang='lat' dir='ltr'>cha-</span> 
     </span>
     <span class='ocr_line' id='line_1_89' title="bbox 2752 5470 4312 5568; baseline -0.003 -22"><span class='ocrx_word' id='word_1_549' title='bbox 2752 5476 2914 5546; x_wconf 90' lang='lat' dir='ltr'>ritas</span> <span class='ocrx_word' id='word_1_550' title='bbox 2936 5475 3126 5568; x_wconf 87' lang='lat' dir='ltr'>regni</span> <span class='ocrx_word' id='word_1_551' title='bbox 3155 5475 3391 5545; x_wconf 85' lang='lat' dir='ltr'>aeterni</span> <span class='ocrx_word' id='word_1_552' title='bbox 3423 5481 3549 5543; x_wconf 85' lang='lat' dir='ltr'>est.</span> <span class='ocrx_word' id='word_1_553' title='bbox 3586 5470 3821 5541; x_wconf 89' lang='lat' dir='ltr'>Gloria</span> <span class='ocrx_word' id='word_1_554' title='bbox 3851 5473 4035 5543; x_wconf 87' lang='lat' dir='ltr'>enim</span> <span class='ocrx_word' id='word_1_555' title='bbox 4064 5473 4312 5545; x_wconf 87' lang='lat' dir='ltr'>dieitur</span> 
     </span>
    </p>
   </div>
   <div class='ocr_carea' id='block_1_11' title="bbox 1097 5575 4309 5788">
    <p class='ocr_par' dir='ltr' id='par_1_18' title="bbox 1097 5575 4309 5788">
     <span class='ocr_line' id='line_1_90' title="bbox 1097 5575 4309 5676; baseline -0.001 -23"><span class='ocrx_word' id='word_1_556' title='bbox 1097 5592 1248 5653; x_wconf 90' lang='lat' dir='ltr'>tum</span> <span class='ocrx_word' id='word_1_557' title='bbox 1275 5580 1505 5651; x_wconf 82' lang='lat' dir='ltr'>locum</span> <span class='ocrx_word' id='word_1_558' title='bbox 1528 5582 1840 5674; x_wconf 81' lang='lat' dir='ltr'>pertinet.</span> <span class='ocrx_word' id='word_1_559' title='bbox 1873 5600 2023 5670; x_wconf 79' lang='lat' dir='ltr'>quae</span> <span class='ocrx_word' id='word_1_560' title='bbox 2039 5584 2198 5646; x_wconf 75' lang='lat' dir='ltr'>sunt</span> <span class='ocrx_word' id='word_1_561' title='bbox 2225 5576 2387 5647; x_wconf 80' lang='lat' dir='ltr'>duo.</span> <span class='ocrx_word' id='word_1_562' title='bbox 2414 5575 2645 5646; x_wconf 73' lang='lat' dir='ltr'>Gloria</span> <span class='ocrx_word' id='word_1_563' title='bbox 2752 5586 2944 5676; x_wconf 87' lang='lat' dir='ltr'>quasi</span> <span class='ocrx_word' id='word_1_564' title='bbox 2969 5584 3217 5666; x_wconf 84' lang='lat' dir='ltr'>cloria,</span> <span class='ocrx_word' id='word_1_565' title='bbox 3251 5584 3427 5652; x_wconf 88' lang='lat' dir='ltr'>sicut</span> <span class='ocrx_word' id='word_1_566' title='bbox 3448 5580 3614 5649; x_wconf 87' lang='lat' dir='ltr'>dicit</span> <span class='ocrx_word' id='word_1_567' title='bbox 3637 5577 3968 5651; x_wconf 81' lang='lat' dir='ltr'>Isidorus.</span> <span class='ocrx_word' id='word_1_568' title='bbox 3994 5580 4097 5651; x_wconf 90' lang='lat' dir='ltr'>lbi</span> <span class='ocrx_word' id='word_1_569' title='bbox 4126 5583 4309 5651; x_wconf 88' lang='lat' dir='ltr'>enim</span> 
     </span>
     <span class='ocr_line' id='line_1_91' title="bbox 1100 5686 4309 5788; baseline -0 -26"><span class='ocrx_word' id='word_1_570' title='bbox 1100 5714 1314 5788; x_wconf 88' lang='lat' dir='ltr'>quam</span> <span class='ocrx_word' id='word_1_571' title='bbox 1360 5689 1637 5761; x_wconf 79' lang='lat' dir='ltr'>exhibet</span> <span class='ocrx_word' id='word_1_572' title='bbox 1665 5693 1734 5761; x_wconf 92' lang='lat' dir='ltr'>in</span> <span class='ocrx_word' id='word_1_573' title='bbox 1772 5710 1979 5782; x_wconf 89' lang='lat' dir='ltr'>regno</span> <span class='ocrx_word' id='word_1_574' title='bbox 2016 5694 2294 5770; x_wconf 65' lang='lat' dir='ltr'>aeterno,</span> <span class='ocrx_word' id='word_1_575' title='bbox 2327 5694 2395 5757; x_wconf 88' lang='lat' dir='ltr'>et</span> <span class='ocrx_word' id='word_1_576' title='bbox 2435 5710 2645 5780; x_wconf 83' lang='lat' dir='ltr'>supe·</span> <span class='ocrx_word' id='word_1_577' title='bbox 2754 5714 2997 5762; x_wconf 84' lang='lat' dir='ltr'>verum</span> <span class='ocrx_word' id='word_1_578' title='bbox 3044 5701 3146 5763; x_wconf 85' lang='lat' dir='ltr'>est</span> <span class='ocrx_word' id='word_1_579' title='bbox 3183 5690 3368 5784; x_wconf 88' lang='lat' dir='ltr'>quod</span> <span class='ocrx_word' id='word_1_580' title='bbox 3411 5689 3684 5772; x_wconf 87' lang='lat' dir='ltr'>dicitur,</span> <span class='ocrx_word' id='word_1_581' title='bbox 3744 5686 3953 5760; x_wconf 67' lang='lat' dir='ltr'>Eccli.</span> <span class='ocrx_word' id='word_1_582' title='bbox 3986 5711 4146 5777; x_wconf 78' lang='lat' dir='ltr'>xm,</span> <span class='ocrx_word' id='word_1_583' title='bbox 4176 5690 4257 5760; x_wconf 81' lang='lat'>16</span> <span class='ocrx_word' id='word_1_584' title='bbox 4291 5712 4309 5761; x_wconf 69' lang='grc' dir='ltr'><strong>ε</strong></span> 
     </span>
    </p>
   </div>
  </div>
 </body>
</html>
