5008 6329
1945 296 2661 375 COMMENTARIUS
2710 293 2806 362 IN
2853 293 3287 364 PSALMUM
3337 293 3513 363 cxl.

1242 499 1275 536 a
1316 475 1471 541 Non·
1501 476 2059 544 commovebitur.
2100 504 2134 539 »
2178 475 2352 542 Ecce
2401 468 2706 537 tertium.

1142 580 1353 661 Quasi
1411 582 1664 653 diceret
1717 607 1732 653 t
1781 582 1897 652 Sic
1945 582 2271 674 sperabit,
2320 581 2389 646 in
2420 576 2552 644 fide
2584 574 2708 641 tir-

1143 712 1296 756 mus
1345 692 1496 772 erit,
1547 701 1615 761 et
1660 695 1867 761 etiam
1940 717 1973 756 «
2041 712 2180 757 non
2245 683 2710 755 commovebi-

1144 805 1282 878 tur,
1329 823 1363 864 n
1401 821 1441 867 a
1478 799 1703 867 stabili
1752 798 2107 878 charitate,
2165 803 2709 888 quantumcum-

1145 928 1275 996 que
1315 906 1431 974 alii
1464 908 1812 976 irrideant.
1863 905 2023 988 Job,
2083 930 2205 986 xn,
2250 907 2290 972 4
2337 927 2352 971 ε
2414 901 2709 973 Deride-

1143 1023 1260 1081 tur
1274 1014 1467 1105 justi
1488 1015 1927 1105 simplicitas.
1964 1015 2051 1083 Et
2088 1015 2379 1098 rideant,
2415 1011 2578 1079 Luc.
2610 1031 2706 1089 vi,

1144 1123 1228 1190 25
1265 1145 1280 1189 ε
1330 1124 1433 1190 Vae
1472 1121 1662 1189 vobis
1713 1123 1836 1213 qui
1875 1123 2115 1191 ridetis
2144 1144 2352 1190 nunc.
2412 1117 2524 1185 Ad
2562 1116 2711 1183 Ro-

1145 1252 1329 1298 man.
1408 1235 1556 1310 viu,
1628 1231 1711 1299 35
1748 1254 1764 1298 ε
1850 1233 2022 1318 Quis
2085 1254 2209 1299 nos
2244 1224 2600 1321 separabit
2665 1246 2709 1289 a

1142 1337 1479 1404 charitate
1512 1338 1830 1408 Christi?
1870 1338 2200 1407 Proverb.
2246 1358 2369 1416 xn,
2405 1335 2442 1403 3
2483 1356 2499 1401 :
2560 1333 2709 1400 Ra-

1141 1443 1269 1510 dia:
1294 1443 1657 1532 justorum
1695 1468 1834 1513 non
1862 1443 2428 1525 commovebitur,
2478 1440 2552 1508 id
2580 1448 2704 1524 est,

1142 1550 1463 1632 charitas,
1499 1554 1658 1644 quia
1688 1555 1760 1621 in
1789 1555 1935 1622 Deo
1971 1554 2308 1621 firmatur.
2342 1549 2554 1618 Eccli.
2586 1572 2704 1629 xv,

1146 1656 1183 1724 3
1230 1658 1716 1727 :Firmabitur
1754 1661 1825 1726 in
1874 1660 2031 1739 illo,
2074 1668 2139 1726 et
2184 1681 2321 1726 non
2362 1657 2701 1745 flectetur.

1143 1763 1326 1834 Psal.
1360 1789 1478 1846 xx,
1520 1768 1560 1835 8
1604 1790 1620 1835 ε
1663 1768 1814 1835 Rea:
1847 1776 2080 1859 sperat
2117 1768 2191 1835 in
2252 1766 2585 1845 Domino,
2646 1772 2709 1831 et

1143 1873 1215 1939 in
1253 1874 1723 1942 misericordia
1753 1875 2105 1944 Altissimi
2139 1897 2280 1943 non
2321 1893 2709 1942 commove-

1143 1976 1352 2046 bitur.

1233 2109 1269 2150 ι
1301 2087 1532 2154 Donec
1569 2084 1905 2177 despiciat
1936 2086 2250 2152 inimicos
2303 2106 2491 2163 suos,
2542 2108 2576 2149 ι
2638 2081 2708 2150 id

1140 2200 1267 2276 est,
1325 2192 1543 2262 donec
1607 2202 1881 2283 tempus
1924 2192 2095 2260 illud
2140 2194 2398 2271 veniet,
2450 2193 2522 2259 in
2569 2214 2704 2282 quo

1139 2300 1467 2393 despiciet
1496 2301 1949 2393 despicientes
1987 2325 2084 2371 se.
2130 2301 2294 2370 Tale
2344 2301 2557 2370 donec
2603 2307 2706 2369 est

1139 2407 1252 2478 hic
1297 2409 1497 2502 quale
1537 2433 1770 2500 supra,
1822 2410 1892 2478 in
1936 2408 2123 2478 Psal.
2158 2432 2294 2491 cut,
2343 2410 2372 2477 1
2415 2431 2432 2478 :
2475 2411 2708 2477 Donec

1126 2540 1393 2610 ponam
1425 2518 1737 2586 inimicos
1766 2529 1944 2588 tuos.
1990 2517 2149 2587 Non
2207 2519 2394 2588 enim
2456 2514 2706 2586 intelli-

1137 2625 1440 2716 gendum
1498 2633 1626 2708 est,
1670 2627 1858 2718 quod
1907 2625 2455 2696 commovendus
2520 2631 2706 2715 post-

1138 2755 1345 2823 quam
1375 2733 1785 2825 despexerit.
1831 2733 1860 2801 1
1889 2734 2115 2803 Paral.
2148 2739 2318 2815 xvi1,
2352 2736 2394 2803 9
2440 2757 2456 2802 ε
2496 2732 2701 2802 Ultra

1137 2863 1275 2909 non
1291 2842 1852 2922 commovebitur,
1886 2842 2186 2936 populus
2214 2865 2413 2912 meus
2439 2839 2694 2911 lsrael:

1137 2973 1256 3018 nec
1288 2949 1437 3040 filii
1464 2951 1859 3043 iniquitatis
1888 2960 2181 3022 atterent
2207 2974 2347 3022 eos.
2391 2949 2530 3020 Sed
2560 2973 2703 3019 ma-

1135 3057 1242 3150 gis
1298 3080 1336 3127 e
1378 3066 1642 3142 contra,
1685 3057 1978 3130 Malach.
2023 3081 2118 3138 xv,
2152 3060 2193 3128 3
2238 3079 2256 3129 ε
2321 3056 2700 3129 Calcabitis

1138 3167 1413 3258 impios,
1446 3191 1602 3236 cum
1629 3168 1899 3259 suerint
1927 3169 2100 3236 cinis
2123 3167 2254 3236 sub
2274 3168 2536 3260 planta
2562 3189 2698 3260 pe-

1134 3274 1304 3344 dum
1334 3285 1738 3345 vestrorum.
1769 3277 1809 3344 J
1817 3286 2010 3345 ustus
2048 3300 2216 3370 ergo
2248 3275 2361 3345 bic
2416 3278 2487 3345 in
2517 3285 2698 3346 terra

1134 3383 1268 3452 fido
1305 3407 1430 3453 sua
1465 3385 1792 3476 pascitur,
1825 3408 1945 3476 spe
1986 3385 2276 3455 tirmiter
2301 3383 2693 3464 roboratur,

1134 3498 1202 3561 et
1232 3489 1558 3560 charitate
1596 3490 1894 3561 carnalis
1923 3493 2479 3585 concupiscentia
2516 3500 2693 3562 tam·

1135 3622 1344 3690 quam
1373 3599 1563 3670 fonte
1602 3602 1906 3693 quodam
1933 3604 2096 3673 vivo
2133 3602 2624 3694 exstinguitur.

1221 3708 1371 3778 lloc
1400 3717 1641 3779 notant
1681 3718 1817 3780 tres
1856 3710 2099 3781 litteroe
2146 3711 2258 3782 bic
2297 3713 2540 3805 positae
2579 3731 2698 3778 or-

1130 3816 1289 3886 dine
1318 3817 1498 3888 dicto
1543 3841 1560 3887 :
1594 3817 1747 3887 Nux
1802 3821 1882 3914 (J
1902 3827 1953 3916 ).
1987 3820 2172 3913 quod
2207 3820 2698 3911 interpretatur

1123 3949 1409 4017 pascens
1440 3949 1464 3995 .·
1533 3924 1810 3996 Samson
1855 3929 2044 4028 (D),
2066 3928 2356 4017 firmum
2408 3927 2698 4020 adjuto-

1130 4034 1317 4103 rium
1347 4057 1373 4103 :
1411 4040 1480 4104 et
1506 4032 1640 4103 Ais
1671 4035 1850 4132 (Β),
1870 4040 2056 4127 sons.

1229 4377 1263 4419 e
1320 4352 1686 4446 Dispersit,
1745 4352 1937 4423 dedit
1981 4357 2439 4451 pauperibus.
2488 4383 2525 4423 n
2566 4358 2695 4430 llic

1135 4462 1352 4554 tangit
1382 4462 1707 4531 meritum
1758 4467 2275 4556 comparatione
2327 4467 2412 4538 ad
2450 4472 2695 4563 proxi-

1134 4592 1352 4653 mum,
1404 4570 1478 4640 in
1523 4592 1662 4663 quo
1710 4570 2032 4643 dicuntur
2069 4576 2232 4646 duo.
2285 4576 2552 4667 Primo,
2606 4580 2694 4651 ad

1128 4677 1523 4768 proximum
1579 4677 1921 4750 ordinatio
1985 4681 2239 4754 debita.
2342 4685 2689 4772 Secunde,

1127 4788 1634 4879 perseverantia
1697 4787 1771 4887 in
1835 4789 2269 4864 ordinatione
2345 4796 2487 4884 illa,
2568 4800 2687 4880 ibi,

1140 4924 1172 4957 α
1195 4896 1490 4966 Iustitia
1524 4894 1704 4986 ejus.
1739 4926 1772 4959 a·

785 5010 1108 5114 ng·
1222 5003 1402 5074 Dicit
1429 5026 1595 5097 ergo
1630 5026 1647 5072 τ
1684 5003 1799 5076 Sic
1850 5006 1938 5077 ad
1994 5009 2222 5080 Deum
2277 5010 2454 5084 bene
2502 5016 2696 5086 ordi-

1132 5121 1487 5191 natusest,
1535 5120 1601 5182 et
1646 5111 1734 5182 ad
1789 5116 2214 5207 proximum,
2263 5123 2430 5215 quia
2481 5150 2518 5189 α
2578 5125 2693 5194 di-

1129 5221 1398 5311 spersit,
1472 5245 1506 5286 ι
1576 5243 1719 5290 non
1792 5222 1882 5291 ad
1944 5221 2464 5310 luxuriandum,
2515 5231 2692 5303 sicut

1131 5326 1313 5396 {ilius
1375 5327 1731 5420 prodigus,
1791 5331 1910 5423 qui
1966 5332 2323 5427 dissipavit
2408 5362 2687 5411 omnem

1129 5456 1326 5504 suam
1391 5432 1844 5507 substantiam
1910 5462 2069 5511 cum
2131 5445 2605 5517 meretricibus
2637 5451 2685 5535 ¹,

1086 5651 1091 5655 ’
1200 5647 1221 5687 ¹
1249 5645 1336 5704 Gr.
1369 5646 1506 5707 Luc.
1535 5665 1634 5725 xv,
1666 5652 1755 5710 ¹³.

4095 281 4102 288 ’
4235 286 4361 353 185

2815 465 2936 533 sed
2985 493 3018 529 «
3096 466 3284 533 dedit
3333 463 3782 556 pauperibus.
3847 485 3881 522 >2
3939 457 4109 524 Ecce
4177 451 4359 543 quod

2815 576 3248 667 eleemosyna
3314 577 3383 640 in
3422 572 3732 663 pluribus
3780 567 3944 636 locis
4001 562 4198 632 debet
4255 559 4357 626 ‹li-

2814 686 3063 775 spergi,
3099 706 3233 752 non
3263 691 3486 750 totum
3529 681 3599 746 in
3640 701 3779 746 uno
3808 677 3959 744 loco
3991 674 4160 751 dari,
4186 671 4359 739 sicut

2814 793 3077 859 semina
3134 790 3640 880 disperguntur.
3713 783 3842 852 Isa.
3905 801 4116 858 xxxii,
4182 779 4265 844 20
4336 799 4351 843 ε

2811 900 3014 966 Beati
3043 899 3165 988 qui
3199 898 3557 964 seminatis
3605 915 3813 985 super
3840 910 4066 958 omnes
4108 907 4352 975 aquas.

2813 1006 3102 1097 Propter
3132 1004 3263 1074 hoc
3297 1007 3563 1073 semina
3602 1000 4028 1093 appellantur
4056 995 4357 1063 eleemo-

2813 1135 2999 1204 synae
3030 1136 3070 1179 a
3109 1111 3352 1191 Paulo,
3388 1110 3450 1178 11
3483 1110 3569 1178 ad
3609 1106 3915 1178 Corinth.
3952 1127 4047 1188 ix,
4080 1103 4120 1169 6
4157 1123 4171 1169 :
4219 1099 4354 1184 Qui

2807 1244 3014 1312 parce
3058 1220 3378 1296 seminat,
3425 1240 3635 1309 parce
3688 1224 3752 1282 et
3787 1220 4010 1281 metet.
4053 1207 4216 1276 Luc.
4256 1229 4352 1286 vi,

2814 1329 2898 1396 30
2955 1351 2969 1395 :
3036 1329 3244 1397 Omni
3292 1326 3550 1418 petenti
3608 1334 3672 1392 te
3726 1321 3970 1400 tribue,
4041 1339 4179 1385 non
4235 1314 4353 1382 uni

2811 1445 3104 1504 tantum.
3168 1436 3252 1503 Et
3307 1433 3722 1527 pauperibus
3784 1429 3982 1498 debet
4063 1424 4353 1516 erogari,

2813 1568 2954 1613 non
2994 1543 3125 1613 illis
3166 1545 3282 1636 qui
3315 1543 3668 1611 abundant
3697 1542 3764 1608 in
3812 1537 4164 1607 reditibus,
4222 1532 4352 1599 Isa.

2813 1676 2995 1730 mnu,
3032 1654 3071 1720 7
3108 1674 3124 1719 τ
3160 1654 3434 1743 Franqe
3462 1648 3787 1718 esurienti
3835 1666 4084 1737 panem
4132 1651 4353 1709 tuum.

2812 1760 2977 1829 Luc.
3036 1783 3178 1841 xiv,
3226 1760 3305 1827 13
3356 1767 3422 1827 et
3475 1758 3554 1825 14
3608 1779 3625 1824 ε
3673 1757 3850 1826 Cum
3885 1753 4064 1843 lacis
4127 1749 4359 1817 convi-

2812 1870 3028 1949 vium,
3062 1875 3180 1936 aut
3208 1889 3501 1948 coenam,
3561 1886 3727 1933 voca
3766 1882 4127 1954 pauperes,
4178 1854 4360 1925 debi-

2816 1978 2935 2060 les,
2989 1975 3306 2057 claudos,
3368 1984 3432 2043 et
3485 1995 3715 2042 caecos.
3773 1972 3867 2039 Et
3920 1966 4154 2036 beatus
4199 1964 4355 2042 eris,

2810 2093 2978 2182 quia
3023 2115 3158 2158 nou
3217 2086 3487 2163 liabent,
3543 2094 3671 2154 etc.
3718 2080 4045 2151 Proverb.
4117 2099 4356 2157 xxvm,

2812 2202 2894 2269 27
2931 2224 2947 2268 :
2989 2201 3127 2286 Qui
3155 2197 3278 2265 dat
3308 2195 3632 2289 pauperi,
3666 2217 3798 2261 non
3831 2188 4187 2282 indiqebit.

2902 2336 2936 2371 α
2966 2308 3254 2377 Iustitia
3284 2306 3463 2395 ejus,
3498 2330 3528 2366 ι
3594 2304 4182 2392 eleemosynarum
4235 2295 4359 2364 sci-

2809 2414 2965 2484 licet
2994 2413 3289 2506 largitio,
3343 2443 3373 2475 α
3407 2421 3639 2480 manet
3676 2412 3747 2478 in
3783 2406 4112 2477 saeculum
4148 2425 4360 2472 saecu-

2812 2522 2891 2601 ti,
2928 2548 2962 2589 »
3005 2524 3546 2591 consecutivum.
3599 2517 3898 2609 Largitio
3947 2515 4130 2584 enim
4179 2511 4361 2581 elee-

2808 2653 3253 2724 mosynarum
3304 2631 3552 2699 dicitur
3584 2627 3903 2718 justitia,
3964 2624 4123 2716 quia
4171 2619 4357 2713 quod

2807 2740 3229 2831 superfluum
3288 2737 3527 2817 habes,
3595 2755 3974 2828 pauperum
4040 2739 4142 2799 est
4213 2750 4230 2797 :
4293 2735 4360 2796 et

2807 2847 2967 2938 quia
3005 2869 3160 2915 cum
3199 2845 3462 2936 judicio
3511 2842 3714 2914 debet
3762 2840 3971 2911 homo
4022 2837 4209 2907 illam
4249 2858 4362 2905 ex-

2805 2955 3025 3045 sequi,
3059 2962 3133 3022 ut
3165 2954 3450 3022 retineat
3478 2950 3610 3021 sibi
3664 2948 3848 3044 quod
3895 2956 3997 3019 est
4044 2966 4361 3015 necessa-

2806 3064 3010 3143 rium,
3070 3073 3139 3133 et
3182 3065 3497 3156 proximo
3581 3062 3859 3154 pauperi
3933 3058 4048 3126 det
4120 3077 4359 3148 super-

2805 3173 3021 3241 lluum
3056 3195 3072 3240 :
3108 3180 3171 3241 et
3203 3173 3301 3241 sic
3330 3170 3565 3241 reddet
3612 3169 3980 3261 unicuique
4027 3163 4213 3258 quod
4258 3171 4359 3232 est

2805 3304 3034 3350 suum.
3080 3280 3285 3351 Eccli.
3335 3303 3481 3363 xiv,
3545 3279 3677 3348 ¹3:
3747 3274 4136 3347 Secundum
4183 3272 4355 3340 vires

2804 3399 2963 3459 tuas
3008 3390 3451 3481 exporriyens
3505 3386 3596 3454 da
3640 3385 3964 3478 pauperi.
4015 3381 4078 3449 11
4108 3380 4193 3449 ad
4233 3378 4362 3449 Co-

2802 3495 3011 3567 rinth.
3051 3520 3198 3578 vm,
3238 3497 3316 3565 ¹3
3355 3517 3372 3564 ε
3406 3496 3561 3564 Non
3593 3504 3674 3563 ut
3701 3493 3865 3562 aliis
3890 3492 3983 3560 sit
4020 3490 4353 3570 remissio,

2807 3604 2992 3674 vobis
3019 3615 3251 3672 autem
3281 3600 3670 3672 tribulatio.
3709 3599 3998 3692 Propter
4023 3597 4181 3676 boc,
4215 3595 4352 3665 Isa.

2804 3735 2990 3793 ινιιι,
3049 3715 3116 3796 8,
3166 3721 3534 3804 postquam
3589 3707 3858 3779 locutus
3930 3714 4031 3776 est
4086 3705 4167 3773 de
4227 3702 4360 3772 ele-

2802 3839 3155 3910 emosyna,
3241 3817 3646 3907 subjungit:
3732 3813 4037 3885 Anteibit
4102 3811 4355 3902 [aciem

2800 3934 2993 3994 tuam
3040 3924 3332 4015 justitia
3377 3933 3528 4006 tua,
3578 3922 3649 3991 id
3709 3930 3834 4003 est,
3887 3919 4354 4011 eleemosyna.

2798 4041 2869 4104 et
2896 4031 3387 4103 misericordia.

2891 4274 2924 4305 α
2963 4244 3197 4314 Cornu
3226 4240 3406 4349 ejus.
3443 4266 3479 4305 a·
3514 4236 3688 4309 Eece
3727 4235 4109 4329 premium,
4156 4240 4357 4327 post-

2800 4373 3008 4445 quam
3038 4350 3381 4444 praecessit
3408 4349 3758 4419 meritum.

2892 4459 3004 4527 Ait
3042 4460 3225 4528 enim
3297 4482 3314 4528 ε
3377 4457 3493 4528 Sic
3560 4455 3915 4526 ordinatus
3960 4460 4061 4523 est
4124 4450 4354 4545 quoad

2799 4566 3048 4648 Deum,
3090 4576 3156 4637 et
3184 4565 3411 4660 quoad
3447 4565 3868 4659 proximum,
3931 4570 3996 4631 et
4072 4567 4353 4652 propter

2799 4675 2929 4746 boc
2962 4702 2998 4743 ι
3027 4697 3241 4745 cornu
3268 4674 3446 4767 ejus,
3486 4702 3522 4738 ι»
3562 4671 3822 4744 humile
3860 4670 3930 4738 in
3958 4667 4086 4738 bac
4111 4666 4253 4737 vita
4280 4676 4345 4738 et

2798 4778 3163 4875 dejectum,
3204 4784 3457 4854 scilicet
3487 4784 3635 4875 ejus
3661 4780 3990 4875 potentia,
4024 4804 4059 4844 e
4078 4776 4348 4847 exalta-

4425 4867 4640 4916 Effectus

2800 4893 2987 4961 bitur
3015 4893 3085 4962 iu
3126 4893 3360 4986 qtoria
3394 4920 3428 4957 n
3458 4899 3737 4961 aeterna.
3770 4886 3932 4958 Luc.
3958 4909 4101 4971 xiv,
4134 4885 4243 4971 11,
4276 4893 4346 4956 et
4391 4921 4666 4982 dm„

2797 5026 2992 5088 xvm,
3026 5002 3109 5070 14
3154 5025 3171 5071 :
3218 5003 3357 5089 Qui
3380 5025 3452 5070 se
3475 5000 3836 5085 humiliat,
3889 4994 4341 5066 etaltabitur.

2799 5110 3253 5203 Eleemosyna
3290 5110 3473 5179 enim
3524 5110 3594 5179 in
3633 5131 3716 5178 eo
3770 5106 3993 5199 primo
4032 5105 4344 5175 ardorem

2800 5221 3188 5311 exstinguet
3223 5219 3507 5310 peccati,
3549 5215 3772 5287 Eccle.
3806 5235 3906 5299 m,
3940 5215 4067 5284 33:
4108 5215 4346 5307 lynem
4408 5225 4417 5234 ·

2799 5332 3149 5399 ardentem
3181 5331 3563 5421 exstiti-quit
3589 5351 3801 5419 aqua,
3833 5337 3899 5396 et
3923 5326 4348 5417 eleemosyna

2797 5436 3054 5506 resistit
3072 5436 3393 5527 peccatis.
3429 5434 3774 5520 Secunde,
3802 5435 3989 5502 viam
4033 5431 4231 5502 faciet
4261 5426 4349 5500 ad

4490 4990 4581 5025 w.
