<?xml version="1.0" encoding="UTF-8"?>
<!DOCTYPE html PUBLIC "-//W3C//DTD XHTML 1.0 Transitional//EN"
    "http://www.w3.org/TR/xhtml1/DTD/xhtml1-transitional.dtd">
<html xmlns="http://www.w3.org/1999/xhtml" xml:lang="en" lang="en">
 <head>
  <title>
</title>
<meta http-equiv="Content-Type" content="text/html;charset=utf-8" />
  <meta name='ocr-system' content='tesseract 3.04.00' />
  <meta name='ocr-capabilities' content='ocr_page ocr_carea ocr_par ocr_line ocrx_word'/>
</head>
<body>
  <div class='ocr_page' id='page_1' title='image "balbertimagnira02chgoog_0529.png"; bbox 0 0 5008 6329; ppageno 0'>
   <div class='ocr_carea' id='block_1_1' title="bbox 1907 406 4356 494">
    <p class='ocr_par' dir='ltr' id='par_1_1' title="bbox 1907 406 4356 494">
     <span class='ocr_line' id='line_1_1' title="bbox 1907 406 4356 494; baseline 0.007 -19"><span class='ocrx_word' id='word_1_1' title='bbox 1907 406 2626 480; x_wconf 80' lang='lat' dir='ltr'><strong>COMMENTARIUS</strong></span> <span class='ocrx_word' id='word_1_2' title='bbox 2677 412 2769 478; x_wconf 91' lang='lat' dir='ltr'><strong>IN</strong></span> <span class='ocrx_word' id='word_1_3' title='bbox 2817 412 3253 480; x_wconf 77' lang='lat' dir='ltr'><strong>PSALMUM</strong></span> <span class='ocrx_word' id='word_1_4' title='bbox 3301 415 3595 485; x_wconf 73' lang='lat' dir='ltr'><strong>CXLVI.</strong></span> <span class='ocrx_word' id='word_1_5' title='bbox 4227 427 4356 494; x_wconf 76' lang='lat'><strong>519</strong></span> 
     </span>
    </p>
   </div>
   <div class='ocr_carea' id='block_1_2' title="bbox 1101 571 4356 1974">
    <p class='ocr_par' dir='ltr' id='par_1_2' title="bbox 1101 571 4356 1974">
     <span class='ocr_line' id='line_1_2' title="bbox 1130 571 4356 679; baseline 0.008 -44"><span class='ocrx_word' id='word_1_6' title='bbox 1130 579 1231 638; x_wconf 85' lang='lat' dir='ltr'><strong>est</strong></span> <span class='ocrx_word' id='word_1_7' title='bbox 1271 571 1454 643; x_wconf 89' lang='lat' dir='ltr'><strong>Deus</strong></span> <span class='ocrx_word' id='word_1_8' title='bbox 1507 588 1760 664; x_wconf 89' lang='lat' dir='ltr'><strong>noster,</strong></span> <span class='ocrx_word' id='word_1_9' title='bbox 1806 590 1907 650; x_wconf 86' lang='lat' dir='ltr'><strong>est</strong></span> <span class='ocrx_word' id='word_1_10' title='bbox 1949 608 1982 646; x_wconf 75' lang='grc' dir='ltr'><strong>α</strong></span> <span class='ocrx_word' id='word_1_11' title='bbox 2024 582 2377 668; x_wconf 54' lang='lat' dir='ltr'><strong>{edificans</strong></span> <span class='ocrx_word' id='word_1_12' title='bbox 2413 584 2694 648; x_wconf 82' lang='lat' dir='ltr'><strong>Jerusa-</strong></span> <span class='ocrx_word' id='word_1_13' title='bbox 2814 582 3009 650; x_wconf 83' lang='lat' dir='ltr'><strong>fidem</strong></span> <span class='ocrx_word' id='word_1_14' title='bbox 3045 590 3580 679; x_wconf 71' lang='lat' dir='ltr'>congregaverit,</span> <span class='ocrx_word' id='word_1_15' title='bbox 3624 591 3980 659; x_wconf 88' lang='lat' dir='ltr'><strong>aliternon</strong></span> <span class='ocrx_word' id='word_1_16' title='bbox 4007 601 4356 662; x_wconf 88' lang='lat' dir='ltr'><strong>conteren-</strong></span> 
     </span>
     <span class='ocr_line' id='line_1_3' title="bbox 1130 679 4349 792; baseline 0.008 -48"><span class='ocrx_word' id='word_1_17' title='bbox 1130 679 1286 757; x_wconf 81' lang='lat' dir='ltr'><strong>lem,</strong></span> <span class='ocrx_word' id='word_1_18' title='bbox 1325 708 1357 746; x_wconf 79' lang='lat'>»</span> <span class='ocrx_word' id='word_1_19' title='bbox 1413 687 1477 753; x_wconf 87' lang='lat' dir='ltr'><strong>id</strong></span> <span class='ocrx_word' id='word_1_20' title='bbox 1529 697 1652 767; x_wconf 85' lang='lat' dir='ltr'><strong>est,</strong></span> <span class='ocrx_word' id='word_1_21' title='bbox 1718 689 2090 758; x_wconf 79' lang='lat' dir='ltr'>Ecclesiam</span> <span class='ocrx_word' id='word_1_22' title='bbox 2141 698 2208 756; x_wconf 84' lang='lat' dir='ltr'><strong>et</strong></span> <span class='ocrx_word' id='word_1_23' title='bbox 2250 688 2685 765; x_wconf 78' lang='lat' dir='ltr'><strong>militantem,</strong></span> <span class='ocrx_word' id='word_1_24' title='bbox 2805 697 2938 773; x_wconf 88' lang='lat' dir='ltr'><strong>tur,</strong></span> <span class='ocrx_word' id='word_1_25' title='bbox 2976 720 3008 755; x_wconf 88' lang='lat'>«</span> <span class='ocrx_word' id='word_1_26' title='bbox 3042 696 3364 763; x_wconf 81' lang='lat' dir='ltr'><strong>contritos</strong></span> <span class='ocrx_word' id='word_1_27' title='bbox 3391 698 3611 766; x_wconf 82' lang='lat' dir='ltr'><strong>corde.</strong></span> <span class='ocrx_word' id='word_1_28' title='bbox 3661 723 3692 762; x_wconf 88' lang='lat'>»</span> <span class='ocrx_word' id='word_1_29' title='bbox 3742 697 3872 767; x_wconf 87' lang='lat' dir='ltr'><strong>Isa.</strong></span> <span class='ocrx_word' id='word_1_30' title='bbox 3919 723 4050 777; x_wconf 74' lang='lat' dir='ltr'><strong>Lxl,</strong></span> <span class='ocrx_word' id='word_1_31' title='bbox 4091 703 4118 767; x_wconf 90' lang='lat'>1</span> <span class='ocrx_word' id='word_1_32' title='bbox 4159 703 4349 792; x_wconf 84' lang='lat' dir='ltr'><strong>:Spi-</strong></span> 
     </span>
     <span class='ocr_line' id='line_1_4' title="bbox 1124 792 4350 896; baseline 0.007 -44"><span class='ocrx_word' id='word_1_33' title='bbox 1124 793 1191 853; x_wconf 84' lang='lat' dir='ltr'><strong>et</strong></span> <span class='ocrx_word' id='word_1_34' title='bbox 1239 792 1802 883; x_wconf 80' lang='lat' dir='ltr'><strong>triumphantem.</strong></span> <span class='ocrx_word' id='word_1_35' title='bbox 1862 794 2190 862; x_wconf 83' lang='lat' dir='ltr'><strong>Proverb.</strong></span> <span class='ocrx_word' id='word_1_36' title='bbox 2245 817 2338 872; x_wconf 82' lang='lat' dir='ltr'><strong>1x‚</strong></span> <span class='ocrx_word' id='word_1_37' title='bbox 2400 797 2426 860; x_wconf 84' lang='lat'><em>1</em></span> <span class='ocrx_word' id='word_1_38' title='bbox 2470 817 2484 863; x_wconf 77' lang='grc' dir='ltr'>ε</span> <span class='ocrx_word' id='word_1_39' title='bbox 2548 796 2688 865; x_wconf 86' lang='lat' dir='ltr'><strong>Sa-</strong></span> <span class='ocrx_word' id='word_1_40' title='bbox 2803 798 2976 865; x_wconf 83' lang='lat' dir='ltr'><strong>ritus</strong></span> <span class='ocrx_word' id='word_1_41' title='bbox 3017 802 3300 869; x_wconf 80' lang='lat' dir='ltr'><strong>Domini</strong></span> <span class='ocrx_word' id='word_1_42' title='bbox 3335 826 3701 894; x_wconf 71' lang='lat' dir='ltr'><strong>superine,</strong></span> <span class='ocrx_word' id='word_1_43' title='bbox 3736 828 3810 872; x_wconf 88' lang='lat' dir='ltr'><strong>eo</strong></span> <span class='ocrx_word' id='word_1_44' title='bbox 3851 807 4039 896; x_wconf 83' lang='lat' dir='ltr'><strong>quod</strong></span> <span class='ocrx_word' id='word_1_45' title='bbox 4076 811 4350 874; x_wconf 69' lang='lat' dir='ltr'><strong>unxerit</strong></span> 
     </span>
     <span class='ocr_line' id='line_1_5' title="bbox 1114 900 4346 992; baseline 0.006 -32"><span class='ocrx_word' id='word_1_46' title='bbox 1114 900 1381 986; x_wconf 82' lang='lat' dir='ltr'><strong>pientia</strong></span> <span class='ocrx_word' id='word_1_47' title='bbox 1404 904 1776 992; x_wconf 61' lang='lat' dir='ltr'><strong>{edificavit</strong></span> <span class='ocrx_word' id='word_1_48' title='bbox 1813 904 1949 970; x_wconf 91' lang='lat' dir='ltr'><strong>sibi</strong></span> <span class='ocrx_word' id='word_1_49' title='bbox 1980 904 2287 971; x_wconf 88' lang='lat' dir='ltr'><strong>domum.</strong></span> <span class='ocrx_word' id='word_1_50' title='bbox 2344 904 2453 982; x_wconf 81' lang='lat' dir='ltr'><strong>Et,</strong></span> <span class='ocrx_word' id='word_1_51' title='bbox 2491 905 2678 983; x_wconf 87' lang='lat' dir='ltr'><strong>alibi,</strong></span> <span class='ocrx_word' id='word_1_52' title='bbox 2802 929 2907 972; x_wconf 85' lang='lat' dir='ltr'><strong>me</strong></span> <span class='ocrx_word' id='word_1_53' title='bbox 2940 930 2961 973; x_wconf 92' lang='lat'><strong>.·</strong></span> <span class='ocrx_word' id='word_1_54' title='bbox 3003 908 3098 972; x_wconf 77' lang='lat' dir='ltr'><strong>acl</strong></span> <span class='ocrx_word' id='word_1_55' title='bbox 3141 911 3698 977; x_wconf 85' lang='lat' dir='ltr'><strong>annuntiandum</strong></span> <span class='ocrx_word' id='word_1_56' title='bbox 3749 915 4123 979; x_wconf 73' lang='lat' dir='ltr'><strong>mansuetis</strong></span> <span class='ocrx_word' id='word_1_57' title='bbox 4159 915 4346 979; x_wconf 82' lang='lat' dir='ltr'><strong>misit</strong></span> 
     </span>
     <span class='ocr_line' id='line_1_6' title="bbox 1121 1011 4340 1102; baseline 0.004 -30"><span class='ocrx_word' id='word_1_58' title='bbox 1121 1028 1259 1088; x_wconf 72' lang='lat' dir='ltr'><strong>xiv,</strong></span> <span class='ocrx_word' id='word_1_59' title='bbox 1311 1012 1338 1075; x_wconf 83' lang='lat'>1</span> <span class='ocrx_word' id='word_1_60' title='bbox 1381 1033 1396 1076; x_wconf 90' lang='lat'>:</span> <span class='ocrx_word' id='word_1_61' title='bbox 1432 1011 1725 1101; x_wconf 78' lang='lat' dir='ltr'><strong>Sapiens</strong></span> <span class='ocrx_word' id='word_1_62' title='bbox 1762 1012 2019 1079; x_wconf 73' lang='lat' dir='ltr'><strong>miclier</strong></span> <span class='ocrx_word' id='word_1_63' title='bbox 2053 1013 2354 1102; x_wconf 61' lang='lat' dir='ltr'><strong>aedificat</strong></span> <span class='ocrx_word' id='word_1_64' title='bbox 2394 1016 2681 1083; x_wconf 87' lang='lat' dir='ltr'><strong>domum</strong></span> <span class='ocrx_word' id='word_1_65' title='bbox 2799 1036 2926 1095; x_wconf 87' lang='lat' dir='ltr'><strong>mc,</strong></span> <span class='ocrx_word' id='word_1_66' title='bbox 2960 1025 3034 1080; x_wconf 86' lang='lat' dir='ltr'><strong>ut</strong></span> <span class='ocrx_word' id='word_1_67' title='bbox 3062 1016 3361 1082; x_wconf 79' lang='lat' dir='ltr'><strong>mederer</strong></span> <span class='ocrx_word' id='word_1_68' title='bbox 3387 1020 3695 1085; x_wconf 81' lang='lat' dir='ltr'><strong>contritis</strong></span> <span class='ocrx_word' id='word_1_69' title='bbox 3724 1020 3944 1086; x_wconf 83' lang='lat' dir='ltr'><strong>corde.</strong></span> <span class='ocrx_word' id='word_1_70' title='bbox 3969 1019 4165 1100; x_wconf 91' lang='lat' dir='ltr'><strong>Osee,</strong></span> <span class='ocrx_word' id='word_1_71' title='bbox 4201 1045 4340 1100; x_wconf 71' lang='lat' dir='ltr'><strong>xiv,</strong></span> 
     </span>
     <span class='ocr_line' id='line_1_7' title="bbox 1114 1119 4334 1200; baseline 0.004 -19"><span class='ocrx_word' id='word_1_72' title='bbox 1114 1137 1339 1183; x_wconf 85' lang='lat' dir='ltr'><strong>suam.</strong></span> <span class='ocrx_word' id='word_1_73' title='bbox 1376 1119 1617 1200; x_wconf 82' lang='lat' dir='ltr'><strong>Amos,</strong></span> <span class='ocrx_word' id='word_1_74' title='bbox 1645 1142 1736 1198; x_wconf 78' lang='lat' dir='ltr'><strong>tx,</strong></span> <span class='ocrx_word' id='word_1_75' title='bbox 1770 1122 1842 1186; x_wconf 84' lang='lat'><strong>11</strong></span> <span class='ocrx_word' id='word_1_76' title='bbox 1878 1121 2002 1188; x_wconf 85' lang='lat' dir='ltr'><strong>:In</strong></span> <span class='ocrx_word' id='word_1_77' title='bbox 2034 1123 2145 1188; x_wconf 85' lang='lat' dir='ltr'><strong>die</strong></span> <span class='ocrx_word' id='word_1_78' title='bbox 2177 1122 2307 1190; x_wconf 89' lang='lat' dir='ltr'><strong>illa</strong></span> <span class='ocrx_word' id='word_1_79' title='bbox 2335 1122 2678 1190; x_wconf 74' lang='lat' dir='ltr'><strong>suscitabo</strong></span> <span class='ocrx_word' id='word_1_80' title='bbox 2795 1122 2834 1188; x_wconf 81' lang='lat'>5</span> <span class='ocrx_word' id='word_1_81' title='bbox 2871 1142 2884 1185; x_wconf 89' lang='lat'><strong>:</strong></span> <span class='ocrx_word' id='word_1_82' title='bbox 2933 1122 3210 1189; x_wconf 83' lang='lat' dir='ltr'><strong>Sanabo</strong></span> <span class='ocrx_word' id='word_1_83' title='bbox 3269 1126 3703 1193; x_wconf 76' lang='lat' dir='ltr'><strong>contritiones</strong></span> <span class='ocrx_word' id='word_1_84' title='bbox 3741 1150 4001 1194; x_wconf 87' lang='lat' dir='ltr'><strong>eorum.</strong></span> <span class='ocrx_word' id='word_1_85' title='bbox 4055 1128 4160 1195; x_wconf 83' lang='lat' dir='ltr'><strong>Ad</strong></span> <span class='ocrx_word' id='word_1_86' title='bbox 4209 1126 4334 1195; x_wconf 91' lang='lat' dir='ltr'><strong>hos</strong></span> 
     </span>
     <span class='ocr_line' id='line_1_8' title="bbox 1116 1222 4326 1325; baseline 0.005 -38"><span class='ocrx_word' id='word_1_87' title='bbox 1116 1222 1641 1293; x_wconf 86' lang='lat' dir='ltr'><strong>tabernaculum</strong></span> <span class='ocrx_word' id='word_1_88' title='bbox 1698 1228 1958 1307; x_wconf 85' lang='lat' dir='ltr'><strong>David,</strong></span> <span class='ocrx_word' id='word_1_89' title='bbox 2019 1230 2212 1319; x_wconf 85' lang='lat' dir='ltr'><strong>quod</strong></span> <span class='ocrx_word' id='word_1_90' title='bbox 2260 1230 2504 1298; x_wconf 85' lang='lat' dir='ltr'><strong>cecidit</strong></span> <span class='ocrx_word' id='word_1_91' title='bbox 2543 1253 2566 1297; x_wconf 93' lang='lat'><strong>.·</strong></span> <span class='ocrx_word' id='word_1_92' title='bbox 2615 1240 2679 1297; x_wconf 88' lang='lat' dir='ltr'><strong>et</strong></span> <span class='ocrx_word' id='word_1_93' title='bbox 2793 1229 2975 1295; x_wconf 89' lang='lat' dir='ltr'><strong>enim</strong></span> <span class='ocrx_word' id='word_1_94' title='bbox 3027 1233 3295 1322; x_wconf 84' lang='lat' dir='ltr'><strong>proprie</strong></span> <span class='ocrx_word' id='word_1_95' title='bbox 3360 1235 3547 1301; x_wconf 83' lang='lat' dir='ltr'><strong>venit</strong></span> <span class='ocrx_word' id='word_1_96' title='bbox 3626 1235 3966 1325; x_wconf 59' lang='lat' dir='ltr'><strong>summus]</strong></span> <span class='ocrx_word' id='word_1_97' title='bbox 4001 1236 4326 1305; x_wconf 78' lang='lat' dir='ltr'><strong>medicus,</strong></span> 
     </span>
     <span class='ocr_line' id='line_1_9' title="bbox 1113 1332 4338 1433; baseline 0.005 -36"><span class='ocrx_word' id='word_1_98' title='bbox 1113 1332 1541 1421; x_wconf 67' lang='lat' dir='ltr'><strong>reaedificabo</strong></span> <span class='ocrx_word' id='word_1_99' title='bbox 1626 1347 1990 1427; x_wconf 84' lang='lat' dir='ltr'><strong>aperturas</strong></span> <span class='ocrx_word' id='word_1_100' title='bbox 2065 1359 2426 1404; x_wconf 86' lang='lat' dir='ltr'><strong>murorum</strong></span> <span class='ocrx_word' id='word_1_101' title='bbox 2490 1337 2670 1427; x_wconf 88' lang='lat' dir='ltr'><strong>ejus.</strong></span> <span class='ocrx_word' id='word_1_102' title='bbox 2789 1334 3028 1404; x_wconf 80' lang='lat' dir='ltr'><strong>Matth.</strong></span> <span class='ocrx_word' id='word_1_103' title='bbox 3093 1361 3184 1422; x_wconf 83' lang='lat' dir='ltr'><strong>tx,</strong></span> <span class='ocrx_word' id='word_1_104' title='bbox 3233 1343 3361 1408; x_wconf 81' lang='lat'><strong>12:</strong></span> <span class='ocrx_word' id='word_1_105' title='bbox 3406 1343 3560 1409; x_wconf 78' lang='lat' dir='ltr'><strong>Non</strong></span> <span class='ocrx_word' id='word_1_106' title='bbox 3600 1351 3695 1409; x_wconf 81' lang='lat' dir='ltr'><strong>cst</strong></span> <span class='ocrx_word' id='word_1_107' title='bbox 3746 1365 3917 1433; x_wconf 84' lang='lat' dir='ltr'><strong>opus</strong></span> <span class='ocrx_word' id='word_1_108' title='bbox 3951 1342 4338 1412; x_wconf 71' lang='lat' dir='ltr'><strong>calentibus</strong></span> 
     </span>
     <span class='ocr_line' id='line_1_10' title="bbox 1106 1439 4334 1543; baseline 0.004 -38"><span class='ocrx_word' id='word_1_109' title='bbox 1106 1439 1433 1510; x_wconf 77' lang='lat' dir='ltr'><strong>AEdifieat</strong></span> <span class='ocrx_word' id='word_1_110' title='bbox 1462 1451 1691 1511; x_wconf 89' lang='lat' dir='ltr'><strong>autem</strong></span> <span class='ocrx_word' id='word_1_111' title='bbox 1751 1468 1901 1513; x_wconf 88' lang='lat' dir='ltr'><strong>eam</strong></span> <span class='ocrx_word' id='word_1_112' title='bbox 1952 1445 2034 1513; x_wconf 91' lang='lat' dir='ltr'><strong>de</strong></span> <span class='ocrx_word' id='word_1_113' title='bbox 2080 1446 2255 1513; x_wconf 81' lang='lat' dir='ltr'><strong>vivis</strong></span> <span class='ocrx_word' id='word_1_114' title='bbox 2303 1444 2668 1534; x_wconf 79' lang='lat' dir='ltr'><strong>lapidibus,</strong></span> <span class='ocrx_word' id='word_1_115' title='bbox 2787 1446 3110 1531; x_wconf 83' lang='lat' dir='ltr'><strong>medicus,</strong></span> <span class='ocrx_word' id='word_1_116' title='bbox 3162 1449 3283 1514; x_wconf 81' lang='lat' dir='ltr'><strong>secl</strong></span> <span class='ocrx_word' id='word_1_117' title='bbox 3325 1449 3530 1540; x_wconf 70' lang='lat' dir='ltr'><strong>male]</strong></span> <span class='ocrx_word' id='word_1_118' title='bbox 3559 1450 3987 1519; x_wconf 79' lang='lat' dir='ltr'><strong>habentibus.</strong></span> <span class='ocrx_word' id='word_1_119' title='bbox 4045 1440 4334 1543; x_wconf 79' lang='lat' dir='ltr'><strong>Propter</strong></span> 
     </span>
     <span class='ocr_line' id='line_1_11' title="bbox 1107 1548 4321 1644; baseline 0.005 -31"><span class='ocrx_word' id='word_1_120' title='bbox 1107 1548 1430 1616; x_wconf 83' lang='lat' dir='ltr'><strong>ordinans</strong></span> <span class='ocrx_word' id='word_1_121' title='bbox 1471 1573 1624 1620; x_wconf 89' lang='lat' dir='ltr'><strong>eam</strong></span> <span class='ocrx_word' id='word_1_122' title='bbox 1665 1575 1867 1644; x_wconf 87' lang='lat' dir='ltr'><strong>super</strong></span> <span class='ocrx_word' id='word_1_123' title='bbox 1913 1552 2438 1620; x_wconf 82' lang='lat' dir='ltr'><strong>fundamentum</strong></span> <span class='ocrx_word' id='word_1_124' title='bbox 2486 1553 2674 1644; x_wconf 87' lang='lat' dir='ltr'><strong>Apo·</strong></span> <span class='ocrx_word' id='word_1_125' title='bbox 2784 1550 2915 1622; x_wconf 90' lang='lat' dir='ltr'><strong>hoc</strong></span> <span class='ocrx_word' id='word_1_126' title='bbox 2943 1553 3208 1623; x_wconf 86' lang='lat' dir='ltr'><strong>dicebat</strong></span> <span class='ocrx_word' id='word_1_127' title='bbox 3233 1556 3535 1642; x_wconf 83' lang='lat' dir='ltr'><strong>Azarias,</strong></span> <span class='ocrx_word' id='word_1_128' title='bbox 3590 1558 3853 1628; x_wconf 82' lang='lat' dir='ltr'><strong>Daniel.</strong></span> <span class='ocrx_word' id='word_1_129' title='bbox 3881 1583 3976 1642; x_wconf 83' lang='grc' dir='ltr'>ιιι,</span> <span class='ocrx_word' id='word_1_130' title='bbox 4011 1563 4093 1630; x_wconf 84' lang='grc'><strong>39</strong></span> <span class='ocrx_word' id='word_1_131' title='bbox 4118 1563 4321 1630; x_wconf 68' lang='lat' dir='ltr'><strong>erte:</strong></span> 
     </span>
     <span class='ocr_line' id='line_1_12' title="bbox 1104 1662 4328 1759; baseline 0.003 -31"><span class='ocrx_word' id='word_1_132' title='bbox 1104 1662 1439 1730; x_wconf 90' lang='lat' dir='ltr'><strong>stolorum</strong></span> <span class='ocrx_word' id='word_1_133' title='bbox 1464 1672 1529 1731; x_wconf 86' lang='lat' dir='ltr'><strong>et</strong></span> <span class='ocrx_word' id='word_1_134' title='bbox 1551 1663 2083 1754; x_wconf 79' lang='lat' dir='ltr'><strong>Prophetarum,</strong></span> <span class='ocrx_word' id='word_1_135' title='bbox 2103 1664 2326 1754; x_wconf 90' lang='lat' dir='ltr'><strong>seipso</strong></span> <span class='ocrx_word' id='word_1_136' title='bbox 2346 1663 2669 1732; x_wconf 88' lang='lat' dir='ltr'><strong>omnibus</strong></span> <span class='ocrx_word' id='word_1_137' title='bbox 2780 1663 2864 1730; x_wconf 87' lang='lat' dir='ltr'><strong>In</strong></span> <span class='ocrx_word' id='word_1_138' title='bbox 2894 1665 3125 1731; x_wconf 87' lang='lat' dir='ltr'><strong>animo</strong></span> <span class='ocrx_word' id='word_1_139' title='bbox 3156 1668 3468 1746; x_wconf 83' lang='lat' dir='ltr'><strong>contrito,</strong></span> <span class='ocrx_word' id='word_1_140' title='bbox 3523 1677 3586 1734; x_wconf 84' lang='lat' dir='ltr'><strong>et</strong></span> <span class='ocrx_word' id='word_1_141' title='bbox 3614 1668 3869 1759; x_wconf 83' lang='lat' dir='ltr'><strong>spiritu</strong></span> <span class='ocrx_word' id='word_1_142' title='bbox 3907 1669 4328 1739; x_wconf 79' lang='lat' dir='ltr'><strong>humilitatis</strong></span> 
     </span>
     <span class='ocr_line' id='line_1_13' title="bbox 1102 1771 4328 1865; baseline 0.002 -25"><span class='ocrx_word' id='word_1_143' title='bbox 1102 1774 1484 1864; x_wconf 87' lang='lat' dir='ltr'><strong>supposito.</strong></span> <span class='ocrx_word' id='word_1_144' title='bbox 1521 1772 1624 1840; x_wconf 85' lang='lat' dir='ltr'><strong>Ad</strong></span> <span class='ocrx_word' id='word_1_145' title='bbox 1672 1771 1922 1863; x_wconf 81' lang='lat' dir='ltr'><strong>Ephes.</strong></span> <span class='ocrx_word' id='word_1_146' title='bbox 1969 1795 2041 1857; x_wconf 84' lang='grc' dir='ltr'><strong>ιι,</strong></span> <span class='ocrx_word' id='word_1_147' title='bbox 2076 1774 2160 1841; x_wconf 85' lang='grc'><strong>20</strong></span> <span class='ocrx_word' id='word_1_148' title='bbox 2207 1795 2222 1840; x_wconf 88' lang='lat'>:</span> <span class='ocrx_word' id='word_1_149' title='bbox 2265 1772 2668 1865; x_wconf 67' lang='lat' dir='ltr'><strong>Super-edi·-</strong></span> <span class='ocrx_word' id='word_1_150' title='bbox 2777 1772 3260 1862; x_wconf 78' lang='lat' dir='ltr'><strong>suscipiamur,</strong></span> <span class='ocrx_word' id='word_1_151' title='bbox 3294 1773 3548 1842; x_wconf 89' lang='lat' dir='ltr'><strong>scilicet</strong></span> <span class='ocrx_word' id='word_1_152' title='bbox 3587 1798 3624 1842; x_wconf 92' lang='lat' dir='ltr'><strong>a</strong></span> <span class='ocrx_word' id='word_1_153' title='bbox 3656 1782 3746 1856; x_wconf 91' lang='lat' dir='ltr'><strong>te,</strong></span> <span class='ocrx_word' id='word_1_154' title='bbox 3789 1775 4108 1857; x_wconf 89' lang='lat' dir='ltr'><strong>Domine,</strong></span> <span class='ocrx_word' id='word_1_155' title='bbox 4151 1780 4328 1846; x_wconf 87' lang='lat' dir='ltr'><strong>sicut</strong></span> 
     </span>
     <span class='ocr_line' id='line_1_14' title="bbox 1101 1878 4318 1974; baseline 0.002 -25"><span class='ocrx_word' id='word_1_156' title='bbox 1101 1881 1299 1971; x_wconf 81' lang='lat' dir='ltr'><strong>ficati</strong></span> <span class='ocrx_word' id='word_1_157' title='bbox 1332 1904 1541 1973; x_wconf 86' lang='lat' dir='ltr'><strong>super</strong></span> <span class='ocrx_word' id='word_1_158' title='bbox 1583 1881 2126 1971; x_wconf 79' lang='lat' dir='ltr'><strong>fundamentum</strong></span> <span class='ocrx_word' id='word_1_159' title='bbox 2172 1881 2665 1974; x_wconf 74' lang='lat' dir='ltr'><strong>Apostolorum</strong></span> <span class='ocrx_word' id='word_1_160' title='bbox 2780 1879 2848 1945; x_wconf 88' lang='lat' dir='ltr'><strong>in</strong></span> <span class='ocrx_word' id='word_1_161' title='bbox 2887 1878 3282 1949; x_wconf 74' lang='lat' dir='ltr'><strong>holocausto</strong></span> <span class='ocrx_word' id='word_1_162' title='bbox 3314 1882 3634 1962; x_wconf 81' lang='lat' dir='ltr'><strong>arietum,</strong></span> <span class='ocrx_word' id='word_1_163' title='bbox 3670 1892 3733 1950; x_wconf 83' lang='lat' dir='ltr'><strong>et</strong></span> <span class='ocrx_word' id='word_1_164' title='bbox 3773 1892 4158 1963; x_wconf 87' lang='lat' dir='ltr'><strong>taurorum,</strong></span> <span class='ocrx_word' id='word_1_165' title='bbox 4194 1892 4318 1955; x_wconf 86' lang='lat' dir='ltr'><strong>etc.</strong></span> 
     </span>
    </p>
   </div>
   <div class='ocr_carea' id='block_1_3' title="bbox 1098 1990 2786 2083">
    <p class='ocr_par' dir='ltr' id='par_1_3' title="bbox 1098 1990 2786 2083">
     <span class='ocr_line' id='line_1_15' title="bbox 1098 1990 2786 2083; baseline 0.004 -25"><span class='ocrx_word' id='word_1_166' title='bbox 1098 2000 1166 2058; x_wconf 88' lang='lat' dir='ltr'><strong>et</strong></span> <span class='ocrx_word' id='word_1_167' title='bbox 1210 1990 1746 2082; x_wconf 77' lang='lat' dir='ltr'><strong>Prophetarum,</strong></span> <span class='ocrx_word' id='word_1_168' title='bbox 1798 1992 1943 2082; x_wconf 89' lang='lat' dir='ltr'><strong>ipso</strong></span> <span class='ocrx_word' id='word_1_169' title='bbox 1998 2012 2270 2059; x_wconf 89' lang='lat' dir='ltr'><strong>summo</strong></span> <span class='ocrx_word' id='word_1_170' title='bbox 2328 1990 2666 2083; x_wconf 77' lang='lat' dir='ltr'><strong>anqulari</strong></span> <span class='ocrx_word' id='word_1_171' title='bbox 2778 2024 2786 2064; x_wconf 92' lang='lat'><strong>:</strong></span> 
     </span>
    </p>
   </div>
   <div class='ocr_carea' id='block_1_4' title="bbox 1099 2089 2664 2193">
    <p class='ocr_par' dir='ltr' id='par_1_4' title="bbox 1099 2089 2664 2193">
     <span class='ocr_line' id='line_1_16' title="bbox 1099 2089 2664 2193; baseline 0 -28"><span class='ocrx_word' id='word_1_172' title='bbox 1099 2089 1337 2190; x_wconf 80' lang='lat' dir='ltr'><strong>lapide</strong></span> <span class='ocrx_word' id='word_1_173' title='bbox 1395 2100 1666 2169; x_wconf 75' lang='lat' dir='ltr'><strong>Christo</strong></span> <span class='ocrx_word' id='word_1_174' title='bbox 1722 2102 1909 2169; x_wconf 79' lang='lat' dir='ltr'><strong>lesu.</strong></span> <span class='ocrx_word' id='word_1_175' title='bbox 1965 2099 2101 2169; x_wconf 85' lang='lat' dir='ltr'><strong>Sed</strong></span> <span class='ocrx_word' id='word_1_176' title='bbox 2161 2100 2438 2193; x_wconf 87' lang='lat' dir='ltr'><strong>quando</strong></span> <span class='ocrx_word' id='word_1_177' title='bbox 2490 2099 2664 2168; x_wconf 78' lang='lat' dir='ltr'><strong>aedi-</strong></span> 
     </span>
    </p>
   </div>
   <div class='ocr_carea' id='block_1_5' title="bbox 1092 2207 2658 2603">
    <p class='ocr_par' dir='ltr' id='par_1_5' title="bbox 1092 2207 2658 2603">
     <span class='ocr_line' id='line_1_17' title="bbox 1095 2207 2658 2298; baseline 0.001 -25"><span class='ocrx_word' id='word_1_178' title='bbox 1095 2207 1247 2274; x_wconf 81' lang='lat' dir='ltr'><strong>ficat</strong></span> <span class='ocrx_word' id='word_1_179' title='bbox 1304 2230 1386 2275; x_wconf 84' lang='lat' dir='ltr'><strong>ex</strong></span> <span class='ocrx_word' id='word_1_180' title='bbox 1439 2230 1577 2276; x_wconf 90' lang='lat' dir='ltr'><strong>una</strong></span> <span class='ocrx_word' id='word_1_181' title='bbox 1624 2218 1841 2298; x_wconf 88' lang='lat' dir='ltr'><strong>parte,</strong></span> <span class='ocrx_word' id='word_1_182' title='bbox 1902 2208 2100 2277; x_wconf 89' lang='lat' dir='ltr'><strong>multi</strong></span> <span class='ocrx_word' id='word_1_183' title='bbox 2160 2209 2521 2278; x_wconf 89' lang='lat' dir='ltr'><strong>destruunt</strong></span> <span class='ocrx_word' id='word_1_184' title='bbox 2576 2231 2658 2275; x_wconf 88' lang='lat' dir='ltr'><strong>ex</strong></span> 
     </span>
     <span class='ocr_line' id='line_1_18' title="bbox 1094 2315 2655 2409; baseline 0.002 -26"><span class='ocrx_word' id='word_1_185' title='bbox 1094 2315 1328 2384; x_wconf 88' lang='lat' dir='ltr'><strong>altera.</strong></span> <span class='ocrx_word' id='word_1_186' title='bbox 1366 2316 1571 2386; x_wconf 84' lang='lat' dir='ltr'><strong>Eccli.</strong></span> <span class='ocrx_word' id='word_1_187' title='bbox 1616 2341 1850 2395; x_wconf 79' lang='lat' dir='ltr'><strong>xxxiv,</strong></span> <span class='ocrx_word' id='word_1_188' title='bbox 1886 2320 1972 2386; x_wconf 76' lang='lat'><strong>:28</strong></span> <span class='ocrx_word' id='word_1_189' title='bbox 2006 2340 2021 2385; x_wconf 90' lang='lat'>:</span> <span class='ocrx_word' id='word_1_190' title='bbox 2061 2320 2251 2389; x_wconf 82' lang='lat' dir='ltr'><strong>Umes</strong></span> <span class='ocrx_word' id='word_1_191' title='bbox 2277 2318 2655 2409; x_wconf 78' lang='lat' dir='ltr'><strong>aedificans,</strong></span> 
     </span>
     <span class='ocr_line' id='line_1_19' title="bbox 1092 2426 2649 2519; baseline 0.002 -26"><span class='ocrx_word' id='word_1_192' title='bbox 1092 2435 1155 2493; x_wconf 88' lang='lat' dir='ltr'><strong>et</strong></span> <span class='ocrx_word' id='word_1_193' title='bbox 1207 2449 1385 2494; x_wconf 87' lang='lat' dir='ltr'><strong>unus</strong></span> <span class='ocrx_word' id='word_1_194' title='bbox 1434 2426 1785 2495; x_wconf 85' lang='lat' dir='ltr'><strong>destruens</strong></span> <span class='ocrx_word' id='word_1_195' title='bbox 1841 2450 1864 2495; x_wconf 94' lang='lat'><strong>.·</strong></span> <span class='ocrx_word' id='word_1_196' title='bbox 1906 2428 2084 2518; x_wconf 85' lang='lat' dir='ltr'><strong>quid</strong></span> <span class='ocrx_word' id='word_1_197' title='bbox 2130 2429 2411 2519; x_wconf 84' lang='lat' dir='ltr'><strong>prodest</strong></span> <span class='ocrx_word' id='word_1_198' title='bbox 2479 2428 2649 2505; x_wconf 82' lang='lat' dir='ltr'><strong>illis,</strong></span> 
     </span>
     <span class='ocr_line' id='line_1_20' title="bbox 1093 2534 1533 2603; baseline 0.005 -2"><span class='ocrx_word' id='word_1_199' title='bbox 1093 2536 1229 2603; x_wconf 81' lang='lat' dir='ltr'><strong>nisi</strong></span> <span class='ocrx_word' id='word_1_200' title='bbox 1259 2534 1459 2603; x_wconf 82' lang='lat' dir='ltr'><strong>labor</strong></span> <span class='ocrx_word' id='word_1_201' title='bbox 1491 2535 1533 2603; x_wconf 85' lang='lat'><em>?</em></span> 
     </span>
    </p>
   </div>
   <div class='ocr_carea' id='block_1_6' title="bbox 979 2753 2653 5303">
    <p class='ocr_par' dir='ltr' id='par_1_6' title="bbox 979 2753 2653 3596">
     <span class='ocr_line' id='line_1_21' title="bbox 1188 2753 2653 2845; baseline 0.003 -26"><span class='ocrx_word' id='word_1_202' title='bbox 1188 2781 1218 2811; x_wconf 75' lang='grc' dir='ltr'><strong>«ι</strong></span> <span class='ocrx_word' id='word_1_203' title='bbox 1264 2753 1760 2842; x_wconf 84' lang='lat' dir='ltr'><strong>Dispersiones.</strong></span> <span class='ocrx_word' id='word_1_204' title='bbox 1799 2780 1830 2814; x_wconf 72' lang='grc' dir='ltr'><strong>υ</strong></span> <span class='ocrx_word' id='word_1_205' title='bbox 1868 2753 1997 2819; x_wconf 84' lang='lat' dir='ltr'><strong>Hic</strong></span> <span class='ocrx_word' id='word_1_206' title='bbox 2053 2754 2357 2845; x_wconf 81' lang='lat' dir='ltr'><strong>tangitur</strong></span> <span class='ocrx_word' id='word_1_207' title='bbox 2406 2753 2653 2827; x_wconf 88' lang='lat' dir='ltr'><strong>modus</strong></span> 
     </span>
     <span class='ocr_line' id='line_1_22' title="bbox 1088 2857 2652 2955; baseline 0.006 -30"><span class='ocrx_word' id='word_1_208' title='bbox 1088 2867 1152 2925; x_wconf 93' lang='lat' dir='ltr'><strong>et</strong></span> <span class='ocrx_word' id='word_1_209' title='bbox 1192 2857 1362 2926; x_wconf 86' lang='lat' dir='ltr'><strong>ordo</strong></span> <span class='ocrx_word' id='word_1_210' title='bbox 1404 2858 1811 2928; x_wconf 83' lang='lat' dir='ltr'><strong>aedilicandi.</strong></span> <span class='ocrx_word' id='word_1_211' title='bbox 1854 2859 2091 2928; x_wconf 87' lang='lat' dir='ltr'><strong>Primo</strong></span> <span class='ocrx_word' id='word_1_212' title='bbox 2141 2884 2305 2952; x_wconf 90' lang='lat' dir='ltr'><strong>ergo</strong></span> <span class='ocrx_word' id='word_1_213' title='bbox 2356 2885 2652 2955; x_wconf 87' lang='lat' dir='ltr'><strong>congre-</strong></span> 
     </span>
     <span class='ocr_line' id='line_1_23' title="bbox 1085 2966 2644 3060; baseline 0.006 -27"><span class='ocrx_word' id='word_1_214' title='bbox 1085 2967 1270 3058; x_wconf 88' lang='lat' dir='ltr'><strong>gatio</strong></span> <span class='ocrx_word' id='word_1_215' title='bbox 1346 2966 1812 3058; x_wconf 81' lang='lat' dir='ltr'><strong>dispersorum</strong></span> <span class='ocrx_word' id='word_1_216' title='bbox 1879 2992 2000 3059; x_wconf 90' lang='lat' dir='ltr'><strong>per</strong></span> <span class='ocrx_word' id='word_1_217' title='bbox 2061 2970 2644 3060; x_wconf 69' lang='lat' dir='ltr'><strong>praedicationem.</strong></span> 
     </span>
     <span class='ocr_line' id='line_1_24' title="bbox 1087 3071 2652 3172; baseline 0.006 -32"><span class='ocrx_word' id='word_1_218' title='bbox 1087 3071 1433 3155; x_wconf 89' lang='lat' dir='ltr'><strong>Secundo,</strong></span> <span class='ocrx_word' id='word_1_219' title='bbox 1512 3076 1781 3142; x_wconf 88' lang='lat' dir='ltr'><strong>sanatio</strong></span> <span class='ocrx_word' id='word_1_220' title='bbox 1852 3084 2429 3169; x_wconf 87' lang='lat' dir='ltr'><strong>congregatorum</strong></span> <span class='ocrx_word' id='word_1_221' title='bbox 2493 3088 2652 3172; x_wconf 88' lang='lat' dir='ltr'><strong>post</strong></span> 
     </span>
     <span class='ocr_line' id='line_1_25' title="bbox 979 3182 2651 3275; baseline 0.005 -27"><span class='ocrx_word' id='word_1_222' title='bbox 979 3232 984 3237; x_wconf 83' lang='lat'>-</span> <span class='ocrx_word' id='word_1_223' title='bbox 1084 3182 1566 3250; x_wconf 82' lang='lat' dir='ltr'><strong>contritionem</strong></span> <span class='ocrx_word' id='word_1_224' title='bbox 1591 3182 1673 3251; x_wconf 90' lang='lat' dir='ltr'><strong>de</strong></span> <span class='ocrx_word' id='word_1_225' title='bbox 1708 3185 2026 3274; x_wconf 89' lang='lat' dir='ltr'><strong>peccatis,</strong></span> <span class='ocrx_word' id='word_1_226' title='bbox 2054 3184 2173 3270; x_wconf 84' lang='lat' dir='ltr'><strong>ibi,</strong></span> <span class='ocrx_word' id='word_1_227' title='bbox 2206 3193 2269 3262; x_wconf 68' lang='lat' dir='ltr'><strong>ir.</strong></span> <span class='ocrx_word' id='word_1_228' title='bbox 2307 3189 2346 3254; x_wconf 90' lang='lat'><strong>3</strong></span> <span class='ocrx_word' id='word_1_229' title='bbox 2382 3209 2398 3253; x_wconf 89' lang='lat'>:</span> <span class='ocrx_word' id='word_1_230' title='bbox 2443 3216 2475 3250; x_wconf 80' lang='grc' dir='ltr'><strong>α</strong></span> <span class='ocrx_word' id='word_1_231' title='bbox 2513 3189 2651 3275; x_wconf 88' lang='lat' dir='ltr'><strong>Qui</strong></span> 
     </span>
     <span class='ocr_line' id='line_1_26' title="bbox 1078 3290 2650 3386; baseline 0.004 -28"><span class='ocrx_word' id='word_1_232' title='bbox 1078 3301 1306 3358; x_wconf 86' lang='lat' dir='ltr'><strong>sanat.</strong></span> <span class='ocrx_word' id='word_1_233' title='bbox 1349 3315 1381 3355; x_wconf 69' lang='grc' dir='ltr'><strong><em>ι</em></strong></span> <span class='ocrx_word' id='word_1_234' title='bbox 1423 3290 1679 3372; x_wconf 87' lang='lat' dir='ltr'><strong>Tertio,</strong></span> <span class='ocrx_word' id='word_1_235' title='bbox 1725 3291 2029 3382; x_wconf 87' lang='lat' dir='ltr'><strong>alligatio</strong></span> <span class='ocrx_word' id='word_1_236' title='bbox 2073 3300 2474 3363; x_wconf 86' lang='lat' dir='ltr'><strong>sanatorum</strong></span> <span class='ocrx_word' id='word_1_237' title='bbox 2524 3319 2650 3386; x_wconf 91' lang='lat' dir='ltr'><strong>per</strong></span> 
     </span>
     <span class='ocr_line' id='line_1_27' title="bbox 1078 3401 2645 3492; baseline 0.005 -29"><span class='ocrx_word' id='word_1_238' title='bbox 1078 3408 1665 3467; x_wconf 88' lang='lat' dir='ltr'><strong>sacramentorum</strong></span> <span class='ocrx_word' id='word_1_239' title='bbox 1715 3401 2245 3492; x_wconf 88' lang='lat' dir='ltr'><strong>appositionem,</strong></span> <span class='ocrx_word' id='word_1_240' title='bbox 2304 3402 2423 3481; x_wconf 91' lang='lat' dir='ltr'><strong>ibi,</strong></span> <span class='ocrx_word' id='word_1_241' title='bbox 2472 3428 2508 3468; x_wconf 81' lang='lat'><strong>«</strong></span> <span class='ocrx_word' id='word_1_242' title='bbox 2557 3407 2645 3473; x_wconf 83' lang='lat' dir='ltr'><strong>Et</strong></span> 
     </span>
     <span class='ocr_line' id='line_1_28' title="bbox 1077 3506 1919 3596; baseline 0 -21"><span class='ocrx_word' id='word_1_243' title='bbox 1077 3506 1338 3596; x_wconf 72' lang='lat' dir='ltr'><strong>alliqat</strong></span> <span class='ocrx_word' id='word_1_244' title='bbox 1377 3510 1836 3577; x_wconf 75' lang='lat' dir='ltr'><strong>contritiones.</strong></span> <span class='ocrx_word' id='word_1_245' title='bbox 1887 3535 1919 3575; x_wconf 74' lang='grc' dir='ltr'><strong>ιι</strong></span> 
     </span>
    </p>

    <p class='ocr_par' dir='ltr' id='par_1_7' title="bbox 1055 3615 2642 5303">
     <span class='ocr_line' id='line_1_29' title="bbox 1169 3615 2642 3708; baseline 0.003 -25"><span class='ocrx_word' id='word_1_246' title='bbox 1169 3615 1347 3683; x_wconf 80' lang='lat' dir='ltr'><strong>Dicit</strong></span> <span class='ocrx_word' id='word_1_247' title='bbox 1404 3638 1568 3706; x_wconf 85' lang='lat' dir='ltr'><strong>ergo</strong></span> <span class='ocrx_word' id='word_1_248' title='bbox 1616 3638 1631 3684; x_wconf 76' lang='grc' dir='ltr'>ε</span> <span class='ocrx_word' id='word_1_249' title='bbox 1679 3616 1793 3685; x_wconf 88' lang='lat' dir='ltr'><strong>Sic</strong></span> <span class='ocrx_word' id='word_1_250' title='bbox 1840 3616 2017 3695; x_wconf 82' lang='lat' dir='ltr'><strong>dico,</strong></span> <span class='ocrx_word' id='word_1_251' title='bbox 2062 3618 2247 3708; x_wconf 87' lang='lat' dir='ltr'><strong>quod</strong></span> <span class='ocrx_word' id='word_1_252' title='bbox 2297 3618 2642 3689; x_wconf 80' lang='lat' dir='ltr'><strong>aedilicans</strong></span> 
     </span>
     <span class='ocr_line' id='line_1_30' title="bbox 1076 3722 2640 3803; baseline 0.004 -14"><span class='ocrx_word' id='word_1_253' title='bbox 1076 3731 1202 3803; x_wconf 88' lang='lat' dir='ltr'><strong>est,</strong></span> <span class='ocrx_word' id='word_1_254' title='bbox 1274 3731 1339 3791; x_wconf 88' lang='lat' dir='ltr'><strong>et</strong></span> <span class='ocrx_word' id='word_1_255' title='bbox 1407 3724 1534 3791; x_wconf 88' lang='lat' dir='ltr'><strong>erit</strong></span> <span class='ocrx_word' id='word_1_256' title='bbox 1601 3722 1968 3791; x_wconf 78' lang='lat' dir='ltr'><strong>Ecclesiam</strong></span> <span class='ocrx_word' id='word_1_257' title='bbox 2035 3746 2050 3792; x_wconf 76' lang='grc' dir='ltr'>ε</span> <span class='ocrx_word' id='word_1_258' title='bbox 2114 3735 2178 3793; x_wconf 83' lang='lat' dir='ltr'><strong>et</strong></span> <span class='ocrx_word' id='word_1_259' title='bbox 2246 3723 2378 3796; x_wconf 86' lang='lat' dir='ltr'><strong>hoc</strong></span> <span class='ocrx_word' id='word_1_260' title='bbox 2431 3729 2640 3796; x_wconf 89' lang='lat' dir='ltr'><strong>modo</strong></span> 
     </span>
     <span class='ocr_line' id='line_1_31' title="bbox 1089 3830 2642 3922; baseline 0.007 -29"><span class='ocrx_word' id='word_1_261' title='bbox 1089 3856 1118 3893; x_wconf 73' lang='grc' dir='ltr'>ι</span> <span class='ocrx_word' id='word_1_262' title='bbox 1154 3830 1614 3922; x_wconf 76' lang='lat' dir='ltr'><strong>dispersiones</strong></span> <span class='ocrx_word' id='word_1_263' title='bbox 1670 3832 1972 3911; x_wconf 80' lang='lat' dir='ltr'><strong>Israelis,</strong></span> <span class='ocrx_word' id='word_1_264' title='bbox 2028 3858 2060 3898; x_wconf 69' lang='grc' dir='ltr'><strong><em>ι</em></strong></span> <span class='ocrx_word' id='word_1_265' title='bbox 2117 3832 2335 3901; x_wconf 82' lang='lat' dir='ltr'><strong>tidelis</strong></span> <span class='ocrx_word' id='word_1_266' title='bbox 2382 3834 2642 3905; x_wconf 84' lang='lat' dir='ltr'><strong>scilicet</strong></span> 
     </span>
     <span class='ocr_line' id='line_1_32' title="bbox 1071 3935 2640 4028; baseline 0.004 -24"><span class='ocrx_word' id='word_1_267' title='bbox 1071 3936 1335 4028; x_wconf 80' lang='lat' dir='ltr'><strong>populi,</strong></span> <span class='ocrx_word' id='word_1_268' title='bbox 1380 3935 1512 4004; x_wconf 85' lang='lat' dir='ltr'><strong>hoc</strong></span> <span class='ocrx_word' id='word_1_269' title='bbox 1559 3947 1683 4012; x_wconf 85' lang='lat' dir='ltr'><strong>est,</strong></span> <span class='ocrx_word' id='word_1_270' title='bbox 1742 3938 1827 4004; x_wconf 87' lang='lat' dir='ltr'><strong>ad</strong></span> <span class='ocrx_word' id='word_1_271' title='bbox 1882 3937 2086 4006; x_wconf 79' lang='lat' dir='ltr'><strong>tidem</strong></span> <span class='ocrx_word' id='word_1_272' title='bbox 2127 3938 2349 4018; x_wconf 86' lang='lat' dir='ltr'><strong>electi,</strong></span> <span class='ocrx_word' id='word_1_273' title='bbox 2397 3967 2431 4003; x_wconf 77' lang='grc' dir='ltr'><strong>α</strong></span> <span class='ocrx_word' id='word_1_274' title='bbox 2473 3964 2640 4010; x_wconf 86' lang='lat' dir='ltr'><strong>con-</strong></span> 
     </span>
     <span class='ocr_line' id='line_1_33' title="bbox 1066 4044 2630 4137; baseline 0.006 -26"><span class='ocrx_word' id='word_1_275' title='bbox 1066 4044 1388 4137; x_wconf 77' lang='lat' dir='ltr'><strong>qreqabit</strong></span> <span class='ocrx_word' id='word_1_276' title='bbox 1413 4072 1445 4112; x_wconf 68' lang='grc' dir='ltr'><strong><em>ι</em></strong></span> <span class='ocrx_word' id='word_1_277' title='bbox 1468 4046 1539 4113; x_wconf 90' lang='lat' dir='ltr'><strong>in</strong></span> <span class='ocrx_word' id='word_1_278' title='bbox 1570 4047 1900 4114; x_wconf 82' lang='lat' dir='ltr'><strong>unitatem</strong></span> <span class='ocrx_word' id='word_1_279' title='bbox 1926 4047 2106 4118; x_wconf 87' lang='lat' dir='ltr'><strong>lidei.</strong></span> <span class='ocrx_word' id='word_1_280' title='bbox 2148 4047 2398 4118; x_wconf 86' lang='lat' dir='ltr'><strong>Thren.</strong></span> <span class='ocrx_word' id='word_1_281' title='bbox 2429 4072 2525 4135; x_wconf 75' lang='lat' dir='ltr'><strong>lv,</strong></span> <span class='ocrx_word' id='word_1_282' title='bbox 2552 4053 2582 4118; x_wconf 95' lang='grc'><strong>1</strong></span> <span class='ocrx_word' id='word_1_283' title='bbox 2614 4075 2630 4120; x_wconf 85' lang='lat'>:</span> 
     </span>
     <span class='ocr_line' id='line_1_34' title="bbox 1071 4154 2637 4253; baseline 0.003 -29"><span class='ocrx_word' id='word_1_284' title='bbox 1071 4156 1385 4247; x_wconf 82' lang='lat' dir='ltr'><strong>Dispersi</strong></span> <span class='ocrx_word' id='word_1_285' title='bbox 1418 4164 1583 4222; x_wconf 80' lang='lat' dir='ltr'><strong>sunt</strong></span> <span class='ocrx_word' id='word_1_286' title='bbox 1615 4154 1883 4247; x_wconf 81' lang='lat' dir='ltr'><strong>lapides</strong></span> <span class='ocrx_word' id='word_1_287' title='bbox 1907 4158 2321 4237; x_wconf 82' lang='lat' dir='ltr'><strong>sanctuarii,</strong></span> <span class='ocrx_word' id='word_1_288' title='bbox 2364 4182 2448 4228; x_wconf 82' lang='lat' dir='ltr'><strong>cx</strong></span> <span class='ocrx_word' id='word_1_289' title='bbox 2478 4161 2637 4253; x_wconf 90' lang='lat' dir='ltr'><strong>qui-</strong></span> 
     </span>
     <span class='ocr_line' id='line_1_35' title="bbox 1071 4262 2631 4353; baseline 0.004 -23"><span class='ocrx_word' id='word_1_290' title='bbox 1071 4262 1198 4330; x_wconf 85' lang='lat' dir='ltr'><strong>bus</strong></span> <span class='ocrx_word' id='word_1_291' title='bbox 1229 4262 1485 4331; x_wconf 85' lang='lat' dir='ltr'><strong>scilicet</strong></span> <span class='ocrx_word' id='word_1_292' title='bbox 1515 4272 1614 4330; x_wconf 88' lang='lat' dir='ltr'><strong>est</strong></span> <span class='ocrx_word' id='word_1_293' title='bbox 1635 4265 2097 4332; x_wconf 78' lang='lat' dir='ltr'><strong>sanctuarium</strong></span> <span class='ocrx_word' id='word_1_294' title='bbox 2124 4265 2631 4353; x_wconf 74' lang='lat' dir='ltr'><strong>aedificandum,</strong></span> 
     </span>
     <span class='ocr_line' id='line_1_36' title="bbox 1071 4371 2634 4468; baseline 0.006 -30"><span class='ocrx_word' id='word_1_295' title='bbox 1071 4371 1142 4439; x_wconf 83' lang='lat' dir='ltr'><strong>in</strong></span> <span class='ocrx_word' id='word_1_296' title='bbox 1190 4372 1417 4463; x_wconf 83' lang='lat' dir='ltr'><strong>capite</strong></span> <span class='ocrx_word' id='word_1_297' title='bbox 1474 4372 1783 4438; x_wconf 86' lang='lat' dir='ltr'><strong>omnium</strong></span> <span class='ocrx_word' id='word_1_298' title='bbox 1837 4373 2266 4464; x_wconf 84' lang='lat' dir='ltr'><strong>platearum.</strong></span> <span class='ocrx_word' id='word_1_299' title='bbox 2312 4375 2448 4445; x_wconf 86' lang='lat' dir='ltr'><strong>Sed</strong></span> <span class='ocrx_word' id='word_1_300' title='bbox 2491 4380 2634 4468; x_wconf 89' lang='lat' dir='ltr'><strong>ipse</strong></span> 
     </span>
     <span class='ocr_line' id='line_1_37' title="bbox 1066 4478 2635 4572; baseline 0.004 -26"><span class='ocrx_word' id='word_1_301' title='bbox 1066 4478 1513 4572; x_wconf 78' lang='lat' dir='ltr'><strong>congregabit</strong></span> <span class='ocrx_word' id='word_1_302' title='bbox 1559 4502 1701 4548; x_wconf 87' lang='lat' dir='ltr'><strong>eos.</strong></span> <span class='ocrx_word' id='word_1_303' title='bbox 1747 4478 2077 4549; x_wconf 79' lang='lat' dir='ltr'><strong>Ezechiel.</strong></span> <span class='ocrx_word' id='word_1_304' title='bbox 2128 4504 2226 4564; x_wconf 75' lang='lat' dir='ltr'><strong>xi,</strong></span> <span class='ocrx_word' id='word_1_305' title='bbox 2265 4484 2346 4551; x_wconf 81' lang='grc'><strong>17</strong></span> <span class='ocrx_word' id='word_1_306' title='bbox 2392 4485 2635 4555; x_wconf 87' lang='lat' dir='ltr'><strong>:Con-</strong></span> 
     </span>
     <span class='ocr_line' id='line_1_38' title="bbox 1060 4589 2634 4684; baseline 0.005 -27"><span class='ocrx_word' id='word_1_307' title='bbox 1060 4589 1365 4681; x_wconf 73' lang='lat' dir='ltr'><strong>qreqabo</strong></span> <span class='ocrx_word' id='word_1_308' title='bbox 1413 4612 1530 4659; x_wconf 84' lang='lat' dir='ltr'><strong>vos</strong></span> <span class='ocrx_word' id='word_1_309' title='bbox 1565 4591 1651 4659; x_wconf 84' lang='lat' dir='ltr'><strong>de</strong></span> <span class='ocrx_word' id='word_1_310' title='bbox 1694 4589 2004 4684; x_wconf 86' lang='lat' dir='ltr'><strong>populis,</strong></span> <span class='ocrx_word' id='word_1_311' title='bbox 2047 4603 2114 4661; x_wconf 82' lang='lat' dir='ltr'><strong>et</strong></span> <span class='ocrx_word' id='word_1_312' title='bbox 2169 4591 2498 4664; x_wconf 81' lang='lat' dir='ltr'><strong>adunabo</strong></span> <span class='ocrx_word' id='word_1_313' title='bbox 2548 4595 2634 4665; x_wconf 83' lang='lat' dir='ltr'><strong>de</strong></span> 
     </span>
     <span class='ocr_line' id='line_1_39' title="bbox 1064 4697 2622 4791; baseline 0.006 -27"><span class='ocrx_word' id='word_1_314' title='bbox 1064 4699 1263 4766; x_wconf 83' lang='lat' dir='ltr'><strong>terris</strong></span> <span class='ocrx_word' id='word_1_315' title='bbox 1293 4699 1366 4765; x_wconf 90' lang='lat' dir='ltr'><strong>in</strong></span> <span class='ocrx_word' id='word_1_316' title='bbox 1386 4697 1639 4791; x_wconf 83' lang='lat' dir='ltr'><strong>quibus</strong></span> <span class='ocrx_word' id='word_1_317' title='bbox 1660 4699 1954 4790; x_wconf 83' lang='lat' dir='ltr'><strong>dispersi</strong></span> <span class='ocrx_word' id='word_1_318' title='bbox 1971 4702 2153 4769; x_wconf 82' lang='lat' dir='ltr'><strong>estis.</strong></span> <span class='ocrx_word' id='word_1_319' title='bbox 2186 4698 2385 4781; x_wconf 90' lang='lat' dir='ltr'><strong>Osce,</strong></span> <span class='ocrx_word' id='word_1_320' title='bbox 2411 4726 2459 4783; x_wconf 89' lang='lat'><strong>1,</strong></span> <span class='ocrx_word' id='word_1_321' title='bbox 2498 4705 2573 4773; x_wconf 91' lang='grc'><strong>11</strong></span> <span class='ocrx_word' id='word_1_322' title='bbox 2606 4728 2622 4772; x_wconf 89' lang='lat'>:</span> 
     </span>
     <span class='ocr_line' id='line_1_40' title="bbox 1065 4804 2630 4899; baseline 0.004 -24"><span class='ocrx_word' id='word_1_323' title='bbox 1065 4804 1691 4897; x_wconf 76' lang='lat' dir='ltr'><strong>Conqreqabuntur</strong></span> <span class='ocrx_word' id='word_1_324' title='bbox 1733 4805 1879 4895; x_wconf 86' lang='lat' dir='ltr'><strong>filii</strong></span> <span class='ocrx_word' id='word_1_325' title='bbox 1901 4806 2095 4876; x_wconf 75' lang='lat' dir='ltr'><strong>luda</strong></span> <span class='ocrx_word' id='word_1_326' title='bbox 2124 4819 2189 4877; x_wconf 85' lang='lat' dir='ltr'><strong>et</strong></span> <span class='ocrx_word' id='word_1_327' title='bbox 2231 4809 2377 4899; x_wconf 81' lang='lat' dir='ltr'><strong>filii</strong></span> <span class='ocrx_word' id='word_1_328' title='bbox 2403 4811 2630 4880; x_wconf 82' lang='lat' dir='ltr'><strong>lsrael</strong></span> 
     </span>
     <span class='ocr_line' id='line_1_41' title="bbox 1055 4915 2613 5009; baseline 0.004 -30"><span class='ocrx_word' id='word_1_329' title='bbox 1055 4915 1324 5004; x_wconf 84' lang='lat' dir='ltr'><strong>pariter</strong></span> <span class='ocrx_word' id='word_1_330' title='bbox 1370 4939 1393 4982; x_wconf 89' lang='lat'><em>:</em></span> <span class='ocrx_word' id='word_1_331' title='bbox 1437 4925 1503 4983; x_wconf 86' lang='lat' dir='ltr'><strong>et</strong></span> <span class='ocrx_word' id='word_1_332' title='bbox 1530 4925 1785 5007; x_wconf 84' lang='lat' dir='ltr'><strong>ponent</strong></span> <span class='ocrx_word' id='word_1_333' title='bbox 1810 4915 2085 4983; x_wconf 86' lang='lat' dir='ltr'><strong>sibimet</strong></span> <span class='ocrx_word' id='word_1_334' title='bbox 2129 4929 2342 5009; x_wconf 87' lang='lat' dir='ltr'><strong>caput</strong></span> <span class='ocrx_word' id='word_1_335' title='bbox 2375 4941 2613 4988; x_wconf 86' lang='lat' dir='ltr'><strong>unum.</strong></span> 
     </span>
     <span class='ocr_line' id='line_1_42' title="bbox 1066 5019 2623 5115; baseline 0.006 -28"><span class='ocrx_word' id='word_1_336' title='bbox 1066 5019 1282 5098; x_wconf 86' lang='lat' dir='ltr'><strong>Unde,</strong></span> <span class='ocrx_word' id='word_1_337' title='bbox 1346 5019 1479 5091; x_wconf 86' lang='lat' dir='ltr'><strong>lsa.</strong></span> <span class='ocrx_word' id='word_1_338' title='bbox 1547 5044 1643 5101; x_wconf 77' lang='lat' dir='ltr'><strong>xl,</strong></span> <span class='ocrx_word' id='word_1_339' title='bbox 1694 5024 1824 5090; x_wconf 81' lang='lat'><strong>12:</strong></span> <span class='ocrx_word' id='word_1_340' title='bbox 1869 5023 2154 5092; x_wconf 79' lang='lat' dir='ltr'><strong>Levabit</strong></span> <span class='ocrx_word' id='word_1_341' title='bbox 2206 5026 2489 5115; x_wconf 79' lang='lat' dir='ltr'><strong>siqnum</strong></span> <span class='ocrx_word' id='word_1_342' title='bbox 2550 5029 2623 5097; x_wconf 82' lang='lat' dir='ltr'><strong>in</strong></span> 
     </span>
     <span class='ocr_line' id='line_1_43' title="bbox 1061 5128 2622 5225; baseline 0.006 -31"><span class='ocrx_word' id='word_1_343' title='bbox 1061 5128 1374 5196; x_wconf 85' lang='lat' dir='ltr'><strong>nationes</strong></span> <span class='ocrx_word' id='word_1_344' title='bbox 1392 5129 1671 5221; x_wconf 91' lang='lat' dir='ltr'><strong>procul,</strong></span> <span class='ocrx_word' id='word_1_345' title='bbox 1706 5139 1770 5196; x_wconf 84' lang='lat' dir='ltr'><strong>et</strong></span> <span class='ocrx_word' id='word_1_346' title='bbox 1810 5130 2255 5223; x_wconf 77' lang='lat' dir='ltr'><strong>conqreqabit</strong></span> <span class='ocrx_word' id='word_1_347' title='bbox 2276 5135 2622 5225; x_wconf 77' lang='lat' dir='ltr'><strong>prosuqos</strong></span> 
     </span>
     <span class='ocr_line' id='line_1_44' title="bbox 1059 5234 1305 5303; baseline 0.008 -2"><span class='ocrx_word' id='word_1_348' title='bbox 1059 5234 1305 5303; x_wconf 87' lang='lat' dir='ltr'><strong>Israel.</strong></span> 
     </span>
    </p>
   </div>
   <div class='ocr_carea' id='block_1_7' title="bbox 1055 5554 2619 5863">
    <p class='ocr_par' dir='ltr' id='par_1_8' title="bbox 1055 5554 2619 5863">
     <span class='ocr_line' id='line_1_45' title="bbox 1148 5554 2617 5637; baseline 0.009 -23"><span class='ocrx_word' id='word_1_349' title='bbox 1148 5578 1182 5614; x_wconf 71' lang='grc' dir='ltr'><strong><em>κ</em></strong></span> <span class='ocrx_word' id='word_1_350' title='bbox 1229 5554 1369 5637; x_wconf 87' lang='lat' dir='ltr'><strong>Qui</strong></span> <span class='ocrx_word' id='word_1_351' title='bbox 1420 5563 1628 5621; x_wconf 82' lang='lat' dir='ltr'><strong>sanat</strong></span> <span class='ocrx_word' id='word_1_352' title='bbox 1693 5555 2019 5622; x_wconf 83' lang='lat' dir='ltr'><strong>contritos</strong></span> <span class='ocrx_word' id='word_1_353' title='bbox 2074 5556 2299 5626; x_wconf 84' lang='lat' dir='ltr'><strong>corde.</strong></span> <span class='ocrx_word' id='word_1_354' title='bbox 2344 5583 2374 5618; x_wconf 73' lang='lat' dir='ltr'><strong>n</strong></span> <span class='ocrx_word' id='word_1_355' title='bbox 2442 5556 2617 5628; x_wconf 89' lang='lat' dir='ltr'><strong>Ecce</strong></span> 
     </span>
     <span class='ocr_line' id='line_1_46' title="bbox 1055 5659 2618 5757; baseline 0.005 -30"><span class='ocrx_word' id='word_1_356' title='bbox 1055 5660 1460 5730; x_wconf 86' lang='lat' dir='ltr'><strong>secundum.</strong></span> <span class='ocrx_word' id='word_1_357' title='bbox 1497 5659 1705 5740; x_wconf 86' lang='lat' dir='ltr'><strong>Quasi</strong></span> <span class='ocrx_word' id='word_1_358' title='bbox 1732 5660 1985 5731; x_wconf 87' lang='lat' dir='ltr'><strong>diceret</strong></span> <span class='ocrx_word' id='word_1_359' title='bbox 2017 5684 2033 5730; x_wconf 74' lang='grc' dir='ltr'><strong><em>ε</em></strong></span> <span class='ocrx_word' id='word_1_360' title='bbox 2073 5661 2188 5730; x_wconf 89' lang='lat' dir='ltr'><strong>Sic</strong></span> <span class='ocrx_word' id='word_1_361' title='bbox 2217 5663 2395 5745; x_wconf 88' lang='lat' dir='ltr'><strong>dico,</strong></span> <span class='ocrx_word' id='word_1_362' title='bbox 2430 5667 2618 5757; x_wconf 89' lang='lat' dir='ltr'><strong>quod</strong></span> 
     </span>
     <span class='ocr_line' id='line_1_47' title="bbox 1057 5765 2619 5863; baseline 0.003 -28"><span class='ocrx_word' id='word_1_363' title='bbox 1057 5765 1526 5858; x_wconf 81' lang='lat' dir='ltr'><strong>congregabit,</strong></span> <span class='ocrx_word' id='word_1_364' title='bbox 1574 5793 1606 5832; x_wconf 70' lang='grc' dir='ltr'><strong>α</strong></span> <span class='ocrx_word' id='word_1_365' title='bbox 1641 5768 1765 5859; x_wconf 83' lang='lat' dir='ltr'><strong>qui</strong></span> <span class='ocrx_word' id='word_1_366' title='bbox 1789 5778 2018 5847; x_wconf 85' lang='lat' dir='ltr'><strong>sanat,</strong></span> <span class='ocrx_word' id='word_1_367' title='bbox 2061 5796 2091 5833; x_wconf 71' lang='grc' dir='ltr'><strong>υ</strong></span> <span class='ocrx_word' id='word_1_368' title='bbox 2137 5780 2501 5863; x_wconf 84' lang='lat' dir='ltr'><strong>postquam</strong></span> <span class='ocrx_word' id='word_1_369' title='bbox 2535 5772 2619 5840; x_wconf 88' lang='lat' dir='ltr'><strong>ad</strong></span> 
     </span>
    </p>
   </div>
   <div class='ocr_carea' id='block_1_8' title="bbox 2741 2094 4321 4352">
    <p class='ocr_par' dir='ltr' id='par_1_9' title="bbox 2741 2094 4321 4352">
     <span class='ocr_line' id='line_1_48' title="bbox 2866 2094 4321 2185; baseline 0.001 -25"><span class='ocrx_word' id='word_1_370' title='bbox 2866 2119 2897 2160; x_wconf 74' lang='lat' dir='ltr'><strong>c</strong></span> <span class='ocrx_word' id='word_1_371' title='bbox 2945 2096 3035 2162; x_wconf 85' lang='lat' dir='ltr'><strong>Et</strong></span> <span class='ocrx_word' id='word_1_372' title='bbox 3064 2094 3338 2185; x_wconf 76' lang='lat' dir='ltr'><strong>alliyal.</strong></span> <span class='ocrx_word' id='word_1_373' title='bbox 3377 2121 3403 2157; x_wconf 77' lang='lat' dir='ltr'><strong>n</strong></span> <span class='ocrx_word' id='word_1_374' title='bbox 3451 2096 3620 2165; x_wconf 87' lang='lat' dir='ltr'><strong>Ecce</strong></span> <span class='ocrx_word' id='word_1_375' title='bbox 3660 2098 3959 2166; x_wconf 86' lang='lat' dir='ltr'><strong>tertium.</strong></span> <span class='ocrx_word' id='word_1_376' title='bbox 3997 2096 4206 2178; x_wconf 89' lang='lat' dir='ltr'><strong>Quasi</strong></span> <span class='ocrx_word' id='word_1_377' title='bbox 4224 2097 4321 2164; x_wconf 88' lang='lat' dir='ltr'><strong>di-</strong></span> 
     </span>
     <span class='ocr_line' id='line_1_49' title="bbox 2772 2203 4316 2298; baseline 0.004 -28"><span class='ocrx_word' id='word_1_378' title='bbox 2772 2210 3009 2271; x_wconf 85' lang='lat' dir='ltr'><strong>ceret:</strong></span> <span class='ocrx_word' id='word_1_379' title='bbox 3076 2203 3189 2272; x_wconf 91' lang='lat' dir='ltr'><strong>Sic</strong></span> <span class='ocrx_word' id='word_1_380' title='bbox 3247 2204 3478 2273; x_wconf 80' lang='lat' dir='ltr'><strong>fideles</strong></span> <span class='ocrx_word' id='word_1_381' title='bbox 3515 2207 3764 2297; x_wconf 82' lang='lat' dir='ltr'><strong>primo,</strong></span> <span class='ocrx_word' id='word_1_382' title='bbox 3810 2215 3876 2274; x_wconf 87' lang='lat' dir='ltr'><strong>et</strong></span> <span class='ocrx_word' id='word_1_383' title='bbox 3938 2230 4061 2298; x_wconf 87' lang='lat' dir='ltr'><strong>per</strong></span> <span class='ocrx_word' id='word_1_384' title='bbox 4118 2207 4316 2276; x_wconf 80' lang='lat' dir='ltr'><strong>fidem</strong></span> 
     </span>
     <span class='ocr_line' id='line_1_50' title="bbox 2770 2312 4321 2405; baseline 0.003 -26"><span class='ocrx_word' id='word_1_385' title='bbox 2770 2312 3096 2380; x_wconf 89' lang='lat' dir='ltr'><strong>contritos</strong></span> <span class='ocrx_word' id='word_1_386' title='bbox 3163 2313 3243 2381; x_wconf 92' lang='lat' dir='ltr'><strong>de</strong></span> <span class='ocrx_word' id='word_1_387' title='bbox 3319 2323 3595 2405; x_wconf 88' lang='lat' dir='ltr'><strong>peccato</strong></span> <span class='ocrx_word' id='word_1_388' title='bbox 3665 2323 3885 2395; x_wconf 85' lang='lat' dir='ltr'><strong>sanat,</strong></span> <span class='ocrx_word' id='word_1_389' title='bbox 3960 2342 3992 2381; x_wconf 66' lang='grc' dir='ltr'><strong>α</strong></span> <span class='ocrx_word' id='word_1_390' title='bbox 4047 2326 4110 2383; x_wconf 90' lang='lat' dir='ltr'><strong>et</strong></span> <span class='ocrx_word' id='word_1_391' title='bbox 4158 2315 4321 2384; x_wconf 90' lang='lat' dir='ltr'><strong>alli-</strong></span> 
     </span>
     <span class='ocr_line' id='line_1_51' title="bbox 2764 2424 4318 2514; baseline 0.002 -27"><span class='ocrx_word' id='word_1_392' title='bbox 2764 2429 2913 2510; x_wconf 79' lang='lat' dir='ltr'><strong>qat,</strong></span> <span class='ocrx_word' id='word_1_393' title='bbox 2952 2444 2984 2484; x_wconf 68' lang='grc' dir='ltr'><strong><em>ι</em></strong></span> <span class='ocrx_word' id='word_1_394' title='bbox 3039 2430 3460 2490; x_wconf 88' lang='lat' dir='ltr'><strong>sacramenta</strong></span> <span class='ocrx_word' id='word_1_395' title='bbox 3508 2425 3941 2514; x_wconf 82' lang='lat' dir='ltr'><strong>apponendO,</strong></span> <span class='ocrx_word' id='word_1_396' title='bbox 3981 2451 4014 2487; x_wconf 78' lang='grc' dir='ltr'>α</span> <span class='ocrx_word' id='word_1_397' title='bbox 4067 2424 4318 2492; x_wconf 83' lang='lat' dir='ltr'><strong>contri-</strong></span> 
     </span>
     <span class='ocr_line' id='line_1_52' title="bbox 2767 2529 4313 2612; baseline 0.003 -18"><span class='ocrx_word' id='word_1_398' title='bbox 2767 2529 2978 2597; x_wconf 85' lang='lat' dir='ltr'><strong>tiones</strong></span> <span class='ocrx_word' id='word_1_399' title='bbox 3021 2551 3276 2597; x_wconf 81' lang='lat' dir='ltr'><strong>eorum.</strong></span> <span class='ocrx_word' id='word_1_400' title='bbox 3324 2556 3358 2593; x_wconf 70' lang='lat' dir='ltr'><strong>n</strong></span> <span class='ocrx_word' id='word_1_401' title='bbox 3419 2529 3622 2598; x_wconf 85' lang='lat' dir='ltr'><strong>Eccli.</strong></span> <span class='ocrx_word' id='word_1_402' title='bbox 3679 2554 3772 2612; x_wconf 78' lang='lat' dir='ltr'><strong>vt,</strong></span> <span class='ocrx_word' id='word_1_403' title='bbox 3824 2532 3901 2599; x_wconf 87' lang='lat'><strong>31</strong></span> <span class='ocrx_word' id='word_1_404' title='bbox 3943 2552 3959 2600; x_wconf 74' lang='grc' dir='ltr'>ε</span> <span class='ocrx_word' id='word_1_405' title='bbox 4030 2531 4313 2599; x_wconf 85' lang='lat' dir='ltr'><strong>Vincula</strong></span> 
     </span>
     <span class='ocr_line' id='line_1_53' title="bbox 2768 2634 4312 2729; baseline 0.004 -29"><span class='ocrx_word' id='word_1_406' title='bbox 2768 2634 2988 2717; x_wconf 86' lang='lat' dir='ltr'><strong>illius,</strong></span> <span class='ocrx_word' id='word_1_407' title='bbox 3032 2635 3421 2728; x_wconf 77' lang='lat' dir='ltr'><strong>alliqatura</strong></span> <span class='ocrx_word' id='word_1_408' title='bbox 3458 2639 3801 2705; x_wconf 86' lang='lat' dir='ltr'><strong>sanitatis.</strong></span> <span class='ocrx_word' id='word_1_409' title='bbox 3847 2635 4139 2729; x_wconf 84' lang='lat' dir='ltr'><strong>Propter</strong></span> <span class='ocrx_word' id='word_1_410' title='bbox 4183 2637 4312 2706; x_wconf 90' lang='lat' dir='ltr'><strong>hoc</strong></span> 
     </span>
     <span class='ocr_line' id='line_1_54' title="bbox 2764 2741 4307 2834; baseline 0.003 -26"><span class='ocrx_word' id='word_1_411' title='bbox 2764 2741 3050 2809; x_wconf 86' lang='lat' dir='ltr'><strong>miratur</strong></span> <span class='ocrx_word' id='word_1_412' title='bbox 3077 2742 3158 2810; x_wconf 78' lang='lat' dir='ltr'><strong>(le</strong></span> <span class='ocrx_word' id='word_1_413' title='bbox 3212 2752 3439 2812; x_wconf 87' lang='lat' dir='ltr'><strong>nostra</strong></span> <span class='ocrx_word' id='word_1_414' title='bbox 3497 2743 3697 2834; x_wconf 88' lang='lat' dir='ltr'><strong>plaga</strong></span> <span class='ocrx_word' id='word_1_415' title='bbox 3746 2751 3812 2812; x_wconf 86' lang='lat' dir='ltr'><strong>et</strong></span> <span class='ocrx_word' id='word_1_416' title='bbox 3859 2744 4307 2825; x_wconf 68' lang='lat' dir='ltr'><strong>contractura,</strong></span> 
     </span>
     <span class='ocr_line' id='line_1_55' title="bbox 2759 2848 4311 2942; baseline 0.002 -26"><span class='ocrx_word' id='word_1_417' title='bbox 2759 2848 3010 2917; x_wconf 88' lang='lat' dir='ltr'><strong>Jerem.</strong></span> <span class='ocrx_word' id='word_1_418' title='bbox 3045 2872 3189 2933; x_wconf 78' lang='lat' dir='ltr'><strong>vm,</strong></span> <span class='ocrx_word' id='word_1_419' title='bbox 3224 2853 3307 2917; x_wconf 81' lang='lat'><strong>22</strong></span> <span class='ocrx_word' id='word_1_420' title='bbox 3345 2873 3358 2917; x_wconf 90' lang='lat'><strong>:</strong></span> <span class='ocrx_word' id='word_1_421' title='bbox 3394 2852 3761 2942; x_wconf 82' lang='lat' dir='ltr'><strong>Numquid</strong></span> <span class='ocrx_word' id='word_1_422' title='bbox 3785 2853 4009 2920; x_wconf 86' lang='lat' dir='ltr'><strong>resina</strong></span> <span class='ocrx_word' id='word_1_423' title='bbox 4048 2875 4184 2921; x_wconf 85' lang='lat' dir='ltr'><strong>non</strong></span> <span class='ocrx_word' id='word_1_424' title='bbox 4215 2863 4311 2920; x_wconf 84' lang='lat' dir='ltr'><strong>est</strong></span> 
     </span>
     <span class='ocr_line' id='line_1_56' title="bbox 2760 2955 4307 3037; baseline 0.003 -14"><span class='ocrx_word' id='word_1_425' title='bbox 2760 2956 2831 3023; x_wconf 85' lang='lat' dir='ltr'><strong>in</strong></span> <span class='ocrx_word' id='word_1_426' title='bbox 2867 2957 3149 3025; x_wconf 87' lang='lat' dir='ltr'><strong>Galaad</strong></span> <span class='ocrx_word' id='word_1_427' title='bbox 3179 2955 3222 3026; x_wconf 70' lang='grc' dir='ltr'><strong>ξ)</strong></span> <span class='ocrx_word' id='word_1_428' title='bbox 3263 2956 3330 3025; x_wconf 85' lang='lat' dir='ltr'><strong>id</strong></span> <span class='ocrx_word' id='word_1_429' title='bbox 3370 2967 3495 3037; x_wconf 86' lang='lat' dir='ltr'><strong>est,</strong></span> <span class='ocrx_word' id='word_1_430' title='bbox 3540 2959 3609 3026; x_wconf 92' lang='lat' dir='ltr'><strong>in</strong></span> <span class='ocrx_word' id='word_1_431' title='bbox 3649 2958 3948 3028; x_wconf 88' lang='lat' dir='ltr'><strong>Ecclesia</strong></span> <span class='ocrx_word' id='word_1_432' title='bbox 3983 2960 4019 3027; x_wconf 80' lang='lat'><strong>⁴?</strong></span> <span class='ocrx_word' id='word_1_433' title='bbox 4051 2958 4307 3028; x_wconf 86' lang='lat' dir='ltr'><strong>Galaad</strong></span> 
     </span>
     <span class='ocr_line' id='line_1_57' title="bbox 2759 3065 4307 3156; baseline 0.003 -24"><span class='ocrx_word' id='word_1_434' title='bbox 2759 3065 2941 3132; x_wconf 86' lang='lat' dir='ltr'><strong>enim</strong></span> <span class='ocrx_word' id='word_1_435' title='bbox 2982 3065 3461 3156; x_wconf 89' lang='lat' dir='ltr'><strong>interpretatur</strong></span> <span class='ocrx_word' id='word_1_436' title='bbox 3498 3089 3777 3135; x_wconf 76' lang='lat' dir='ltr'><strong>acervus</strong></span> <span class='ocrx_word' id='word_1_437' title='bbox 3806 3068 4206 3150; x_wconf 85' lang='lat' dir='ltr'><strong>testimonii,</strong></span> <span class='ocrx_word' id='word_1_438' title='bbox 4239 3077 4307 3136; x_wconf 86' lang='lat' dir='ltr'><strong>et</strong></span> 
     </span>
     <span class='ocr_line' id='line_1_58' title="bbox 2756 3174 4305 3267; baseline 0 -24"><span class='ocrx_word' id='word_1_439' title='bbox 2756 3174 3124 3243; x_wconf 88' lang='lat' dir='ltr'><strong>Ecclesiam</strong></span> <span class='ocrx_word' id='word_1_440' title='bbox 3174 3177 3423 3267; x_wconf 85' lang='lat' dir='ltr'><strong>signat.</strong></span> <span class='ocrx_word' id='word_1_441' title='bbox 3459 3174 3731 3255; x_wconf 69' lang='lat' dir='ltr'><strong>llesina,</strong></span> <span class='ocrx_word' id='word_1_442' title='bbox 3767 3199 3918 3266; x_wconf 82' lang='lat' dir='ltr'><strong>quae</strong></span> <span class='ocrx_word' id='word_1_443' title='bbox 3964 3177 4305 3267; x_wconf 89' lang='lat' dir='ltr'><strong>corrupti-</strong></span> 
     </span>
     <span class='ocr_line' id='line_1_59' title="bbox 2756 3281 4301 3374; baseline 0.002 -24"><span class='ocrx_word' id='word_1_444' title='bbox 2756 3305 2955 3350; x_wconf 84' lang='lat' dir='ltr'><strong>onem</strong></span> <span class='ocrx_word' id='word_1_445' title='bbox 2990 3281 3290 3367; x_wconf 88' lang='lat' dir='ltr'><strong>attrahit,</strong></span> <span class='ocrx_word' id='word_1_446' title='bbox 3315 3283 3759 3352; x_wconf 84' lang='lat' dir='ltr'><strong>consessionis</strong></span> <span class='ocrx_word' id='word_1_447' title='bbox 3790 3291 3856 3351; x_wconf 91' lang='lat' dir='ltr'><strong>et</strong></span> <span class='ocrx_word' id='word_1_448' title='bbox 3885 3286 4301 3374; x_wconf 83' lang='lat' dir='ltr'><strong>poenitentiae</strong></span> 
     </span>
     <span class='ocr_line' id='line_1_60' title="bbox 2754 3390 4298 3482; baseline 0 -24"><span class='ocrx_word' id='word_1_449' title='bbox 2754 3401 3274 3459; x_wconf 86' lang='lat' dir='ltr'><strong>sacramentum.</strong></span> <span class='ocrx_word' id='word_1_450' title='bbox 3312 3392 3452 3459; x_wconf 80' lang='lat' dir='ltr'><strong>Aut</strong></span> <span class='ocrx_word' id='word_1_451' title='bbox 3490 3390 4164 3482; x_wconf 53' lang='lat' dir='ltr'><strong>noeedicees‚2Cliristus</strong></span> <span class='ocrx_word' id='word_1_452' title='bbox 4193 3390 4298 3458; x_wconf 80' lang='lat' dir='ltr'><strong>vel</strong></span> 
     </span>
     <span class='ocr_line' id='line_1_61' title="bbox 2755 3503 4302 3594; baseline -0.001 -23"><span class='ocrx_word' id='word_1_453' title='bbox 2755 3503 3103 3580; x_wconf 71' lang='lat' dir='ltr'><strong>Pra’latuS,</strong></span> <span class='ocrx_word' id='word_1_454' title='bbox 3157 3504 3269 3593; x_wconf 90' lang='lat' dir='ltr'><strong>qui</strong></span> <span class='ocrx_word' id='word_1_455' title='bbox 3314 3504 3606 3571; x_wconf 87' lang='lat' dir='ltr'><strong>resinam</strong></span> <span class='ocrx_word' id='word_1_456' title='bbox 3657 3512 3980 3594; x_wconf 85' lang='lat' dir='ltr'><strong>apponat,</strong></span> <span class='ocrx_word' id='word_1_457' title='bbox 4032 3526 4167 3570; x_wconf 85' lang='lat' dir='ltr'><strong>non</strong></span> <span class='ocrx_word' id='word_1_458' title='bbox 4206 3513 4302 3571; x_wconf 88' lang='lat' dir='ltr'><strong>est</strong></span> 
     </span>
     <span class='ocr_line' id='line_1_62' title="bbox 2751 3609 4304 3702; baseline -0.001 -23"><span class='ocrx_word' id='word_1_459' title='bbox 2751 3610 2850 3680; x_wconf 89' lang='lat' dir='ltr'><strong>ibi</strong></span> <span class='ocrx_word' id='word_1_460' title='bbox 2891 3609 2933 3679; x_wconf 80' lang='lat'><strong>:⁷</strong></span> <span class='ocrx_word' id='word_1_461' title='bbox 2959 3609 3168 3690; x_wconf 80' lang='lat' dir='ltr'><strong>Quasi</strong></span> <span class='ocrx_word' id='word_1_462' title='bbox 3207 3611 3459 3679; x_wconf 85' lang='lat' dir='ltr'><strong>diceret</strong></span> <span class='ocrx_word' id='word_1_463' title='bbox 3493 3632 3508 3677; x_wconf 74' lang='grc' dir='ltr'>ε</span> <span class='ocrx_word' id='word_1_464' title='bbox 3555 3610 3704 3679; x_wconf 88' lang='lat' dir='ltr'><strong>lmo</strong></span> <span class='ocrx_word' id='word_1_465' title='bbox 3738 3620 3862 3679; x_wconf 81' lang='lat' dir='ltr'><strong>est.</strong></span> <span class='ocrx_word' id='word_1_466' title='bbox 3917 3614 4146 3697; x_wconf 83' lang='lat' dir='ltr'><strong>Quare</strong></span> <span class='ocrx_word' id='word_1_467' title='bbox 4176 3612 4304 3702; x_wconf 79' lang='lat' dir='ltr'><strong>iqi-</strong></span> 
     </span>
     <span class='ocr_line' id='line_1_63' title="bbox 2750 3719 4303 3811; baseline -0.002 -23"><span class='ocrx_word' id='word_1_468' title='bbox 2750 3730 2865 3788; x_wconf 85' lang='lat' dir='ltr'><strong>tur</strong></span> <span class='ocrx_word' id='word_1_469' title='bbox 2892 3743 3024 3787; x_wconf 85' lang='lat' dir='ltr'><strong>non</strong></span> <span class='ocrx_word' id='word_1_470' title='bbox 3069 3728 3166 3787; x_wconf 81' lang='lat' dir='ltr'><strong>est</strong></span> <span class='ocrx_word' id='word_1_471' title='bbox 3200 3719 3495 3786; x_wconf 85' lang='lat' dir='ltr'><strong>obducta</strong></span> <span class='ocrx_word' id='word_1_472' title='bbox 3524 3720 3814 3787; x_wconf 66' lang='lat' dir='ltr'><strong>cicatrix</strong></span> <span class='ocrx_word' id='word_1_473' title='bbox 3847 3719 4019 3807; x_wconf 57' lang='lat' dir='ltr'><strong>filice</strong></span> <span class='ocrx_word' id='word_1_474' title='bbox 4049 3720 4303 3811; x_wconf 89' lang='lat' dir='ltr'><strong>populi</strong></span> 
     </span>
     <span class='ocr_line' id='line_1_64' title="bbox 2748 3828 4304 3919; baseline 0 -21"><span class='ocrx_word' id='word_1_475' title='bbox 2748 3832 2935 3899; x_wconf 82' lang='lat' dir='ltr'><strong>mei?</strong></span> <span class='ocrx_word' id='word_1_476' title='bbox 2969 3828 3291 3898; x_wconf 77' lang='lat' dir='ltr'><strong>Ezechiel.</strong></span> <span class='ocrx_word' id='word_1_477' title='bbox 3338 3853 3575 3909; x_wconf 75' lang='lat' dir='ltr'><strong>xxxiv,</strong></span> <span class='ocrx_word' id='word_1_478' title='bbox 3618 3831 3694 3897; x_wconf 81' lang='lat'><strong>16</strong></span> <span class='ocrx_word' id='word_1_479' title='bbox 3739 3852 3754 3895; x_wconf 91' lang='lat'>:</span> <span class='ocrx_word' id='word_1_480' title='bbox 3796 3830 3999 3914; x_wconf 80' lang='lat' dir='ltr'><strong>(tuod</strong></span> <span class='ocrx_word' id='word_1_481' title='bbox 4032 3834 4304 3919; x_wconf 74' lang='lat' dir='ltr'><strong>confra-</strong></span> 
     </span>
     <span class='ocr_line' id='line_1_65' title="bbox 2745 3937 4300 4030; baseline -0.003 -20"><span class='ocrx_word' id='word_1_482' title='bbox 2745 3952 2927 4010; x_wconf 84' lang='lat' dir='ltr'><strong>ctum</strong></span> <span class='ocrx_word' id='word_1_483' title='bbox 2974 3945 3233 4030; x_wconf 76' lang='lat' dir='ltr'><strong>luerat.</strong></span> <span class='ocrx_word' id='word_1_484' title='bbox 3267 3937 3607 4030; x_wconf 73' lang='lat' dir='ltr'><strong>alliqabO.</strong></span> <span class='ocrx_word' id='word_1_485' title='bbox 3657 3937 3786 4006; x_wconf 73' lang='lat' dir='ltr'><strong>lsa.</strong></span> <span class='ocrx_word' id='word_1_486' title='bbox 3837 3961 3991 4009; x_wconf 67' lang='grc' dir='ltr'><strong>ινιι.</strong></span> <span class='ocrx_word' id='word_1_487' title='bbox 4042 3940 4170 4007; x_wconf 81' lang='lat'><strong>¹3:</strong></span> <span class='ocrx_word' id='word_1_488' title='bbox 4219 3940 4300 4005; x_wconf 90' lang='lat' dir='ltr'><strong>ln</strong></span> 
     </span>
     <span class='ocr_line' id='line_1_66' title="bbox 2741 4046 4300 4129; baseline -0.003 -12"><span class='ocrx_word' id='word_1_489' title='bbox 2741 4058 2974 4117; x_wconf 83' lang='lat' dir='ltr'><strong>sancto</strong></span> <span class='ocrx_word' id='word_1_490' title='bbox 3016 4047 3362 4129; x_wconf 77' lang='lat' dir='ltr'><strong>habitans,</strong></span> <span class='ocrx_word' id='word_1_491' title='bbox 3421 4056 3485 4114; x_wconf 87' lang='lat' dir='ltr'><strong>et</strong></span> <span class='ocrx_word' id='word_1_492' title='bbox 3531 4069 3686 4114; x_wconf 89' lang='lat' dir='ltr'><strong>cum</strong></span> <span class='ocrx_word' id='word_1_493' title='bbox 3725 4046 4015 4113; x_wconf 81' lang='lat' dir='ltr'><strong>contrito</strong></span> <span class='ocrx_word' id='word_1_494' title='bbox 4062 4055 4127 4113; x_wconf 86' lang='lat' dir='ltr'><strong>et</strong></span> <span class='ocrx_word' id='word_1_495' title='bbox 4164 4047 4300 4113; x_wconf 77' lang='lat' dir='ltr'><strong>liu-</strong></span> 
     </span>
     <span class='ocr_line' id='line_1_67' title="bbox 2743 4154 4299 4247; baseline -0.003 -23"><span class='ocrx_word' id='word_1_496' title='bbox 2743 4156 2903 4224; x_wconf 86' lang='lat' dir='ltr'><strong>mili</strong></span> <span class='ocrx_word' id='word_1_497' title='bbox 2925 4158 3178 4247; x_wconf 88' lang='lat' dir='ltr'><strong>spiritu</strong></span> <span class='ocrx_word' id='word_1_498' title='bbox 3210 4179 3233 4222; x_wconf 94' lang='lat'><strong>.·</strong></span> <span class='ocrx_word' id='word_1_499' title='bbox 3274 4164 3349 4222; x_wconf 87' lang='lat' dir='ltr'><strong>ut</strong></span> <span class='ocrx_word' id='word_1_500' title='bbox 3385 4155 3682 4242; x_wconf 82' lang='lat' dir='ltr'><strong>vivificet</strong></span> <span class='ocrx_word' id='word_1_501' title='bbox 3707 4155 4030 4244; x_wconf 80' lang='lat' dir='ltr'><strong>spiritum</strong></span> <span class='ocrx_word' id='word_1_502' title='bbox 4070 4154 4299 4221; x_wconf 67' lang='lat' dir='ltr'><strong>leumi-</strong></span> 
     </span>
     <span class='ocr_line' id='line_1_68' title="bbox 2746 4262 4000 4352; baseline -0.002 -21"><span class='ocrx_word' id='word_1_503' title='bbox 2746 4262 2944 4342; x_wconf 86' lang='lat' dir='ltr'><strong>lium,</strong></span> <span class='ocrx_word' id='word_1_504' title='bbox 2974 4274 3037 4331; x_wconf 87' lang='lat' dir='ltr'><strong>et</strong></span> <span class='ocrx_word' id='word_1_505' title='bbox 3068 4264 3357 4352; x_wconf 72' lang='lat' dir='ltr'><strong>vivificet</strong></span> <span class='ocrx_word' id='word_1_506' title='bbox 3385 4286 3500 4333; x_wconf 87' lang='lat' dir='ltr'><strong>cor</strong></span> <span class='ocrx_word' id='word_1_507' title='bbox 3525 4262 4000 4331; x_wconf 78' lang='lat' dir='ltr'><strong>contritorum.</strong></span> 
     </span>
    </p>
   </div>
   <div class='ocr_carea' id='block_1_9' title="bbox 2725 4579 4290 5529">
    <p class='ocr_par' dir='ltr' id='par_1_10' title="bbox 2726 4579 4290 5306">
     <span class='ocr_line' id='line_1_69' title="bbox 2839 4579 4290 4671; baseline -0.001 -23"><span class='ocrx_word' id='word_1_508' title='bbox 2839 4614 2872 4648; x_wconf 72' lang='grc' dir='ltr'><strong>α</strong></span> <span class='ocrx_word' id='word_1_509' title='bbox 2905 4587 3042 4671; x_wconf 85' lang='lat' dir='ltr'><strong>Qui</strong></span> <span class='ocrx_word' id='word_1_510' title='bbox 3084 4592 3425 4652; x_wconf 86' lang='lat' dir='ltr'><strong>numerat.</strong></span> <span class='ocrx_word' id='word_1_511' title='bbox 3464 4608 3496 4648; x_wconf 68' lang='grc' dir='ltr'><strong><em>ι</em></strong></span> <span class='ocrx_word' id='word_1_512' title='bbox 3547 4581 3673 4649; x_wconf 86' lang='grc' dir='ltr'><strong>11ἰο</strong></span> <span class='ocrx_word' id='word_1_513' title='bbox 3709 4580 4111 4659; x_wconf 87' lang='lat' dir='ltr'><strong>secundum,</strong></span> <span class='ocrx_word' id='word_1_514' title='bbox 4153 4579 4290 4647; x_wconf 83' lang='lat' dir='ltr'><strong>sei-</strong></span> 
     </span>
     <span class='ocr_line' id='line_1_70' title="bbox 2734 4687 4280 4764; baseline -0.006 -2"><span class='ocrx_word' id='word_1_515' title='bbox 2734 4693 2891 4764; x_wconf 86' lang='lat' dir='ltr'><strong>licet</strong></span> <span class='ocrx_word' id='word_1_516' title='bbox 2937 4693 3338 4761; x_wconf 85' lang='lat' dir='ltr'><strong>meritorum</strong></span> <span class='ocrx_word' id='word_1_517' title='bbox 3393 4690 3735 4759; x_wconf 88' lang='lat' dir='ltr'><strong>distinctio</strong></span> <span class='ocrx_word' id='word_1_518' title='bbox 3789 4689 3859 4757; x_wconf 90' lang='lat' dir='ltr'><strong>in</strong></span> <span class='ocrx_word' id='word_1_519' title='bbox 3896 4687 4280 4758; x_wconf 79' lang='lat' dir='ltr'><strong>aedificata:</strong></span> 
     </span>
     <span class='ocr_line' id='line_1_71' title="bbox 2733 4799 4281 4892; baseline -0.006 -18"><span class='ocrx_word' id='word_1_520' title='bbox 2733 4812 2799 4874; x_wconf 86' lang='lat' dir='ltr'><strong>et</strong></span> <span class='ocrx_word' id='word_1_521' title='bbox 2838 4808 3211 4892; x_wconf 88' lang='lat' dir='ltr'><strong>tanguntur</strong></span> <span class='ocrx_word' id='word_1_522' title='bbox 3247 4800 3409 4868; x_wconf 90' lang='lat' dir='ltr'><strong>du0.</strong></span> <span class='ocrx_word' id='word_1_523' title='bbox 3461 4800 3822 4868; x_wconf 87' lang='lat' dir='ltr'><strong>Distinctio</strong></span> <span class='ocrx_word' id='word_1_524' title='bbox 3854 4799 4281 4875; x_wconf 87' lang='lat' dir='ltr'><strong>meritorum,</strong></span> 
     </span>
     <span class='ocr_line' id='line_1_72' title="bbox 2733 4907 4283 4999; baseline -0.005 -18"><span class='ocrx_word' id='word_1_525' title='bbox 2733 4920 2800 4981; x_wconf 84' lang='lat' dir='ltr'><strong>et</strong></span> <span class='ocrx_word' id='word_1_526' title='bbox 2862 4910 3200 4980; x_wconf 86' lang='lat' dir='ltr'><strong>ordinatio</strong></span> <span class='ocrx_word' id='word_1_527' title='bbox 3258 4911 3343 4979; x_wconf 87' lang='lat' dir='ltr'><strong>ad</strong></span> <span class='ocrx_word' id='word_1_528' title='bbox 3400 4909 3905 4978; x_wconf 83' lang='lat' dir='ltr'><strong>distinctionem</strong></span> <span class='ocrx_word' id='word_1_529' title='bbox 3957 4907 4283 4999; x_wconf 77' lang='lat' dir='ltr'><strong>praemio-</strong></span> 
     </span>
     <span class='ocr_line' id='line_1_73' title="bbox 2734 5015 4283 5109; baseline -0.004 -21"><span class='ocrx_word' id='word_1_530' title='bbox 2734 5043 2908 5089; x_wconf 89' lang='lat' dir='ltr'><strong>rum.</strong></span> <span class='ocrx_word' id='word_1_531' title='bbox 2954 5018 3297 5103; x_wconf 87' lang='lat' dir='ltr'><strong>Secundo,</strong></span> <span class='ocrx_word' id='word_1_532' title='bbox 3329 5016 3642 5109; x_wconf 87' lang='lat' dir='ltr'><strong>probatio</strong></span> <span class='ocrx_word' id='word_1_533' title='bbox 3683 5017 3869 5108; x_wconf 87' lang='lat' dir='ltr'><strong>quod</strong></span> <span class='ocrx_word' id='word_1_534' title='bbox 3905 5015 4039 5085; x_wconf 88' lang='lat' dir='ltr'><strong>hoc</strong></span> <span class='ocrx_word' id='word_1_535' title='bbox 4068 5015 4283 5105; x_wconf 89' lang='lat' dir='ltr'><strong>possit</strong></span> 
     </span>
     <span class='ocr_line' id='line_1_74' title="bbox 2732 5124 4278 5212; baseline -0.005 -15"><span class='ocrx_word' id='word_1_536' title='bbox 2732 5129 3091 5206; x_wconf 78' lang='lat' dir='ltr'><strong>DominuS,</strong></span> <span class='ocrx_word' id='word_1_537' title='bbox 3151 5135 3216 5196; x_wconf 87' lang='lat' dir='ltr'><strong>et</strong></span> <span class='ocrx_word' id='word_1_538' title='bbox 3255 5128 3447 5212; x_wconf 86' lang='lat' dir='ltr'><strong>sciat,</strong></span> <span class='ocrx_word' id='word_1_539' title='bbox 3491 5124 3610 5206; x_wconf 88' lang='lat' dir='ltr'><strong>ibi,</strong></span> <span class='ocrx_word' id='word_1_540' title='bbox 3658 5132 3726 5202; x_wconf 65' lang='lat'><strong>5.</strong></span> <span class='ocrx_word' id='word_1_541' title='bbox 3755 5128 3796 5193; x_wconf 76' lang='lat'>5</span> <span class='ocrx_word' id='word_1_542' title='bbox 3833 5145 3847 5190; x_wconf 90' lang='lat'>:</span> <span class='ocrx_word' id='word_1_543' title='bbox 3905 5149 3937 5188; x_wconf 70' lang='grc' dir='ltr'><strong>α</strong></span> <span class='ocrx_word' id='word_1_544' title='bbox 3972 5124 4278 5211; x_wconf 79' lang='lat' dir='ltr'><strong>Maqnus</strong></span> 
     </span>
     <span class='ocr_line' id='line_1_75' title="bbox 2726 5237 3170 5306; baseline -0.011 -1"><span class='ocrx_word' id='word_1_545' title='bbox 2726 5237 3087 5306; x_wconf 74' lang='lat' dir='ltr'><strong>Dominus.</strong></span> <span class='ocrx_word' id='word_1_546' title='bbox 3135 5261 3170 5299; x_wconf 70' lang='lat' dir='ltr'><strong>n</strong></span> 
     </span>
    </p>

    <p class='ocr_par' dir='ltr' id='par_1_11' title="bbox 2725 5338 4281 5529">
     <span class='ocr_line' id='line_1_76' title="bbox 2785 5338 4281 5434; baseline -0.005 -23"><span class='ocrx_word' id='word_1_547' title='bbox 2785 5344 2893 5412; x_wconf 74' lang='lat' dir='ltr'><strong>,In</strong></span> <span class='ocrx_word' id='word_1_548' title='bbox 2923 5345 3141 5434; x_wconf 89' lang='lat' dir='ltr'><strong>prima</strong></span> <span class='ocrx_word' id='word_1_549' title='bbox 3171 5344 3331 5414; x_wconf 82' lang='lat' dir='ltr'><strong>due.</strong></span> <span class='ocrx_word' id='word_1_550' title='bbox 3370 5344 3628 5421; x_wconf 86' lang='lat' dir='ltr'><strong>l’rim0,</strong></span> <span class='ocrx_word' id='word_1_551' title='bbox 3662 5339 3966 5431; x_wconf 85' lang='lat' dir='ltr'><strong>tangitur</strong></span> <span class='ocrx_word' id='word_1_552' title='bbox 4006 5338 4281 5407; x_wconf 89' lang='lat' dir='ltr'><strong>merito-</strong></span> 
     </span>
     <span class='ocr_line' id='line_1_77' title="bbox 2725 5446 4279 5529; baseline -0.005 -7"><span class='ocrx_word' id='word_1_553' title='bbox 2725 5477 2878 5523; x_wconf 88' lang='lat' dir='ltr'><strong>rum</strong></span> <span class='ocrx_word' id='word_1_554' title='bbox 2894 5452 3236 5523; x_wconf 88' lang='lat' dir='ltr'><strong>distinctio</strong></span> <span class='ocrx_word' id='word_1_555' title='bbox 3257 5452 3592 5522; x_wconf 89' lang='lat' dir='ltr'><strong>absoluta.</strong></span> <span class='ocrx_word' id='word_1_556' title='bbox 3622 5446 3968 5529; x_wconf 89' lang='lat' dir='ltr'><strong>Secund0,</strong></span> <span class='ocrx_word' id='word_1_557' title='bbox 4001 5448 4072 5515; x_wconf 91' lang='lat' dir='ltr'><strong>in</strong></span> <span class='ocrx_word' id='word_1_558' title='bbox 4092 5469 4279 5517; x_wconf 88' lang='lat' dir='ltr'><strong>com-</strong></span> 
     </span>
    </p>
   </div>
   <div class='ocr_carea' id='block_1_10' title="bbox 2691 5554 4272 5654">
    <p class='ocr_par' dir='ltr' id='par_1_12' title="bbox 2691 5554 4272 5654">
     <span class='ocr_line' id='line_1_78' title="bbox 2691 5554 4272 5654; baseline -0.008 -24"><span class='ocrx_word' id='word_1_559' title='bbox 2691 5562 3074 5654; x_wconf 87' lang='lat' dir='ltr'><strong>·paratione</strong></span> <span class='ocrx_word' id='word_1_560' title='bbox 3094 5561 3180 5631; x_wconf 89' lang='lat' dir='ltr'><strong>ad</strong></span> <span class='ocrx_word' id='word_1_561' title='bbox 3201 5561 3509 5652; x_wconf 63' lang='lat' dir='ltr'><strong>praemia,</strong></span> <span class='ocrx_word' id='word_1_562' title='bbox 3530 5558 3647 5635; x_wconf 88' lang='lat' dir='ltr'><strong>ibi,</strong></span> <span class='ocrx_word' id='word_1_563' title='bbox 3677 5583 3709 5622; x_wconf 71' lang='grc' dir='ltr'><strong>α</strong></span> <span class='ocrx_word' id='word_1_564' title='bbox 3744 5559 3840 5626; x_wconf 85' lang='lat' dir='ltr'><strong>Et</strong></span> <span class='ocrx_word' id='word_1_565' title='bbox 3867 5554 4207 5626; x_wconf 86' lang='lat' dir='ltr'><strong>omnibus.</strong></span> <span class='ocrx_word' id='word_1_566' title='bbox 4240 5577 4272 5617; x_wconf 77' lang='lat'><strong>1·</strong></span> 
     </span>
    </p>
   </div>
   <div class='ocr_carea' id='block_1_11' title="bbox 2723 5663 4276 5867">
    <p class='ocr_par' dir='ltr' id='par_1_13' title="bbox 2723 5663 4276 5867">
     <span class='ocr_line' id='line_1_79' title="bbox 2815 5663 4276 5759; baseline -0.005 -24"><span class='ocrx_word' id='word_1_567' title='bbox 2815 5668 2992 5737; x_wconf 88' lang='lat' dir='ltr'><strong>Dicit</strong></span> <span class='ocrx_word' id='word_1_568' title='bbox 3027 5690 3192 5759; x_wconf 88' lang='lat' dir='ltr'><strong>ergo</strong></span> <span class='ocrx_word' id='word_1_569' title='bbox 3226 5690 3242 5736; x_wconf 74' lang='grc' dir='ltr'>ε</span> <span class='ocrx_word' id='word_1_570' title='bbox 3297 5666 3412 5735; x_wconf 91' lang='lat' dir='ltr'><strong>Sic</strong></span> <span class='ocrx_word' id='word_1_571' title='bbox 3438 5665 3725 5734; x_wconf 82' lang='lat' dir='ltr'><strong>aediticat</strong></span> <span class='ocrx_word' id='word_1_572' title='bbox 3763 5663 4163 5741; x_wconf 86' lang='lat' dir='ltr'><strong>Ecclesiam,</strong></span> <span class='ocrx_word' id='word_1_573' title='bbox 4208 5669 4276 5729; x_wconf 90' lang='lat' dir='ltr'><strong>et</strong></span> 
     </span>
     <span class='ocr_line' id='line_1_80' title="bbox 2723 5769 4276 5867; baseline -0.006 -22"><span class='ocrx_word' id='word_1_574' title='bbox 2723 5775 2927 5845; x_wconf 87' lang='lat' dir='ltr'><strong>etiam</strong></span> <span class='ocrx_word' id='word_1_575' title='bbox 2967 5778 3111 5867; x_wconf 83' lang='lat' dir='ltr'><strong>ipse</strong></span> <span class='ocrx_word' id='word_1_576' title='bbox 3158 5784 3287 5867; x_wconf 87' lang='lat' dir='ltr'><strong>est,</strong></span> <span class='ocrx_word' id='word_1_577' title='bbox 3326 5801 3357 5842; x_wconf 70' lang='grc' dir='ltr'><strong>α</strong></span> <span class='ocrx_word' id='word_1_578' title='bbox 3401 5775 3524 5866; x_wconf 86' lang='lat' dir='ltr'><strong>qui</strong></span> <span class='ocrx_word' id='word_1_579' title='bbox 3565 5779 3907 5854; x_wconf 85' lang='lat' dir='ltr'><strong>numerat,</strong></span> <span class='ocrx_word' id='word_1_580' title='bbox 3948 5803 3980 5837; x_wconf 68' lang='grc' dir='ltr'><strong>»ι</strong></span> <span class='ocrx_word' id='word_1_581' title='bbox 4026 5769 4276 5837; x_wconf 87' lang='lat' dir='ltr'><strong>distin-</strong></span> 
     </span>
    </p>
   </div>
  </div>
 </body>
</html>
