5008 6329
1941 392 2653 467 COMMENTARIUS
2701 391 2795 457 ΙΝ
2841 388 3279 456 PSALMUM
3329 380 3676 452 CXXXV.

1181 564 1335 651 ejus
1408 567 1705 656 projecit
1763 570 1834 635 in
1894 589 2108 635 mare.
2190 565 2461 632 Pharao
2529 561 2731 628 dissi-

1178 681 1375 760 pator
1439 673 1784 742 diabolum
1872 677 2121 765 signat,
2184 673 2299 763 qui
2357 671 2599 736 nititur
2649 665 2733 732 ad

1182 779 1692 870 dissipationem
1771 783 1964 872 legis,
2030 791 2096 847 et
2162 777 2344 868 pacti
2403 775 2551 840 Dei.
2595 772 2727 840 lsa.

1179 909 1361 968 xxw,
1414 893 1453 957 ὃ
1487 914 1500 956 :
1563 892 2087 979 Dissipaverunt
2124 884 2354 974 soedus
2387 883 2733 972 sempiter-

1176 1017 1367 1065 num.
1420 996 1506 1065 Et
1543 996 1714 1064 alios
1754 996 2083 1083 dissipare
2130 992 2313 1069 facit,
2357 989 2731 1058 secundum

1178 1103 1344 1172 illud
1414 1105 1589 1172 Psal.
1626 1126 1854 1183 cxvm,
1921 1102 2046 1168 126
2081 1123 2096 1170 t
2147 1104 2436 1192 Tempus
2462 1098 2732 1187 sacien-

1177 1212 1276 1290 di,
1345 1215 1662 1290 Domine,
1698 1212 2233 1302 dissipaverunt,
2268 1219 2397 1279 etc.
2447 1209 2535 1276 Et
2578 1214 2733 1298 post

1175 1317 1459 1409 dissipat
1485 1318 1659 1401 illos,
1694 1319 2068 1386 secundum
2108 1317 2306 1407 {illud
2364 1316 2547 1383 Psal.
2582 1336 2727 1390 exn,

1175 1426 1214 1493 7
1251 1448 1266 1492 :
1328 1426 1682 1516 Dissipata
1719 1436 1881 1493 sunt
1947 1449 2097 1493 ossa
2127 1433 2362 1491 nostra
2404 1445 2594 1490 secus
2632 1424 2735 1488 in-

1172 1533 1474 1619 fernum,
1546 1530 1612 1597 id
1690 1540 1815 1614 est,
1892 1533 2179 1599 virtutes
2236 1537 2511 1596 nostrae.
2595 1525 2732 1594 Sed

1172 1635 1356 1705 huno
1429 1638 1611 1705 Deus
1677 1640 1746 1704 in
1820 1639 2018 1729 aquis
2093 1637 2577 1727 lacrymarum,
2664 1641 2731 1701 et

1172 1767 1447 1836 omnem
1498 1747 1819 1813 virtutem
1858 1746 2008 1833 ejus
2063 1742 2421 1811 annihilat.
2478 1740 2726 1832 Supra,

1171 1852 1240 1918 in
1280 1851 1461 1919 Psal.
1496 1875 1732 1934 axxnt,
1781 1853 1859 1920 13
1906 1874 1922 1919 ε
1961 1850 2463 1921 Contribulasti
2499 1849 2730 1939 capita

1171 1954 1545 2022 draconum
1579 1957 1650 2021 in
1679 1955 1906 2044 aquis.

1263 2300 1296 2339 α
1343 2272 1481 2358 Qui
1516 2272 1852 2340 traduoeit.
1891 2300 1923 2333 »
1957 2271 2085 2339 llic
2123 2279 2497 2362 tanguntur
2525 2292 2730 2360 opera

1171 2392 1237 2448 et
1295 2380 1619 2449 beneficia
1676 2380 1808 2447 illis
1875 2378 2179 2447 exhibita
2213 2381 2280 2446 in
2324 2377 2727 2446 deductione

1171 2513 1289 2580 per
1316 2491 1679 2568 desertum,
1741 2515 1888 2582 quae
1955 2498 2330 2582 tanguntur
2378 2488 2540 2557 duo.
2577 2486 2724 2554 Pri·

1171 2622 1309 2676 mo,
1378 2599 1688 2668 deductio
1784 2598 2056 2666 illorum
2122 2596 2444 2665 columna
2526 2594 2725 2663 nubis

1169 2706 1610 2793 praecedente.
1687 2704 2028 2789 SecundO,
2091 2704 2526 2771 inimicorum
2589 2700 2723 2767 illis

1168 2814 1624 2880 resistentium
1682 2812 1992 2901 dejectio,
2066 2810 2183 2887 ibi,
2237 2817 2299 2886 5.
2363 2810 2454 2877 ’ἵε
2502 2835 2538 2869 «
2586 2807 2722 2892 Qui

1157 2922 1514 3011 percussit.
1563 2945 1597 2987 ι

1258 3029 1435 3097 Dicit
1472 3052 1634 3119 ergo
1677 3052 1694 3097 :
1741 3027 1854 3095 Sic
1918 3027 2342 3096 confitemini
2397 3025 2716 3117 praedicta

1166 3138 1460 3222 facienti,
1518 3145 1584 3206 et
1641 3139 1845 3205 etiam
1910 3134 2009 3202 illi
2068 3135 2261 3226 «qui
2298 3133 2642 3212 traduxit,
2679 3156 2713 3199 ι

1162 3247 1414 3316 scilicet
1469 3246 1872 3331 transduxit,
1927 3242 2349 3335 praecedente
2395 3242 2716 3311 columna

1164 3359 1339 3449 ignis
1368 3358 1438 3424 in
1479 3365 1703 3438 nocte,
1747 3365 1812 3422 et
1859 3352 2059 3421 nubis
2102 3353 2171 3420 in
2227 3351 2360 3430 die,
2408 3377 2443 3418 ι
2476 3374 2713 3444 popu-

1163 3466 1311 3533 lum
1373 3489 1606 3545 suum,
1676 3494 1707 3526 υ
1782 3462 1866 3531 ab
1933 3461 2278 3553 AEgyptiis
2372 3468 2709 3552 ereptum,

1161 3601 1193 3634 u
1256 3594 1384 3663 per
1437 3570 1798 3638 desertum.
1862 3593 1896 3632 ι
1963 3564 2218 3634 Jerem.
2262 3587 2335 3644 ιι,
2395 3565 2435 3630 6
2493 3585 2511 3629 :
2575 3564 2715 3650 Qui

1161 3680 1479 3747 traduxit
1520 3702 1644 3746 uos
1684 3700 1812 3770 per
1852 3676 2220 3756 desertum,
2272 3696 2399 3765 per
2453 3682 2710 3740 terram

1157 3786 1677 3856 inhabitabilem
1696 3795 1760 3854 et
1789 3787 2075 3863 inviam,
2101 3805 2228 3874 per
2246 3791 2502 3849 terram
2526 3781 2705 3862 sitis,

1153 3909 1218 3966 et
1248 3901 1617 3990 imaqiuem
1646 3899 1909 3966 mortis.
1946 3895 2251 3986 Sapient.
2296 3915 2392 3970 xi,
2424 3894 2465 3960 2
2509 3914 2525 3962 :
2571 3893 2713 3961 Iter

1150 4009 1457 4097 lecerunt
1496 4029 1620 4097 per
1683 4004 1971 4080 deserta,
2030 4023 2182 4093 quae
2244 4023 2383 4067 non
2427 3999 2710 4068 liabita-

1153 4115 1429 4190 bautur,
1499 4123 1561 4181 et
1601 4114 1669 4179 iu
1703 4112 1870 4179 Iocis
1934 4109 2215 4178 desertis
2257 4107 2569 4197 fiseruut
2596 4130 2709 4175 ea-

1145 4248 1282 4293 sas.
1330 4226 1443 4291 Sic
1481 4233 1842 4315 postquam
1872 4243 2033 4288 suos
2062 4219 2312 4309 eripuit
2337 4225 2702 4307 apcccato,

1149 4342 1216 4401 et
1241 4333 1561 4400 virtutem
1604 4328 1856 4397 diaboli
1931 4323 2365 4406 annihilavit,
2424 4323 2704 4415 per-de-

1146 4428 1403 4510 serium
1445 4439 1855 4532 poenitontioe
1923 4434 2106 4503 Deus
2173 4456 2337 4502 suos
2394 4430 2705 4500 transdu-

1143 4549 1266 4616 xit.
1341 4547 1644 4638 Sapient.
1716 4543 1912 4626 1,ss
1976 4540 2346 4611 :Deduxit
2413 4538 2575 4606 illos
2630 4539 2700 4605 in

1144 4658 1258 4725 via
1301 4654 1657 4724 mirabili:
1696 4662 1760 4721 et
1785 4653 1931 4743 suit
1972 4648 2120 4716 illis
2188 4649 2259 4716 in
2318 4647 2699 4717 velamento

1145 4764 1306 4840 diei,
1377 4772 1441 4830 et
1480 4765 1549 4829 in
1619 4761 1767 4829 luce
1816 4757 2185 4826 stellarum
2229 4778 2363 4849 per
2406 4762 2693 4823 vioctem.

1147 4870 1274 4940 lsa.
1309 4892 1495 4951 xuni,
1542 4871 1619 4937 19
1652 4891 1669 4938 2
1704 4871 1974 4938 Ponam
2025 4866 2096 4931 in
2161 4864 2422 4932 deserto
2488 4861 2696 4940 viam,

1144 4990 1207 5047 et
1238 4980 1311 5046 in
1367 4978 1577 5055 invio,
1654 4974 1921 5044 homini
1969 4995 2092 5064 por
2164 4979 2512 5051 naturam,
2560 4967 2700 5058 flu-

1144 5089 1366 5171 mina,
1417 5086 1672 5156 scilicet
1739 5081 2189 5174 jucunditatis
2254 5089 2324 5148 et
2380 5077 2696 5147 consola-

1138 5197 1371 5267 tionis.

905 5547 1020 5614 15

1216 5763 1236 5801 ⁸
1266 5758 1352 5818 ΩΙ.
1378 5755 1618 5817 zachar.
1649 5768 1772 5819 xm,
1813 5753 1867 5808 7.

4266 368 4393 436 427

2837 558 3269 622 inimicorum
3321 551 3634 639 dejectio.
3688 548 3918 613 Primo
3959 562 4121 631 ergo
4162 545 4397 605 osten-

2837 664 2934 730 dit
2962 664 3378 751 dejectorum
3451 658 3880 747 dignitatem,
3941 658 4007 719 et
4062 643 4398 715 fortitudi-

2837 794 2993 839 nem
3090 771 3156 836 in
3243 765 3568 859 generali.
3642 759 3993 838 Secundo,
4056 751 4396 844 specificat

2836 878 2984 948 illas
3023 877 3398 945 secundum
3430 871 3780 964 propriam
3815 863 4386 933 nominationem,

2835 998 2902 1057 et
2940 989 3191 1066 locum,
3245 985 3362 1061 ibi,
3415 992 3477 1058 ς.
3549 983 3627 1047 19
3695 1003 3708 1046 :
3762 1000 3796 1041 ι
3857 974 4105 1055 Selwri,
4168 987 4391 1057 reqem

2832 1088 3412 1159 Amorrlzoeorum.
3451 1110 3481 1142 »

2921 1194 3004 1261 Et
3032 1195 3101 1259 in
3147 1192 3391 1281 prima,
3428 1189 3649 1277 primo
3700 1183 3922 1272 tangit
3968 1178 4242 1245 illorum
4284 1172 4394 1239 di-

2834 1303 3189 1392 gnitatem.
3256 1293 3603 1371 Secundo,
3662 1295 4096 1381 potestatem,
4183 1288 4248 1357 31.
4302 1281 4384 1347 8:

2838 1436 2870 1476 α
2903 1414 2996 1478 Et
3026 1409 3294 1479 occidit.
3334 1432 3366 1473 n
4256 1486 4266 1496 ο

2924 1521 3103 1587 Dicit
3140 1541 3303 1603 ergo
3365 1538 3380 1583 :
3445 1514 3561 1581 Sic
3627 1506 4068 1579 confitemini¹
4126 1501 4222 1569 illi
4272 1499 4390 1589 qui

2833 1628 2993 1697 talia
3012 1635 3079 1697 et
3108 1634 3296 1695 tanta
3324 1625 3481 1693 fecit
3511 1618 3852 1690 mirabilia
3885 1639 3900 1684 t
3947 1624 4013 1683 et
4036 1615 4240 1682 etiam
4291 1607 4388 1675 illi

2836 1761 2870 1802 e
2922 1737 3044 1826 qui
3055 1733 3390 1826 percussit
3429 1751 3618 1819 reyes
3645 1746 3960 1816 maquos,
4006 1747 4039 1782 n
4091 1716 4390 1808 dignita-

2832 1853 2921 1915 te.
2980 1843 3066 1910 Et
3132 1850 3319 1919 nota,
3374 1836 3560 1929 quod
3616 1835 3957 1902 Dominus
4013 1827 4259 1895 dicitur
4314 1823 4384 1889 in
4416 1847 4734 1911 nou-‚varii-

2837 1950 3211 2042 Scriptura,
3281 1953 3634 2040 percutere
3690 1936 4067 2032 arguendo,
4104 1932 4235 2001 Isa.
4285 1953 4379 2010 xi,
4432 1902 4715 2002 megalen-

2833 2061 2875 2127 4
2909 2082 2924 2126 ε
2959 2058 3302 2128 Percutiet
3333 2065 3591 2122 terram
3630 2052 3831 2138 virqa
3877 2046 4015 2113 oris
4067 2043 4203 2109 sui.
4248 2036 4386 2107 Sed

2834 2168 3075 2236 fortius
3127 2166 3420 2255 percutit
3462 2154 3884 2236 tribulando,
3932 2149 4091 2233 Job‚
4133 2171 4204 2231 ν,
4250 2149 4331 2215 18
4366 2168 4381 2213 :

2831 2277 2988 2366 Ipse
3042 2274 3385 2347 vulnerat,
3429 2277 3492 2335 et
3550 2263 3861 2333 medetur
3905 2283 3929 2327 .·
3952 2257 4274 2350 percutit,
4325 2263 4390 2321 et

2832 2404 3079 2450 manus
3144 2378 3300 2469 ejus
3364 2372 3668 2444 sanabit.
3743 2367 3880 2436 Sed
3946 2362 4390 2456 periculosius

2831 2491 3257 2564 excaecando,
3290 2488 3544 2555 Jerem.
3590 2506 3661 2561 ν,
3704 2482 3744 2549 3
3781 2498 3797 2547 :
3858 2473 4206 2545 Attrivisti
4251 2495 4385 2553 eos,

2828 2610 2892 2668 et
2921 2606 3291 2667 renuerunt
3328 2595 3633 2684 accipere
3678 2585 4147 2678 disciplinam.
4192 2579 4389 2648 Vires

2829 2705 3288 2775 debilitando:
3323 2705 3420 2770 sic
3455 2698 3788 2791 percussit
3827 2691 4201 2766 diabolum,
4243 2686 4389 2754 Ha-

2826 2814 2977 2882 bac.
3012 2837 3108 2893 ιιι,
3148 2812 3229 2879 13
3262 2832 3278 2878 :
3329 2805 3739 2878 percussisti
3792 2809 4001 2892 caput
4065 2796 4148 2864 de
4183 2795 4384 2862 domo

2829 2920 3054 3010 impii.
3112 2916 3316 2985 Morti
3390 2909 3826 3005 exponendo,
3887 2901 4126 2973 Matth.
4188 2922 4377 2978 xxvi,

2826 3029 2903 3096 31
2960 3050 2976 3097 t
3034 3027 3426 3097 Percutiam
3460 3030 3838 3114 pastorem,
3880 3024 3943 3082 et
3997 3012 4384 3103 disperqen·

2822 3148 2940 3206 tur
2979 3159 3132 3205 oves
3183 3131 3481 3226 qreqis¹.
3533 3122 3950 3202 Occidendo,
4029 3120 4204 3189 sicut
4270 3115 4380 3186 hic

2821 3249 3076 3319 dictum
3117 3256 3242 3326 est,
3278 3243 3457 3313 unde
3486 3251 3555 3312 et
3611 3237 3929 3307 subditur
3968 3256 3984 3301 ε

2910 3593 2944 3634 ι
2985 3571 3081 3637 Et
3108 3567 3380 3648 occidit,
3427 3594 3463 3630 n
3523 3589 3609 3635 ne
3666 3566 3840 3634 forte
3883 3562 4142 3639 credas,
4187 3559 4370 3651 quod
4501 3575 4615 3640 ιο

2815 3684 3082 3744 tantum
3105 3675 3445 3753 afflixerit,
3478 3671 3588 3742 vel
3617 3671 4083 3751 excaecaverit,
4129 3694 4160 3731 α
4188 3686 4374 3759 reyes

2813 3787 3050 3875 sortes,
3115 3811 3150 3847 κ
3227 3782 3533 3875 potentia
3597 3788 3663 3849 et
3751 3782 4024 3847 virtute.
4084 3775 4374 3866 Magnus

2815 3916 2928 3961 rex
2970 3892 3301 3984 dignitate
3348 3898 3452 3960 est
3520 3888 3859 3967 diabolus,
3902 3896 3972 3955 et
4007 3884 4374 3976 complices

2814 4001 2944 4078 sui,
3000 4000 3117 4090 qui
3159 4006 3449 4088 regnant
3478 4018 3684 4088 super
3730 3993 3968 4073 elatos,
4012 4000 4076 4061 et
4132 4014 4374 4082 super-

2812 4106 2938 4175 bos
2971 4105 3173 4196 liujus
3213 4105 3476 4174 mundi.
3509 4103 3672 4180 Job.
3714 4126 3849 4182 κω,
3892 4103 3976 4169 23
4012 4123 4028 4167 :
4070 4100 4225 4189 Ipse
4273 4107 4371 4165 est

2813 4238 2935 4282 rea·
2958 4237 3166 4305 super
3219 4214 3569 4281 universos
3594 4211 3787 4299 filios
3811 4205 4171 4300 superbiae.
4231 4203 4374 4273 Ma-

2811 4341 2987 4410 gnus
3026 4318 3449 4397 fortitudine,
3498 4317 3583 4386 de
3615 4338 3782 4407 quo,
3816 4314 4095 4390 ibidem,
4126 4318 4190 4388 ᾗ.
4227 4311 4312 4378 24
4345 4332 4364 4378 ε

2810 4427 2963 4495 Non
3018 4436 3115 4493 est
3190 4448 3398 4518 super
3471 4435 3730 4494 terram
3825 4431 4127 4514 potestas
4217 4440 4370 4510 quoe

2808 4546 3242 4627 comparetur
3269 4535 3355 4613 ei,
3417 4536 3542 4626 qui
3584 4534 3820 4624 lactus
3847 4539 3945 4599 est
3982 4537 4058 4597 ut
4087 4527 4368 4596 nullum

2810 4645 3097 4713 timeret.
3134 4644 3272 4713 Sed
3308 4642 3437 4712 hos
3466 4643 3799 4735 percussit
3838 4641 3905 4707 in
3943 4662 4066 4707 sua
4105 4637 4371 4729 passio-

2808 4773 2894 4819 ne
2967 4760 3199 4819 noster
3250 4749 3514 4819 Josuo:
3570 4749 3764 4841 Cepit
3828 4749 4039 4815 Josue
4099 4766 4365 4812 omnem

2808 4870 3061 4929 terram
3102 4868 3528 4936 montanam,
3571 4866 3638 4926 et
3689 4879 3884 4948 reges
3931 4877 4169 4924 eorum
4207 4875 4369 4943 per-

2808 4969 3016 5037 cussit
3036 4967 3083 5036 ⁸.

2898 5323 2932 5359 «
2961 5291 3213 5374 Selion,
3260 5316 3487 5384 reqem
3512 5291 4098 5362 Amor-rhaeorum.
4137 5314 4169 5353 ι
4229 5283 4359 5356 Hic
4485 5289 4602 5358 1⁹

2801 5401 3118 5472 describit
3157 5424 3275 5472 eos
3349 5421 3436 5468 ex
3474 5396 3873 5468 nominibus
3925 5395 4244 5490 propriis,
4292 5403 4361 5462 et

1236 5546 1270 5587 ι
1317 5520 1453 5607 Qui
1467 5516 1803 5614 percussit
1866 5537 2077 5605 reyes.
2118 5508 2249 5581 nio
2285 5505 2687 5588 secundum,
2797 5511 2993 5592 locis,
3016 5512 3087 5580 in
3116 5510 3366 5603 quibus
3391 5506 3817 5602 pugnabant.

2873 5745 2900 5783 ¹
2926 5742 3015 5803 ct.
3043 5745 3243 5815 lonae,
3273 5760 3357 5815 xz,
3387 5747 3458 5803 23
3481 5749 3543 5802 et
3562 5760 3646 5803 xn
3675 5759 3787 5817 per
3821 5745 4037 5802 totum.
