5008 6329
1996 389 2710 463 COMMENTARIUS
2759 393 2852 460 IN
2900 392 3331 461 PSALMUM
3382 391 3757 460 CXXVllI.

1271 572 1782 654 persequentes».
1869 563 2338 635 Fabricatores
2441 589 2605 658 ergo
2672 573 2832 633 sunt

1272 680 1770 761 persecutores,
1805 673 2014 745 Eccli.
2055 699 2152 757 x1,
2189 676 2272 743 33
2310 697 2325 741 z
2357 674 2648 743 Attende
2704 674 2833 742 tibi

1275 799 1318 841 a
1349 779 1705 869 pestifero,
1734 780 2045 870 fabricat
2073 783 2255 848 enim
2311 780 2530 860 mala,
2591 801 2831 847 verum

1276 893 1400 965 est,
1433 909 1673 977 poenas
1694 910 1900 979 supra
1927 889 2206 956 dorsum
2236 895 2459 955 tuum.
2493 886 2826 955 Ezechiel.

1274 1019 1417 1075 xxl,
1445 998 1518 1065 31
1558 998 1799 1066 :Dabo
1831 1008 1895 1065 te
1913 999 1985 1064 in
2006 1017 2255 1064 manus
2275 996 2746 1088 insipientium
2769 1004 2832 1063 et

1270 1105 1778 1195 fabricantium
1808 1105 2189 1172 interitum.
2234 1103 2288 1171 F
2290 1104 2598 1174 abricant
2625 1106 2830 1174 etiam

1274 1216 1536 1284 malum
1588 1216 1833 1307 culpae,
1893 1214 2223 1283 falsitates
2291 1224 2358 1284 et
2446 1215 2826 1285 mendacia.

1272 1324 1311 1389 J
1317 1323 1431 1403 ob,
1464 1347 1616 1404 x111,
1646 1325 1689 1390 4
1734 1346 1750 1390 ε
1808 1324 1931 1391 Vos
1969 1323 2323 1391 ostendens
2376 1324 2833 1414 fabricatores

1274 1433 1644 1501 mendacii.
1687 1430 1775 1499 Et
1801 1440 2046 1522 praeter
2083 1432 2537 1500 intentionem
2587 1454 2834 1500 exeo-

1275 1561 1428 1605 rum
1459 1538 1904 1608 fabricatione
1936 1546 2228 1631 surgunt
2267 1541 2485 1607 sancti
2539 1540 2611 1606 in
2667 1561 2831 1607 vasa

1272 1648 1795 1739 gloriosissima,
1830 1658 1896 1718 et
1920 1649 2222 1718 dilatata.
2260 1648 2510 1740 Supra,
2543 1649 2615 1716 in
2643 1646 2825 1717 Psal.

1273 1778 1366 1835 w,
1435 1757 1477 1825 3
1524 1779 1540 1823 ε
1582 1757 1666 1824 In
1737 1757 2188 1825 tribulatione
2244 1756 2566 1825 dilatasti
2628 1756 2826 1824 milii.

1271 1864 1379 1932 Ad
1433 1863 1731 1932 Roman.
1784 1889 1854 1946 v,
1902 1866 1941 1933 3
1981 1872 2050 1933 et
2103 1865 2146 1930 4
2201 1886 2219 1932 :
2275 1864 2662 1934 Tribulatio
2691 1886 2833 1955 pa-

1269 1974 1588 2041 tientiam
1612 1983 1941 2065 operatur
1978 1996 2001 2040 .·
2033 1974 2384 2067 patientia
2414 1982 2646 2043 autem
2668 1998 2829 2066 pro·

1272 2079 1686 2149 bationem¹.
1755 2080 1889 2149 lsa.
1961 2103 2095 2161 ιιν,
2172 2083 2254 2150 16
2297 2105 2314 2149 :
2385 2084 2541 2173 qu
2605 2083 2831 2150 creavi

1267 2187 1559 2279 fabrum
1607 2189 2022 2279 sufflantem
2076 2183 2149 2256 in
2207 2190 2365 2280 iqne
2411 2213 2705 2282 prunas,
2765 2200 2829 2259 et

1264 2299 1730 2389 proferentem
1760 2321 1880 2366 vas
1908 2299 1982 2365 in
2019 2319 2191 2389 opus
2216 2320 2448 2366 suum.

1364 2539 1399 2581 ι
1456 2515 2085 2607 Prolonqaverunt.
2128 2543 2161 2577 n
2225 2513 2358 2584 Hic
2410 2517 2716 2596 tertium,
2758 2516 2829 2584 in

1273 2647 1410 2717 quo
1464 2624 1821 2717 subjungit
1879 2623 1961 2692 de
2019 2625 2399 2693 intentione
2438 2623 2831 2693 tribulatio-

1270 2757 1466 2804 num.

1359 2842 1480 2912 Ait
1533 2844 1781 2912 enim:
1864 2843 1980 2913 Sic
2045 2843 2262 2935 iniqui
2326 2843 2832 2914 fabricaverunt

1272 2973 1480 3043 super
1527 2951 1810 3020 dorsum
1865 2974 2126 3034 meum,
2186 2960 2255 3022 et
2304 2977 2339 3019 ι
2375 2952 2832 3045 prolonqave-

1272 3068 1463 3144 runt,
1499 3084 1535 3126 s
1603 3058 1885 3151 longam
1951 3059 2174 3151 ipsam
2230 3058 2582 3145 facientes,
2620 3088 2654 3124 «
2695 3061 2832 3128 ini-

1274 3167 1614 3262 quitatem
1663 3192 1891 3238 suam.
1938 3194 1971 3236 s
2033 3168 2165 3238 Isa.
2228 3191 2298 3249 ν,
2373 3171 2504 3241 18:
2570 3171 2677 3238 Vae
2711 3170 2835 3263 qui

1274 3276 1557 3346 trahitis
1584 3278 2023 3369 iniquitatem
2055 3278 2127 3345 in
2166 3276 2512 3368 funiculis
2557 3279 2836 3346 vanita-

1277 3386 1415 3454 tis!
1478 3383 1633 3465 Vel,
1705 3413 1738 3449 «
1790 3384 2408 3478 prolonqaverunt,
2483 3411 2520 3453 n
2577 3385 2649 3453 id
2703 3395 2830 3467 est,

1277 3495 1486 3588 longe
1520 3518 1560 3564 a
1589 3518 1726 3573 me,
1761 3496 1926 3565 dicit
1979 3497 2322 3585 iustorum
2361 3497 2832 3588 congregatio,

1273 3603 1581 3673 fecerunt
1629 3630 1664 3670 ι
1711 3604 2151 3696 iniquitatem
2201 3627 2432 3673 suam.
2475 3634 2509 3668 »ι
2585 3604 2837 3697 Magna

1276 3712 1462 3781 enim
1492 3712 1818 3804 iniquitas
1843 3711 2050 3805 longe
2089 3720 2191 3782 est
2229 3734 2269 3780 a
2302 3713 2532 3804 justis.
2572 3713 2827 3784 Jerem.

1277 3843 1349 3898 u,
1383 3822 1424 3889 5
1469 3843 1486 3890 ε
1520 3820 2048 3911 Elonqaverunt
2075 3845 2119 3891 a
2157 3845 2288 3902 me,
2321 3832 2387 3891 et
2432 3820 2833 3892 ambulave-

1276 3938 1441 3997 runt
1462 3939 1625 4023 post
1652 3931 2053 4013 vanitatem,
2086 3940 2151 3999 et
2179 3931 2344 3999 vani
2366 3932 2546 4022 sacti
2576 3940 2766 4002 sunt.

1056 4275 1122 4341 4
1374 4273 1409 4315 ι
1440 4248 1787 4319 Dominus
1801 4247 2048 4340 justus
2075 4248 2404 4318 concidet.
2452 4276 2486 4315 »
2546 4248 2675 4318 llic
2722 4270 2838 4318 se-

924 4376 1207 4488 asgup-2⁴12
1210 4431 1245 4480 1.
1280 4358 1505 4429 cunda
1540 4382 1701 4452 pars
1735 4360 1947 4429 totius
1986 4358 2193 4450 hujus
2231 4357 2516 4440 Psalmi,
2587 4362 2658 4430 in
2697 4381 2835 4453 qua

1276 4468 1632 4562 praemissa
1687 4469 2071 4538 constantia
2126 4468 2198 4536 in
2247 4467 2837 4560 persecutionibus

1276 4602 1318 4647 a
1355 4576 1581 4660 malis,
1632 4576 1991 4669 subjungit
2026 4575 2109 4646 de
2155 4598 2360 4669 poena
2427 4599 2580 4670 quae
2635 4578 2838 4647 retri-

1278 4685 1528 4755 buetur
1564 4685 1663 4754 eis
1691 4707 1732 4754 a
1750 4684 1941 4775 justo
1971 4682 2206 4774 judice
2240 4684 2385 4756 Deo
2418 4708 2437 4756 ε
2491 4693 2560 4755 et
2604 4686 2838 4780 tangi-

1278 4802 1390 4865 tur
1426 4793 1706 4888 triplex.
1736 4792 1996 4873 Prima,
2029 4815 2272 4863 eorum
2324 4791 2716 4865 humiliatio
2761 4795 2837 4866 in

1281 4911 1530 4972 morte.
1567 4902 1911 4985 Secunda,
1941 4901 2254 4972 conlusio
2284 4902 2660 4993 injudicio,
2708 4902 2832 4985 ibi,

1276 5017 1343 5088 Ἰ.
1379 5012 1420 5079 5
1461 5030 1481 5081 :
1519 5034 1557 5079 ι
1595 5009 2161 5103 confundantur.
2199 5035 2236 5074 s
2278 5009 2534 5097 Tertia,
2578 5019 2836 5081 aeterna

1279 5117 1632 5189 damnatio
1663 5118 1735 5187 in
1772 5114 2113 5211 gehenna,
2154 5117 2275 5199 ibi,
2308 5124 2352 5197 ᾗ
2390 5119 2455 5188 6.
2502 5138 2523 5190 :
2560 5142 2598 5187 ι
2623 5120 2838 5189 Fiant

1285 5228 1470 5297 sieut
1507 5228 1803 5320 soenum.
1840 5251 1875 5293 ι

1369 5335 1556 5407 Dicit
1577 5359 1742 5429 ergo
1784 5361 1803 5406 ε
1855 5334 1972 5405 Sic
2000 5336 2343 5428 persecuti
2382 5344 2543 5407 sunt
2587 5335 2673 5406 ab
2703 5336 2843 5407 ini-

1280 5445 1405 5526 tio,
1469 5468 1599 5517 nec
1644 5443 2178 5539 praevaluerunt,
2227 5468 2356 5517 nec
2382 5468 2657 5538 semper
2682 5468 2838 5538 per·

1287 5696 1296 5706 '
1353 5694 1373 5732 ¹
1405 5693 1492 5753 Ct'.
1520 5694 1727 5754 Jacob.
1759 5713 1802 5767 1,
1833 5699 1866 5753 3
1897 5701 1958 5754 et
1982 5698 2060 5755 δε
2090 5695 2334 5755 scientes
2380 5696 2532 5770 quod
2576 5696 2841 5769 probatio

1280 5787 1414 5861 fidei
1442 5793 1639 5846 vestr&
1665 5785 2007 5862 patientiam
2062 5793 2351 5863 operatur.
2415 5785 2695 5846 Patientia
2735 5800 2839 5845 eu·

4357 390 4476 459 381

2935 573 3324 656 sequentur,
3432 564 3760 654 quoniam
3842 592 3875 627 «
3934 563 4274 631 Dominus
4352 561 4481 651 ju-

2933 685 3099 741 stus.
3138 698 3170 738 »
3201 673 3453 740 Jerem.
3501 695 3621 747 xu,
3665 675 3694 740 1
3743 694 3760 738 :
3809 675 4052 745 Justus
4075 672 4352 762 quidem
4409 680 4486 737 lu

2935 804 3025 859 ex,
3061 781 3373 857 Domine,
3438 781 3500 846 si
3555 780 3899 871 disputem
3974 788 4213 846 tecum.
4279 779 4361 845 Et
4400 778 4485 846 ad

2935 887 3405 956 instruendum
3456 887 3769 980 diligenS,
3815 887 3995 956 Psal.
4050 910 4158 966 Lx,
4203 888 4291 954 8:
4349 888 4486 953 Ju-

2935 1008 3080 1065 stus
3118 998 3482 1076 DominuS,
3520 1006 3584 1063 et
3612 995 3937 1085 justitias
3967 996 4241 1063 dilexit.
4292 994 4328 1062 J
4339 1002 4484 1061 uste

2938 1106 3167 1172 omnia
3231 1102 3555 1172 ordinans
3595 1111 3661 1171 et
3713 1103 4110 1194 disponens„
4176 1101 4482 1192 Sapient.

2935 1236 3052 1292 xn,
3103 1215 3231 1281 15:
3289 1213 3462 1282 Cum
3515 1214 3611 1279 sis
3641 1211 3917 1301 justus,
3949 1213 4269 1288 Domine,
4292 1211 4487 1300 juste

2937 1325 3168 1392 omnia
3218 1324 3546 1415 disponis.
3612 1349 3643 1388 α
3711 1322 4051 1399 Concidit,
4128 1348 4160 1387 »
4224 1322 4292 1389 id
4356 1328 4482 1400 est,

2937 1430 3274 1511 humiliat,
3308 1459 3344 1496 α
3386 1432 3690 1509 cervices,
3730 1456 3763 1498 s
3816 1430 3889 1498 id
3937 1438 4065 1515 est,
4125 1430 4488 1498 cervicosi·

2937 1548 3128 1619 tates,
3176 1566 3208 1605 α
3245 1550 3708 1632 peccatorum,
3755 1565 3790 1603 »
3854 1537 4304 1629 superborum
4353 1538 4490 1605 sci-

2935 1648 3087 1716 licet
3119 1670 3244 1715 nos
3273 1648 3860 1738 persequentium.
3907 1645 3986 1713 In
4012 1647 4270 1713 cervice
4305 1646 4487 1712 enim

2934 1758 3248 1849 superbia
3289 1757 3715 1849 intelligitur.
3765 1756 3923 1835 Job,
3976 1779 4092 1836 XV,
4149 1757 4233 1823 26
4277 1776 4293 1822 :
4350 1755 4487 1827 Cu-

2930 1867 3146 1936 currit
3177 1866 3502 1934 adversus
3540 1888 3722 1947 eum,
3755 1864 4014 1934 scilicet
4050 1863 4300 1942 Deum,
4343 1887 4491 1931 ere-

2932 1987 3036 2045 cto
3073 1975 3278 2061 collo,
3320 1985 3384 2043 et
3410 1977 3674 2068 pinqui
3702 1975 3957 2044 cervice
4002 1983 4318 2041 armatus
4365 1983 4486 2042 cst.

2932 2084 3017 2153 Et
3054 2083 3422 2175 Gregorius
3472 2082 3633 2151 dicit
3676 2105 3691 2149 ε
3758 2110 3793 2146 α
3842 2080 4035 2150 Nihil
4063 2090 4204 2150 tam
4264 2080 4491 2172 displi-

2935 2220 2966 2254 «
3002 2199 3108 2260 cet
3144 2191 3287 2259 Deo
3324 2212 3532 2282 quam
3576 2192 3806 2261 cervix
3854 2198 4083 2258 erecta
4125 2195 4280 2280 post
4327 2212 4495 2279 pec·

2936 2327 2967 2361 «
3004 2309 3255 2368 catum.
3302 2326 3336 2362 1»
3393 2297 3532 2367 Sed
3571 2299 3914 2367 Dominus
3967 2296 4144 2366 hanc
4199 2296 4493 2365 confrin-

2931 2411 3030 2501 git
3069 2419 3135 2479 et
3162 2409 3504 2478 humiliat.
3545 2410 3708 2496 Job,
3750 2432 3896 2487 xm,
3949 2412 4028 2477 12
4067 2431 4083 2477 t
4145 2409 4492 2499 Rediqetz-

2933 2526 3048 2583 tur
3084 2517 3155 2584 in
3196 2516 3424 2584 lutum
3460 2518 3745 2585 cervices
3799 2527 4058 2601 vestrae,
4113 2525 4489 2607 quantum-

2932 2648 3222 2718 cumque
3276 2625 3524 2695 l'uerint
3567 2625 3906 2696 exaltatae.
3960 2629 4067 2709 Et,
4100 2652 4218 2711 xx,
4269 2631 4360 2697 6:
4412 2630 4494 2697 Si

2934 2736 3304 2804 ascenderit
3365 2758 3580 2828 usque
3663 2736 3762 2803 ad
3842 2737 4093 2805 coelum
4163 2737 4492 2830 superbia

2935 2845 3113 2936 ejus,
3147 2855 3211 2914 et
3237 2856 3447 2937 caput
3478 2845 3635 2935 ejus
3661 2845 3876 2914 nubes
3904 2848 4228 2938 tetiqerit,
4281 2850 4491 2939 quasi

2933 2952 3449 3043 sterquilinium
3493 2953 3565 3020 in
3607 2952 3748 3041 fine
3781 2952 4133 3044 perdetur.
4188 2951 4272 3020 Et
4300 2954 4493 3043 opti-

2937 3082 3046 3129 me
3099 3059 3282 3139 dicit,
3340 3059 3637 3128 concidit
3667 3081 3692 3126 .·
3745 3059 4022 3152 superbi
4075 3060 4259 3129 enim
4311 3062 4485 3130 llecti

2936 3189 3075 3236 non
3102 3175 3416 3259 possunt,
3450 3174 3519 3237 et
3571 3174 3854 3260 propter
3891 3166 4022 3238 hoc
4071 3190 4345 3237 necesse
4388 3178 4494 3238 est

2938 3275 3092 3345 illos
3156 3276 3422 3344 concidi
3487 3274 3597 3344 vel
3648 3275 3929 3345 succidi.
4015 3277 4145 3347 Isa.
4199 3299 4275 3359 x,
4325 3279 4409 3345 33
4470 3298 4487 3345 ε

2939 3384 3217 3453 Εεεεὶεἰ
3239 3392 3514 3453 statura
3538 3383 3999 3453 succidentur.

3032 3733 3068 3771 α
3131 3706 3698 3797 Confundantur.
3773 3731 3809 3773 ι
3879 3705 4011 3775 llic
4090 3706 4491 3786 secundum,

2940 3817 3193 3887 scilicet
3241 3840 3482 3886 eorum
3538 3816 3855 3887 confusio
3923 3818 3995 3885 in
4048 3817 4334 3908 judicio.
4414 3817 4498 3887 Et

2943 3928 3245 4019 tangitur
3269 3928 3495 4020 primo
3524 3926 3839 3997 confusio
3885 3949 4008 4018 per
4054 3927 4337 3995 modum
4386 3926 4500 3994 de-

2944 4037 3375 4128 precationis.
3438 4035 3790 4123 Secundo,
3849 4037 4052 4116 rati0,
4130 4035 4255 4116 ibi,
4320 4062 4354 4104 ι
4405 4039 4498 4107 Et

2941 4155 3444 4214 convertantur.
3484 4170 3519 4212 ι

3031 4253 3208 4323 Dicit
3272 4254 3459 4323 enim
3522 4274 3540 4324 :
3604 4250 3722 4322 Sic
3783 4252 3856 4322 in
3923 4260 4144 4322 morte
4208 4252 4505 4323 cervices

2942 4360 3407 4440 concidentur,
3441 4370 3511 4431 et
3537 4361 3746 4432 etiam
3778 4362 3849 4430 in
3884 4360 4152 4452 judicio
4200 4361 4502 4455 generali

2945 4493 2980 4535 ι
3012 4468 3555 4560 confundantur,
3603 4493 3638 4535 ι
3694 4468 3762 4537 id
3800 4477 3929 4548 est,
3973 4468 4500 4538 confundentur.

2943 4575 3142 4664 Osee,
3181 4599 3251 4661 x,
3305 4578 3346 4645 6
3389 4598 3407 4645 τ
3464 4577 3801 4668 Confusio
3868 4576 4213 4669 Ephraim
4252 4578 4499 4670 capiet,

2941 4696 3006 4755 et
3039 4684 3500 4778 confundetur
3539 4683 3768 4755 Israel
3819 4685 3894 4753 in
3947 4683 4302 4752 voluntate
4343 4707 4500 4757 sua.

2938 4795 3191 4865 Jerem.
3234 4817 3398 4873 xvir,
3449 4795 3582 4865 18:
3631 4793 4182 4888 Confundantur
4224 4795 4348 4885 qui
4394 4818 4504 4864 me

2934 4909 3464 4995 persequuntur.

3035 5143 3071 5181 α
3111 5118 3208 5185 Et
3242 5123 3755 5184 convertantur.
3789 5140 3821 5179 ι
3873 5112 4005 5182 Hic
4044 5114 4217 5181 ratio
4254 5112 4500 5183 confu-

2942 5225 3181 5308 sionis,
3230 5224 3535 5316 cognitio
3593 5226 3702 5294 sui
3752 5221 4083 5305 defectus,
4141 5228 4212 5291 et
4274 5221 4505 5315 impo-

2947 5334 3202 5416 tentiae,
3236 5333 3355 5426 qui
3391 5334 3584 5426 prius
3613 5339 3932 5424 potentes
3960 5329 4393 5400 videbantur.

3030 5440 3150 5509 Ait
3191 5439 3376 5509 enim
3410 5462 3426 5509 ε
3477 5439 3593 5508 Sic
3621 5437 4173 5509 confundantur:
4239 5463 4274 5505 ι
4308 5440 4429 5524 Et,
4469 5467 4503 5504 »

2947 5699 3220 5767 temppus
3239 5694 3552 5767 perfectum
3580 5691 3763 5752 habet.
