5008 6329
627 319 747 383 12⁵.

622 492 977 563 exsultatio
1030 519 1044 565 :
1108 506 1169 564 et
1228 496 1546 562 dicuntur
1604 496 1738 563 duo
1789 496 2160 565 seeundum

621 590 954 691 duplicem
1012 626 1286 671 causam
1348 604 1593 671 laetitiae
1653 629 1859 695 quam
1920 604 2161 693 tangit.

622 708 852 779 Prima
924 720 1020 779 est
1094 712 1376 780 sedatiO.
1443 714 1777 790 Secunda,
1853 713 2165 779 deductio

620 819 889 885 illorum
913 819 997 886 ad
1028 829 1298 909 portum
1340 822 1672 902 debitum,
1707 824 1827 904 ibi,
1865 846 1896 886 «
1933 823 2025 887 Et
2058 820 2169 883 (te-

621 924 844 991 duscit.
893 949 925 988 n

707 1031 884 1098 Dicit
922 1055 1082 1124 ergo
1129 1057 1143 1100 :
1192 1034 1305 1103 Sic
1344 1045 1503 1102 sunt
1534 1035 1827 1115 liberati,
1875 1061 1909 1097 c<
1945 1045 2006 1101 et
2040 1034 2166 1099 lee-

621 1142 750 1206 tati
775 1153 958 1222 sunt,
1001 1146 1167 1233 qaia
1212 1144 1582 1225 siluerunt,
1629 1170 1663 1206 »
1709 1142 1973 1233 supple,
2028 1143 2165 1208 ssu-

622 1259 788 1332 ctus,
811 1251 981 1318 sicut
999 1254 1167 1318 mari
1187 1252 1446 1333 sedato,
1472 1253 1678 1319 laetati
1705 1262 1855 1319 sunt
1875 1260 2097 1319 nautae
2114 1252 2157 1313 ¹.

624 1356 737 1424 Sic
765 1368 828 1425 et
859 1360 1087 1425 anima
1117 1381 1153 1425 a
1186 1359 1740 1427 tribulationibus
1773 1362 2071 1427 sentiens
2093 1382 2162 1424 se

621 1474 941 1554 ereptam,
994 1490 1130 1534 non
1172 1470 1520 1536 modicum
1582 1470 1886 1538 laetatur:
1933 1479 1998 1537 et
2052 1493 2168 1559 pa-

621 1582 833 1641 stores
867 1575 1173 1644 Ecclesiae
1194 1579 1504 1645 videntes
1527 1578 2040 1645 tribulationum
2066 1600 2168 1643 se-

622 1678 987 1749 dationem.
1030 1682 1197 1782 Tob.
1244 1707 1341 1764 ιιι,
1390 1686 1474 1750 22
1511 1707 1526 1750 :
1569 1686 1722 1751 Non
1776 1685 2161 1766 delecta1·is‚

620 1788 935 1868 Domine,
991 1791 1058 1857 in
1103 1791 1611 1881 perditionibus
1648 1795 1951 1859 nostris:
1995 1793 2164 1882 quia

615 1907 771 1987 post
822 1907 1283 1990 tempestatem
1324 1900 1797 1990 tranquillum
1842 1902 2022 1988 lacis
2063 1908 2169 1966 :et

614 2013 771 2093 post
804 2002 1370 2093 lacrymationem
1409 2012 1474 2072 ct
1518 2007 1791 2095 fletum,
1848 2006 2168 2073 exsulta-

621 2112 865 2178 tionem
898 2114 1233 2201 iulundis.
1265 2113 1469 2182 Joan.
1508 2138 1646 2187 xvi.
1683 2116 1768 2182 20
1804 2137 1818 2181 :
1861 2116 2166 2182 Tristitia

619 2228 837 2286 vestra
893 2231 1188 2288 vertetur
1232 2222 1301 2288 in
1347 2221 1720 2312 qaudium‚
1766 2231 1839 2289 ut
1879 2245 2057 2312 aqua
2098 2224 2162 2287 in

619 2328 852 2395 vinum
892 2349 940 2395 ι.

711 2461 743 2500 α
781 2438 869 2502 Et
898 2435 1137 2503 eduxit
1175 2462 1307 2514 cos,
1350 2464 1381 2504 ιι
1435 2447 1709 2529 propter
1738 2439 1917 2529 quod
1960 2440 2164 2505 etiam

622 2552 779 2610 sunt
821 2541 1049 2620 laetati,
1104 2574 1136 2606 «
1174 2546 1243 2611 in
1290 2557 1574 2636 portum
1621 2545 2003 2612 voluntatis
2049 2568 2166 2612 eo-

623 2672 801 2726 rum,
839 2677 872 2712 n
906 2649 1422 2719 scilicetterram
1459 2653 1955 2743 promissionis,
2000 2662 2065 2719 et
2098 2654 2162 2717 in

619 2756 1015 2827 Jerusalem.
1081 2758 1544 2850 Spiritualiter
1609 2772 1837 2828 autem
1893 2760 2168 2827 Jerusa-

622 2864 753 2933 lem
810 2878 1041 2957 portus
1097 2869 1473 2937 voluntatis
1539 2878 1665 2949 est,
1711 2871 1869 2959 quia
1927 2891 2167 2935 omnes

624 2973 1104 3043 beatitudinem
1173 2986 1531 3068 appetunt,
1593 2978 1715 3045 etsi
1778 2976 1971 3044 multi
2027 2987 2170 3043 ten·

621 3080 783 3149 daut
810 3083 892 3150 ad
924 3083 1107 3152 illam
1157 3085 1428 3154 tramite
1461 3085 1658 3154 devio
1694 3108 1710 3151 :
1767 3085 1880 3152 sed
1923 3084 2171 3152 Domi-

623 3216 747 3262 nus
784 3218 944 3264 suos
974 3196 1275 3265 deduxit.
1313 3196 1445 3266 Isa.
1491 3221 1598 3276 ιν,
1637 3200 1717 3265 ¹2
1756 3221 1771 3265 ε
1812 3198 1889 3265 ln
1926 3196 2170 3265 laetitia

620 3302 1082 3391 cyrediemini,
1130 3315 1192 3371 et
1240 3306 1310 3377 in
1344 3329 1518 3397 pace
1572 3304 1978 3373 edacemini.
2038 3305 2173 3371 Sa-

623 3410 829 3498 pient.
873 3434 939 3492 x,
983 3415 1109 3482 ¹0:
1155 3413 1436 3480 lustum
1492 3412 1783 3480 deduxit
1830 3412 2169 3480 Dominus

612 3542 741 3609 per
775 3521 923 3586 vias
960 3530 1197 3597 rectas,
1234 3522 1408 3589 sicut
1446 3520 1607 3588 dum
1654 3521 1855 3588 Jesus
1886 3529 2057 3590 essct
2101 3522 2166 3588 in

624 3628 819 3707 mari,
874 3627 1161 3718 apostoli
1221 3630 1587 3697 voluerunt
1659 3631 1961 3721 accipere
2014 3651 2169 3697 eum

628 3736 695 3802 in
752 3739 1009 3812 navins.
1095 3748 1160 3806 et
1202 3740 1442 3806 statim
1486 3740 1684 3806 navis
1710 3739 1856 3826 fuit
1909 3736 2008 3805 ad
2040 3748 2172 3805 ter·

624 3865 777 3910 ram
816 3844 885 3910 in
914 3865 1123 3933 quam
1156 3843 1352 3912 ibant
1382 3851 1432 3913 ⁸.

722 4204 753 4242 ι
791 4176 1267 4267 Confiteantur
1285 4177 1612 4246 Domino.
1644 4203 1677 4243 ι
1713 4176 1838 4246 llic
1856 4188 1955 4247 cst
1977 4202 2178 4270 quar,

631 4294 699 4350 ta
739 4305 892 4374 pars
920 4285 1125 4352 totius
1172 4283 1358 4352 illius
1396 4287 1634 4375 partis.
1671 4288 1741 4356 in
1772 4309 1908 4378 qua
1947 4287 2180 4379 agitur

631 4389 713 4457 (le
754 4388 1080 4458 beneficio
1142 4388 1453 4458 exhibito
1520 4393 2015 4463 revertentibus
2058 4416 2180 4486 per

633 4519 840 4569 mare.
875 4497 1165 4568 Ostenso
1186 4501 1372 4568 enim
1403 4500 1733 4591 periculo.
1766 4502 2067 4572 clamore
2090 4503 2174 4569 acl

631 4606 874 4682 Deum.
905 4616 970 4674 et
1000 4604 1428 4690 liberatione,
1459 4608 1895 4701 subjungitur
1934 4610 2179 4678 incita-

629 4715 723 4783 tio
757 4737 992 4783 eorum
1023 4714 1106 4783 ad
1135 4712 1571 4785 liberatorem
1616 4716 2073 4786 laudandum:
2109 4727 2178 4787 et

627 4819 850 4890 divide
897 4822 1069 4891 sicut
1125 4822 1313 4914 prius
1357 4824 1669 4891 omnino.
1714 4822 1890 4903 Quia
1950 4826 2176 4915 primo

631 4926 866 4995 invitat
881 4926 968 4997 ad
987 4926 1254 4997 laudem
1281 4929 1786 4998 misericordiae.
1821 4927 2172 5007 Secundo,

634 5036 974 5126 potentioe,
1007 5035 1125 5115 ibi,
1171 5065 1202 5101 ι
1237 5038 1334 5106 Et
1373 5035 1756 5106 mirabilia.
1798 5064 1831 5104 ι

719 5145 831 5212 Ait
852 5146 1032 5214 enim
1068 5168 1083 5214 :
1112 5145 1226 5215 Sic
1256 5146 1594 5228 liberavit,
1628 5155 1693 5215 et
1711 5156 1987 5239 propter
2015 5146 2174 5223 hoc,

635 5276 671 5318 ι
728 5253 1213 5342 confiteantur.
1291 5256 1590 5323 Domino
1693 5254 2179 5323 misericordiee

632 5354 811 5444 ejus,
853 5381 888 5422 ι
949 5356 1017 5426 id
1067 5366 1193 5443 est,
1243 5381 1458 5449 opera
1514 5359 1994 5427 misericordiae
2041 5358 2181 5426 sint

704 5603 725 5639 ¹
747 5602 830 5661 cf.
867 5603 1052 5676 lona,
1082 5620 1122 5673 ι,
1157 5607 1241 5662 ¹⁶.

709 5696 732 5732 ⁸
757 5694 844 5755 cf.
873 5693 1040 5754 loun.
1072 5709 1133 5764 ιι,
1166 5698 1189 5750 ¹
1224 5701 1286 5751 at
1314 5710 1443 5768 seq.

1595 324 1677 388 n.
1735 322 1929 388 Aha.
1989 321 2207 388 mo.
2260 315 2470 383 ono.
2524 316 2819 405 PRAED.

2279 488 2477 555 nobis
2546 488 2762 556 laudis
2828 490 3110 557 materia
3166 512 3180 555 :
3247 515 3278 554 «
3349 498 3412 556 et
3469 487 3827 556 mirabilia

2274 594 2453 682 ejus,
2504 622 2535 659 »
2599 597 2664 662 id
2703 605 2828 674 est,
2889 619 3096 685 opera
3153 593 3514 672 mirabilia,
3581 619 3613 658 a
3654 593 3829 681 siliis

2271 703 2634 769 hominum
2677 731 2707 765 »
2745 702 3072 781 exhibita,
3117 705 3254 771 sint
3292 702 3576 769 materia
3608 700 3826 767 laudis

2273 819 2340 876 et
2369 809 2838 875 consessionis,
2895 809 3075 876 Psal.
3133 832 3351 887 cxmr,
3402 809 3531 875 10:
3583 807 3827 895 Confi-

2276 926 2552 985 teantur
2588 916 2739 1000 tibi,
2773 919 3090 999 Domine,
3144 919 3377 985 omnia
3425 939 3631 1007 opera
3672 925 3818 982 tua.

2271 1026 2537 1104 Juditl1‚
2595 1050 2737 1107 xm,
2787 1029 2864 1094 17
2920 1038 2986 1096 et
3037 1029 3116 1095 18
3164 1051 3177 1093 :
3223 1026 3539 1095 Laudate
3582 1025 3827 1094 Domi-

2273 1158 2442 1201 num
2492 1138 2715 1203 Deum
2771 1146 3105 1212 nostrum,
3160 1136 3283 1225 qui
3340 1158 3475 1200 non
3531 1133 3828 1201 deseruit

2270 1253 2620 1334 sperantes
2676 1245 2746 1309 in
2800 1266 2872 1311 se
2935 1267 2957 1311 .·
3000 1254 3063 1310 et
3124 1245 3193 1308 in
3236 1265 3342 1309 me
3402 1241 3667 1309 ancilla
3694 1262 3823 1308 sua

2274 1350 2683 1441 adimplevit
2722 1351 3264 1419 misericordiam
3291 1373 3518 1417 suam.
3558 1349 3617 1417 11
3650 1348 3820 1437 Reg.

2274 1482 2463 1541 xxiv,
2504 1461 2584 1526 14
2620 1483 2634 1528 ε
2668 1461 2916 1528 Muteae
2939 1470 3101 1527 sunt
3131 1459 3613 1526 misericordiae
3644 1458 3823 1546 eju-5.

2274 1568 2480 1635 Eec-li.
2543 1590 2708 1643 xvu.
2765 1569 2849 1635 28
2898 1589 2913 1633 :
2965 1570 3191 1651 Quam
3244 1591 3502 1656 maqna
3558 1567 3830 1633 miseri-

2272 1675 2510 1741 cordia
2537 1675 2846 1752 Domini,
2890 1683 2954 1740 et
2977 1675 3388 1765 propitiatio
3420 1672 3623 1740 illius
3661 1695 3830 1740 con-

2273 1782 2685 1850 vertentibus
2725 1782 2821 1849 ad
2851 1805 2921 1848 se
2950 1785 2980 1846 l

2367 2132 2401 2171 ι
2435 2108 2531 2173 Et
2575 2107 2878 2173 exaltent
2932 2130 3109 2173 eum.
3160 2133 3191 2167 »ι
3255 2105 3382 2173 llic
3438 2113 3539 2174 est
3586 2113 3827 2197 quarta

2273 2239 2455 2307 pam,
2522 2217 2587 2281 in
2639 2238 2771 2306 qua
2812 2216 3037 2306 agitur
3064 2216 3145 2283 de
3203 2224 3445 2306 quarto
3493 2214 3822 2283 beneticio

2272 2333 2429 2414 post
2488 2324 2948 2391 reversionem
3008 2322 3141 2391 illis
3192 2323 3498 2391 exhibito
3536 2346 3552 2390 ε
3589 2325 3658 2390 in
3689 2347 3825 2413 quo

2272 2434 2594 2502 (licuntur
2650 2433 2810 2501 duo.
2874 2433 3136 2510 Primo,
3183 2433 3492 2500 invitatio
3533 2432 3619 2500 ad
3677 2431 3831 2499 lau-

2273 2541 2576 2610 dandum
2615 2540 2836 2608 Deum
2867 2549 2934 2608 et
2960 2538 3424 2608 exaltandum.
3480 2538 3825 2619 Secundo,

2273 2649 2629 2741 subjungit
2656 2650 2847 2739 quasi
2881 2671 3154 2715 causam
3188 2647 3408 2715 laudis
3449 2649 3672 2739 ipsum
3707 2646 3829 2717 be·

2273 2759 2622 2836 neticium‚
2660 2756 2777 2834 ibi,
2811 2764 2872 2833 δι’.
2912 2758 2995 2825 33
3031 2779 3046 2823 :
3093 2786 3125 2818 α
3155 2758 3399 2824 Posuit
3417 2758 3746 2846 flumina.
3787 2781 3820 2822 a

2368 2864 2443 2932 ln
2483 2867 2703 2955 prima
2740 2865 2900 2931 duo,
2957 2864 3216 2946 Prinne,
3263 2866 3509 2933 invitat
3544 2865 3630 2933 ad
3669 2864 3827 2932 lau-

2275 2974 2430 3041 dem
2470 2972 2720 3063 operis,
2774 2971 2958 3063 quod
2996 2981 3099 3040 est
3135 2995 3258 3063 per
3310 2972 3822 3043 exaltationem.

2278 3080 2621 3160 Secundo,
2673 3082 2838 3159 oris,
2870 3079 2990 3160 ibi,
3031 3109 3063 3142 α
3096 3082 3190 3148 ΕΙ
3238 3082 3309 3148 in
3357 3081 3686 3150 cathedra
3718 3105 3830 3151 sc-

2272 3193 2575 3260 niorum.
2613 3217 2649 3254 ιι
2681 3189 2811 3258 vel
2840 3191 2937 3258 sic
2982 3212 3000 3257 ι
3051 3189 3311 3272 Primo,
3351 3193 3663 3261 invitatio
3704 3194 3830 3260 mi·

2274 3322 2550 3367 norum.
2598 3296 2941 3376 Secundo,
2976 3299 3343 3387 majorum,
3380 3298 3499 3381 ibi,
3547 3325 3580 3366 ι
3622 3302 3717 3371 Et
3757 3302 3827 3369 in

2277 3406 2630 3474 cathedra.
2672 3434 2703 3466 υ

2368 3515 2480 3580 Ait
2513 3514 2692 3579 enim
2741 3536 2756 3579 ε
2793 3512 2909 3580 Sic
2944 3511 3132 3580 Deus
3183 3510 3497 3581 laudetur
3554 3525 3831 3607 propter

2277 3619 2726 3711 praecedentia
2806 3620 3133 3688 beneficia
3192 3643 3208 3688 ε
3285 3650 3317 3683 α
3381 3631 3446 3688 et
3510 3648 3545 3684 n
3625 3611 3840 3691 etiam'

2282 3759 2318 3796 ι
2360 3730 2667 3798 exaltent
2721 3752 2903 3807 eam,
2943 3755 2976 3795 ι
3017 3750 3139 3819 per
3185 3752 3392 3821 opera
3444 3729 3650 3814 bona,
3689 3759 3723 3798 ι
3758 3733 3829 3800 in

2281 3837 2594 3906 Ecclesia
2630 3867 2662 3898 »
2698 3838 3087 3915 existentes.
3140 3835 3464 3915 Ecclesia,
3518 3839 3827 3931 inquam,

2286 3972 2320 4011 ι
2357 3944 2607 4037 plebis,
2647 3972 2679 4009 ι
2722 3945 2788 4013 id
2825 3953 2953 4024 est,
2987 3943 3069 4012 de
3098 3943 3319 4036 plebe.
3355 3955 3422 4015 et
3451 3946 3833 4017 minoribus

2282 4052 2565 4122 collecta
2612 4077 2627 4121 :
2677 4082 2711 4110 σε
2746 4062 2811 4121 et
2844 4051 3131 4121 laudent
3168 4075 3323 4120 eum
3362 4079 3395 4119 ι
3467 4057 3833 4125 existentes

2286 4187 2321 4225 ι
2357 4161 2428 4227 in
2494 4160 2820 4228 cathedra
2881 4161 3256 4241 seniorum,
3292 4185 3325 4226 a
3391 4162 3566 4231 sicut
3613 4165 3839 4252 majo·

2287 4291 2417 4336 res.

2379 4374 2796 4445 Exaltandus
2860 4385 2961 4445 est
3007 4376 3222 4462 Deus,
3284 4377 3455 4447 Tob.
3528 4402 3674 4460 xm,
3732 4383 3837 4450 6:

2289 4486 2730 4574 Confitcmini
2788 4484 2928 4564 illi,
2998 4486 3382 4576 Iteqemque
3430 4488 3839 4557 seculorum

2284 4593 2593 4661 exaltate
2640 4593 2709 4659 in
2758 4590 3077 4681 operibus
3114 4594 3374 4660 vestriS.
3419 4592 3502 4664 Et
3547 4592 3842 4665 laudan-

2285 4698 2414 4767 dus
2441 4721 2636 4777 voce,
2689 4697 2769 4765 lu
2806 4695 3079 4778 eodem,
3120 4704 3187 4774 ἵ.
3239 4700 3279 4768 3
3314 4721 3330 4766 :
3405 4703 3844 4792 Confitemini

2287 4807 2614 4882 Domino,
2644 4803 2788 4893 filii
2811 4804 3060 4882 Israel.
3092 4816 3157 4873 et
3188 4807 3258 4874 in
3277 4821 3635 4900 conspectu
3669 4813 3842 4879 Gen-

2287 4916 2462 4983 tium
2498 4910 2783 4981 laudate
2808 4936 2989 4983 cum.
3024 4911 3322 4983 Maxime
3360 4938 3487 4983 vos
3518 4917 3837 5005 majores,

2288 5023 2403 5112 qui
2459 5021 2636 5089 estis·
2687 5020 2757 5087 in
2813 5019 3160 5100 cathedra,
3222 5022 3304 5090 de
3372 5046 3532 5114 qua,
3592 5022 3860 5094 Meum(

2292 5152 2488 5205 xxni.
2523 5129 2609 5195 2:
2670 5128 2896 5219 Super
2929 5128 3326 5196 cathedram
3372 5130 3606 5222 Moysi
3647 5132 3843 5201 sede-

2297 5243 2462 5304 runt
2513 5233 2748 5303 scribae
2783 5245 2848 5303 et
2869 5234 3222 5327 pharisei.
3263 5235 3367 5303 De
3396 5238 3700 5329 utrisque
3742 5243 3845 5310 si-

2291 5340 2461 5421 mul,
2507 5341 2787 5432 Apocal.
2814 5365 2954 5426 xix,
2988 5344 3029 5411 5
3064 5364 3080 5409 ε
3122 5342 3433 5411 Laudem
3465 5343 3672 5415 dicite
3697 5350 3842 5418 Deo

2359 5596 2384 5631 ³
2409 5593 2582 5652 toan.
2615 5608 2688 5661 νι,
2720 5594 2811 5650 2¹.
