5008 6329
2340 395 2759 466 PSALMUS
2809 397 3114 466 CXXVI.

1162 573 1489 642 cedendo.
1533 572 1687 653 Vel,
1735 600 1770 638 α
1820 583 2075 652 euntes,
2121 596 2156 639 t
2209 595 2249 641 a
2304 568 2717 660 contempla·

1164 681 1370 749 tionis
1456 681 1684 772 quiete
1750 681 2258 760 descendentes,
2331 707 2365 742 «
2417 678 2631 758 ibant,
2679 701 2711 742 ιο

1165 791 1417 858 actioni
1466 790 1886 859 insudantes.
1940 787 2180 857 Matth.
2232 811 2302 865 x,
2356 787 2394 853 8
2455 791 2522 853 et
2580 784 2711 850 16:

1163 901 1512 969 Euntes...
1554 903 1731 969 Eece
1767 921 1890 988 eqo
1920 899 2116 964 mitto
2175 917 2314 962 vos.
2363 892 2564 960 Joan.
2599 916 2712 971 xv,

1168 1008 1299 1076 16:
1346 1008 1560 1099 Eleqi
1620 1030 1763 1087 vos,
1823 1015 1888 1073 et
1939 1003 2151 1096 posui
2207 1024 2320 1069 vos
2388 1009 2465 1068 ut
2521 1002 2712 1067 eatiS.

1254 1116 1698 1185 Praedicatori
1782 1115 1967 1182 enim
2032 1111 2332 1180 eundum
2396 1118 2519 1190 est,
2581 1130 2720 1176 non

1166 1224 1683 1316 quiescendum,
1719 1229 1788 1290 et
1826 1222 2015 1289 omni
2080 1219 2394 1288 similiter
2425 1217 2713 1287 homiui.

1164 1333 1407 1404 Matth.
1454 1356 1573 1414 xx,
1617 1333 1657 1400 6
1693 1354 1709 1400 :
1758 1330 1949 1416 Quid
1980 1330 2091 1397 hic
2161 1330 2360 1396 statis
2402 1337 2547 1395 tota
2611 1326 2722 1393 die

1160 1443 1364 1510 otiosi
1405 1440 1447 1508 P
1478 1438 1807 1508 Proverb.
1843 1462 1936 1520 tv,
2003 1439 2127 1505 18:
2180 1438 2539 1505 Justorum
2611 1458 2722 1501 se-

1161 1551 1335 1617 mita
1400 1548 1608 1640 quasi
1697 1547 1826 1616 lux
1896 1544 2278 1638 splendens,
2326 1543 2610 1635 proficit
2659 1550 2720 1609 et

1161 1657 1399 1724 erescit
1429 1678 1649 1746 usque
1687 1654 1785 1722 ad
1801 1655 2182 1746 perfectam
2240 1650 2441 1719 diem.
2525 1678 2556 1711 «
2626 1651 2721 1717 Et

1163 1762 1452 1854 flebant,
1488 1788 1522 1829 »
1584 1762 1883 1832 exterius
1940 1758 2153 1828 oculis
2228 1757 2716 1851 corporalibus.

1164 1872 1323 1951 Job,
1358 1895 1529 1958 xxx,
1576 1873 1715 1941 25:
1774 1869 2068 1939 Flebam
2123 1868 2472 1960 quondam
2520 1889 2726 1960 super

1168 2004 1242 2049 eo
1309 1981 1434 2072 qui
1490 1980 1813 2070 afflictus
1881 1985 2053 2058 erat,
2129 1985 2193 2045 et
2271 1978 2510 2045 anima
2574 1997 2726 2043 mea

1167 2086 1726 2181 compatiebatur
1756 2086 2079 2179 pauperi.
2137 2084 2223 2153 Et
2264 2083 2549 2152 interius
2605 2106 2730 2152 su-

1170 2195 1424 2286 spiriis,
1458 2201 1527 2263 et
1554 2188 2065 2286 gentitibus.Ad
2095 2192 2386 2260 Roman.
2419 2213 2564 2272 vm,
2599 2190 2725 2259 23:

1177 2302 1278 2371 Et
1312 2326 1436 2370 nos
1465 2302 1604 2394 ipsi
1633 2300 1993 2393 primitias
2044 2300 2331 2393 spiritus
2383 2298 2726 2371 habentes,

1171 2421 1236 2480 et
1266 2412 1405 2504 ipsi
1443 2412 1636 2479 intra
1682 2432 1810 2477 nos
1860 2408 2228 2499 qemimus.
2295 2434 2330 2471 α
2387 2408 2732 2476 Mittentes

1170 2521 1436 2590 semina
1464 2542 1623 2603 sua,
1660 2545 1695 2583 ι
1732 2517 2254 2611 praedicationis,
2320 2525 2387 2586 et
2432 2514 2736 2585 eleemo-

1173 2653 1531 2723 synarum.
1565 2627 1699 2697 Isa.
1750 2650 1971 2708 xxxn,
2016 2627 2100 2696 20
2136 2649 2151 2694 :
2195 2626 2400 2695 Beati
2450 2625 2575 2717 qui
2625 2648 2736 2692 se-

1182 2738 1470 2808 minatis
1491 2760 1705 2831 super
1741 2759 1976 2805 omnes
2038 2758 2280 2826 aquas.
2347 2735 2564 2825 Aquae
2607 2756 2737 2801 au-

1176 2857 1317 2919 tem
1356 2846 1632 2938 proprie
1671 2853 1833 2913 sunt
1868 2866 2226 2937 pauperes,
2280 2843 2456 2911 circa
2485 2849 2733 2911 terram

1181 2954 1583 3024 defluentes.
1645 2951 1869 3023 Eccle.
1930 2954 2096 3037 x1,1
2145 2973 2162 3020 ε
2228 2951 2429 3020 Mitte
2475 2970 2736 3042 panem

1180 3073 1407 3152 tuum,
1431 3061 1691 3132 scilicet
1720 3060 2280 3141 misericordiam,
2344 3081 2550 3152 super
2585 3081 2739 3126 om-

1178 3198 1296 3244 nes
1360 3197 1605 3266 aquas,
1675 3174 1844 3265 quia
1922 3182 2079 3265 post
2142 3182 2446 3265 tempora
2511 3169 2738 3240 mulla

1172 3284 1472 3353 invenies
1521 3281 1760 3352 illum.
1841 3281 1974 3352 Isa.
2044 3303 2228 3363 tvm,
2278 3282 2317 3350 7
2362 3302 2380 3350 t
2467 3282 2743 3371 Franqe

1179 3391 1531 3472 esurienti,
1575 3397 1706 3460 etc.

1268 3633 1302 3669 «
1346 3605 1692 3674 Venientes
1738 3613 1979 3673 autem
2026 3604 2313 3673 venient.
2351 3628 2386 3671 ι
2446 3600 2577 3673 Hic
2602 3609 2740 3672 ter-

1171 3716 1354 3785 tium
1385 3712 1594 3803 hujus
1633 3711 1878 3805 partis,
1921 3712 1994 3780 in
2059 3734 2196 3804 quo
2241 3711 2596 3803 subjungit
2657 3709 2739 3780 de

1169 3820 1381 3891 modo
1411 3819 1807 3912 colligendi,
1835 3828 1903 3890 et
1933 3818 2301 3911 recipiendi
2333 3821 2733 3911 praemium:

1175 3940 1243 4002 et
1277 3936 1660 4025 tanguntur
1713 3930 1868 4002 tria.
1904 3929 2164 4010 Primo,
2231 3929 2453 3999 exitus
2482 3953 2524 3999 a
2562 3951 2739 4022 prae-

1175 4040 1353 4110 senti
1385 4038 1686 4109 miseria.
1734 4036 2081 4120 Secundo,
2142 4036 2473 4107 adventus
2537 4036 2738 4107 loetus

1176 4145 1264 4216 ad
1319 4155 1578 4217 oeterna
1637 4145 1846 4228 bona,
1914 4144 2038 4224 ibi,
2098 4169 2136 4214 e
2243 4145 2516 4215 Venient
2578 4166 2737 4214 eum

4248 401 4375 469 369

2827 567 3304 639 exsultatione.
3384 598 3415 638 n
3484 574 3538 639 T
3543 576 3739 655 ertio,
3817 574 4014 663 quasi
4071 573 4245 640 ratio
4313 578 4380 638 et

2827 700 3052 760 causa,
3075 681 3348 751 scilicet
3377 685 3811 774 praesentatio
3844 681 4186 750 bonorum
4241 702 4380 747 me·

2827 786 3111 855 ritorum
3152 799 3406 880 aperta,
3444 792 3562 868 ibi,
3599 818 3635 854 (ι
3689 793 4076 858 PortanteS.
4117 817 4151 851 »
4367 866 4370 869 ¹

2914 895 3268 989 Dicitergo
3297 922 3310 965 :
3342 898 3455 967 Sic
3486 900 3674 967 ibant
3711 899 3973 966 semina
4005 899 4378 981 mittenteS,

2830 1012 2895 1072 et
2932 1015 3150 1095 post«
3184 1011 3520 1077 venientes
3554 1034 3586 1073 ι)
3631 1006 3715 1076 ab
3756 1008 4037 1077 instanti
4094 1016 4161 1076 et
4201 1029 4384 1098 prae-

2828 1114 3004 1181 senti
3034 1114 3325 1185 miseria.
3361 1116 3658 1199 Baruch,
3691 1139 3759 1195 v,
3804 1119 3844 1185 5
3891 1138 3909 1184 t
3966 1115 4132 1183 Vide
4167 1115 4384 1183 eolle-

2828 1230 2969 1287 ctos
3002 1221 3197 1308 filios
3225 1233 3377 1290 tuos
3425 1223 3510 1291 ab
3543 1225 3798 1291 oriente
3852 1224 3998 1291 sole
4038 1246 4253 1314 usque
4291 1222 4389 1290 ad

2830 1326 3237 1395 occidentem
3270 1333 3314 1395 ¹.
3356 1357 3389 1391 «
3438 1330 3712 1396 Venient
3765 1352 3921 1397 cum
3978 1329 4385 1397 exsultatio·

2827 1457 2934 1517 ne,
2970 1462 3002 1496 »
3057 1435 3140 1502 ad
3166 1444 3490 1503 aeternam
3558 1436 3888 1504 laetitiam.
3958 1436 4092 1504 [sa.
4166 1459 4382 1519 xxxv,

2836 1543 2963 1611 10:
3012 1543 3279 1611 Venient
3316 1546 3388 1611 in
3425 1545 3594 1614 Sion
3625 1568 3780 1612 eum
3823 1544 4056 1625 laude,
4108 1554 4170 1612 et
4205 1543 4387 1612 teeti-

2832 1653 2932 1720 tia
2958 1657 3371 1745 sempiterna
3425 1679 3632 1747 super
3686 1666 3894 1748 eaput
3949 1679 4213 1724 eorum.
4273 1656 4383 1736 Et,

2831 1784 3010 1841 va1,
3065 1764 3142 1830 18
3204 1770 3270 1831 ct
3316 1765 3394 1831 19
3430 1785 3445 1832 t
3491 1767 3586 1832 Et
3616 1767 3904 1846 venient,
3949 1774 4014 1832 et
4052 1763 4382 1832 videbunt

2828 1870 3134 1963 qloriam
3193 1894 3441 1945 meam.
3516 1876 3610 1941 Et
3677 1896 3937 1965 ponam
3988 1876 4057 1941 in
4136 1875 4233 1941 eis
4286 1874 4392 1941 si-

2830 2004 3074 2073 qnum,
3117 2005 3271 2050 cum
3303 1983 3565 2051 dicetur
3620 1985 3718 2051 eis
3748 1983 3915 2051 illud
3948 1982 4197 2052 Matth.
4223 2007 4389 2068 xxv,

2837 2089 2971 2159 34:
3012 2090 3257 2168 Venite,
3319 2089 3651 2158 benedicti
3689 2094 3926 2159 Patris
3987 2093 4147 2171 mei,
4168 2093 4394 2185 perci-

2825 2197 2977 2290 pite
2996 2207 3326 2289 paratum
3367 2197 3554 2267 vobis
3584 2223 3898 2289 reqnum,
3942 2210 4073 2271 etc.

2932 2331 2966 2372 α
2998 2309 3365 2375 Portantes
3411 2309 3813 2400 manipulas
3839 2333 4026 2390 suos,
4077 2339 4110 2373 »
4169 2309 4394 2379 bono-

2838 2436 2992 2482 rum
3023 2437 3307 2505 operum
3337 2415 3799 2496 collectiones,
3835 2440 3958 2507 pro
3983 2417 4237 2508 quibus
4266 2418 4397 2486 erit

2841 2525 2939 2594 eis
2969 2546 3249 2594 merces.
3292 2525 3579 2616 Apocal.
3611 2549 3753 2606 xiv,
3797 2526 3875 2596 13
3911 2548 3926 2594 ε
3975 2527 4205 2619 Opera
4238 2526 4399 2595 illo·

2844 2654 3000 2701 rum
3035 2643 3417 2724 sequuntur
3472 2632 3659 2703 illos.
3739 2634 3946 2705 Eccli.
4008 2658 4222 2716 xxxv,
4290 2637 4331 2704 6
4375 2658 4394 2704 t

2844 2741 2998 2810 Non
3036 2739 3396 2833 apparebis
3450 2764 3704 2808 vacuus
3762 2752 3922 2811 ante
3961 2753 4397 2835 conspectum

2842 2849 3197 2918 Domini¹.
3249 2848 3578 2917 Proverb.
3650 2873 3839 2931 xxxt,
3923 2852 3999 2918 31
4044 2874 4060 2919 ε
4112 2854 4299 2920 Date
4336 2851 4400 2918 ei

2845 2955 3200 3046 defructu
3254 2978 3589 3025 manuum
3627 2978 3943 3026 suarum.
4002 2956 4112 3025 Ad
4169 2956 4393 3026 Galat.

2845 3085 2941 3149 vt,
2965 3064 3046 3132 8:
3085 3063 3250 3149 Qua·
3286 3063 3467 3132 enim
3503 3066 3943 3132 seminaverit
3980 3065 4210 3143 homo,
4245 3066 4388 3134 haee

2847 3182 2911 3242 et
2939 3181 3161 3241 metet.
3204 3173 3420 3242 Levit.
3454 3196 3648 3254 xxm,
3700 3177 3778 3241 ¹0
3817 3197 3832 3242 ε
3881 3175 4058 3244 Cum
4101 3176 4399 3265 inqressi

2845 3282 3122 3373 fueritis
3158 3289 3437 3365 terram,
3478 3305 3693 3373 quam
3759 3306 3882 3374 eqo
3948 3281 4131 3350 dabo
4173 3282 4392 3365 vobis,

2847 3397 2912 3457 et
2948 3390 3357 3457 messueritis
3393 3398 3704 3479 seqelem,
3725 3389 3965 3478 seretis
3994 3389 4399 3482 manipulos

2844 3496 3215 3588 spicarum,
3260 3497 3614 3589 primitias
3691 3497 3925 3565 messis
3962 3507 4223 3575 vestrae,
4266 3503 4397 3567 etc.

2847 3603 3143 3685 Baruch,
3166 3627 3260 3691 tv,
3302 3603 3755 3674 23:110ducet
3797 3629 3910 3673 vos
3940 3605 4117 3673 milti
4151 3606 4408 3674 Domi-

2846 3737 2978 3783 nus
3039 3734 3194 3781 eum
3254 3711 3521 3803 qaudio
3589 3735 3671 3779 ac
3696 3711 4180 3802 jucunditate,
4243 3734 4406 3781 cum

2847 3820 3098 3915 gaudio
3135 3821 3219 3889 de
3256 3819 3430 3889 bene
3467 3822 3703 3913 gestis,
3737 3843 3817 3889 ac
3856 3843 4020 3890 cum
4068 3820 4405 3911 jucundi-

2846 3938 2980 4000 tate
3012 3929 3094 3999 de
3123 3928 3406 4021 adeptis.
3463 3929 3571 3996 Ad
3647 3951 3799 4021 quie
3841 3952 3968 3997 nos
4028 3929 4402 4021 perducere

2848 4037 3185 4131 dignetur,
3219 4037 3337 4129 qui
3374 4045 3476 4108 est
3506 4036 3933 4117 benedictus,
3977 4046 4107 4105 etc.

2371 4517 2837 4596 PSALMUS
2884 4518 3215 4595 CXXVI.

1683 4850 1879 4925 Vani
1921 4850 2279 4924 hominum
2321 4849 2600 4923 labores
2624 4847 2877 4947 quibus
2913 4870 3050 4922 non
3079 4846 3491 4943 opitulatur
3515 4846 3897 4921 Dominus.

1178 5235 1239 5281 1.
1299 5206 1698 5282 Canticum
1719 5207 1969 5301 gradu
1988 5230 2114 5280 um
2146 5206 2583 5283 Salomonis.

1358 5316 1525 5389 Nisi
1609 5315 1976 5389 Dominus
2059 5317 2514 5390 edificaverit
2599 5321 2736 5391 do-

1447 5446 1687 5513 mum,
1749 5425 1824 5498 in
1910 5445 2181 5498 vanum
2232 5427 2736 5500 laboraverunt

1447 5533 1575 5627 qui
1626 5533 1986 5606 edificant
2021 5554 2208 5605 eam.

1252 5767 1275 5807 ¹
1304 5768 1391 5829 Cf.
1424 5769 1677 5838 Baruch,
1711 5787 1785 5841 tv,
1818 5772 1919 5834 ³7.

1394 5905 1514 5947 ινα

3025 5202 3186 5276 Nisi
3258 5203 3619 5277 Dominus
3665 5203 4097 5278 custodierit
4144 5204 4393 5280 civita-

3114 5330 3287 5395 tem,
3326 5312 3593 5385 frustra
3623 5311 3870 5406 vigilat
3902 5312 4033 5408 qui
4074 5315 4401 5388 custodit

3116 5441 3296 5493 eam.

2890 5552 2958 5601 2.
3008 5528 3298 5601 Vanum
3344 5546 3453 5600 est
3490 5527 3699 5601 vobis
3747 5545 3912 5602 ante
3952 5529 4193 5601 lucem
4242 5550 4405 5601 sur-

2913 5780 2937 5818 ’
2962 5781 3049 5843 Cf.
3076 5779 3258 5842 Exod.
3289 5798 3453 5857 xxm,
3483 5785 3548 5839 ¹5
3577 5788 3638 5840 et
3664 5798 3861 5856 xxxix,
3894 5787 3986 5840 20.

4127 5900 4217 5958 24.
