5008 6329
2191 375 2897 445 COMMENTARIUS
2949 374 3039 440 lN
3087 372 3523 440 PSALMUM
3573 371 3714 439 CH.
4470 368 4553 431 25

1344 555 1636 616 aeternus
1694 548 1833 627 ille,
1906 548 1986 616 de
2046 572 2180 639 quo
2237 549 2475 618 Matth.
2530 573 2689 628 xxm
2752 550 2885 615 41:

1343 656 1686 724 Discedite
1714 680 1757 724 a
1780 679 1907 737 me,
1953 658 2327 743 maledicti,
2357 661 2425 726 in
2457 661 2678 749 iqnem
2707 666 2894 723 aeter-

1344 787 1539 843 num,
1576 774 1704 833 etc.

1435 1110 1468 1150 α
1496 1086 1651 1152 Non
1687 1087 2086 1155 secundum.
2131 1113 2159 1147 n
2202 1084 2329 1151 Hic
2377 1082 2776 1166 secundum,
2816 1084 2888 1150 in

1345 1214 1479 1282 quo
1548 1194 1849 1262 ostendit
1894 1192 2379 1261 relaxationem
2419 1214 2632 1282 poenoe
2672 1190 2886 1280 culpae

1340 1299 1422 1366 ab
1464 1296 1747 1368 homine
1778 1298 2161 1368 voluntarie
2200 1307 2599 1389 perpretatae
2636 1319 2651 1363 :
2697 1305 2761 1364 et
2792 1296 2889 1363 di-

1339 1418 1584 1480 cuntur
1631 1411 1790 1479 du0.
1846 1408 2105 1487 Primo,
2140 1408 2493 1478 relaxatio.
2542 1404 2882 1484 Secund0‚

1334 1519 1537 1610 plena
1595 1517 1931 1594 dimissio,
1976 1513 2094 1595 ibi,
2151 1523 2215 1593 ᾗ.
2273 1518 2402 1584 11:
2462 1538 2493 1578 α
2543 1514 2882 1599 Quoniam

1335 1624 1710 1694 secundum
1741 1622 2215 1692 altitudinem.
2253 1649 2287 1690 n

1424 1729 1501 1798 ln
1542 1730 1764 1820 prima
1804 1729 1965 1798 duo.
2006 1728 2263 1809 Primo,
2308 1728 2632 1796 relaxatio
2662 1750 2874 1819 quan·

1333 1848 1474 1906 tum
1507 1838 1594 1905 ad
1635 1839 1905 1906 minora
1944 1844 2240 1928 peccata.
2285 1834 2626 1918 Secund0‚
2661 1856 2881 1926 quan-

1335 1953 1478 2013 tum
1520 1944 1607 2012 ad
1635 1944 1926 2034 maiora,
1949 1942 2069 2024 ibi,
2107 1972 2140 2006 α
2170 1943 2308 2011 Nec
2339 1941 2711 2010 secundum
2743 1941 2880 2008 ini-

1334 2050 1652 2140 quitates.
1695 2078 1727 2110 n

1418 2155 1598 2226 Dicit
1621 2179 1783 2247 ergo
1819 2179 1835 2224 z
1872 2155 1984 2224 Sic
2017 2155 2267 2225 relaxat
2301 2177 2572 2247 poenam
2602 2177 2875 2223 omnem

1331 2289 1452 2359 pro
1507 2266 1710 2358 culpa
1768 2264 2083 2357 originali
2149 2264 2471 2343 debitam,
2539 2271 2601 2330 et
2641 2264 2872 2344 etiam,

1331 2404 1364 2441 α
1404 2399 1540 2446 non
1577 2376 1952 2445 secundnm
1998 2384 2284 2469 peccata
2329 2382 2585 2459 nostra,
2632 2402 2664 2437 »
2718 2395 2867 2465 qum

1328 2494 1556 2555 nostra
1588 2494 1773 2567 sunt,
1809 2485 1967 2577 quia
1996 2484 2378 2554 voluntarie
2418 2484 2701 2552 iacimus
2731 2482 2868 2563 illa,

1330 2622 1361 2656 «ι
1400 2595 1568 2683 lecit
1622 2593 1844 2669 nobis,
1892 2619 1926 2655 υ
1985 2615 2258 2684 poenam
2312 2591 2708 2684 infligendo,
2753 2592 2870 2660 sed

1325 2705 1543 2794 magis
1585 2704 1907 2794 pepercit.
1943 2732 1974 2765 «
2010 2704 2148 2770 Nee
2198 2701 2568 2769 seeundum
2620 2701 2873 2793 iniqui·

1323 2820 1495 2879 tates
1522 2822 1815 2888 nostraS,
1866 2837 1899 2875 ιι
1938 2811 2254 2900 majoreS‚
2299 2835 2333 2876 e
2382 2808 2697 2876 retribui!
2743 2832 2870 2877 no-

1322 2917 1445 2988 bis.
1488 2949 1522 2982 υ
1558 2920 1721 3000 Job,
1776 2942 2017 2998 xxxin,
2061 2921 2144 2987 27
2196 2942 2212 2987 ε
2271 2919 2574 2998 I’eccavi,
2620 2927 2685 2986 et
2721 2941 2870 2986 vere

1318 3026 1611 3118 deliqui,
1660 3038 1725 3095 et
1774 3038 1851 3096 ut
1903 3050 2091 3095 eram
2131 3027 2408 3119 diqnus,
2441 3049 2573 3093 non
2622 3028 2858 3119 recepi.

1315 3132 1471 3212 Job,
1506 3157 1601 3216 xi,
1637 3137 1678 3205 5
1708 3144 1770 3205 et
1807 3138 1847 3201 6
1888 3156 1905 3205 :
1948 3137 2229 3204 Utinam
2265 3137 2446 3206 Deus
2477 3134 2866 3227 loqueretur

1315 3251 1649 3321 tecum....
1685 3253 1751 3311 et
1807 3243 2225 3334 intelligeres
2251 3243 2441 3335 quod
2465 3244 2691 3312 multa
2737 3243 2861 3311 mi-

1316 3371 1486 3415 nora
1524 3352 1831 3441 esiqaris
1860 3349 1946 3417 ab
1983 3375 2060 3419 eo
2116 3373 2327 3443 quam
2359 3360 2700 3419 mereatur
2737 3351 2860 3418 ini·

1315 3458 1547 3547 quitas
1575 3460 1743 3525 tua!
1792 3457 1971 3525 Psal.
2004 3480 2232 3541 cxxix,
2277 3459 2365 3527 3:
2411 3460 2494 3529 Si
2539 3459 2860 3551 iniquita-

1317 3572 1409 3631 tes
1445 3563 1929 3645 observaveris,
1973 3576 2102 3635 etc.

1409 3913 1441 3950 ιι
1490 3887 1837 3972 Quoniam
1883 3886 2256 3953 seeundum
2308 3887 2777 3959 altitudinem.
2821 3914 2856 3953 ι

1319 3995 1444 4065 llic
1472 3995 1878 4074 secundum,
1912 3996 2163 4066 scilicet
2193 3996 2391 4088 plena
2419 3998 2751 4077 dimissio,
2793 4007 2859 4067 et

1318 4113 1418 4175 est
1452 4103 1605 4175 haec
1633 4129 1791 4198 pars
1821 4105 2037 4174 divisa
2067 4107 2134 4174 in
2168 4105 2359 4174 duas.
2406 4106 2664 4188 Primo,
2696 4132 2860 4178 con·

1319 4215 1613 4283 firmatio
1654 4215 2158 4285 misericordiae.
2206 4213 2546 4295 Secundo,
2581 4218 2726 4309 ipsa
2754 4217 2862 4287 di-

1316 4320 1575 4403 missio,
1617 4320 1738 4400 ibi,
1770 4328 1834 4399 5.
1876 4322 1956 4389 12
2018 4343 2077 4389 ει
2119 4324 2470 4408 Quantum
2499 4321 2713 4393 distat
2739 4348 2859 4393 or-

1314 4440 1446 4499 tus.
1494 4457 1530 4493 κ

1400 4535 1579 4607 Dicit
1618 4558 1784 4629 ergo
1817 4558 1834 4606 ε
1891 4534 2004 4606 Sic
2034 4559 2173 4605 non
2210 4538 2405 4630 punit
2460 4561 2587 4608 nos
2611 4563 2858 4610 secun-

1312 4642 1473 4714 dum
1519 4643 1703 4738 quod
1735 4645 2136 4722 meruimus,
2183 4676 2216 4708 κ
2250 4648 2576 4739 quoniam
2625 4670 2858 4718 corro-

1314 4751 1581 4822 boravit
1635 4753 2173 4823 misericordiam
2216 4777 2444 4837 suam,
2473 4785 2503 4821 ι
2548 4755 2677 4828 hoc
2724 4769 2850 4837 est.

1313 4859 1849 4930 misericordiam
1892 4860 2282 4931 roboratam
2307 4862 2640 4947 exhibuit,
2667 4896 2700 4931 ι
2731 4892 2856 4936 su-

1304 4992 1427 5063 per
1453 4970 1768 5038 timentes
1801 4991 1896 5036 se.
1934 4998 1966 5030 κ
2013 4967 2196 5038 l’sal.
2230 4993 2412 5051 cxvi,
2443 4975 2484 5040 2
2528 4995 2544 5040 :
2582 4975 2856 5064 Confir-

1307 5086 1500 5144 mata
1553 5085 1654 5144 est
1705 5096 1916 5166 super
1975 5097 2097 5144 nos
2152 5077 2615 5147 misericordia
2669 5083 2846 5172 ejus.

1307 5181 1636 5252 Proverb.
1669 5203 1860 5261 xxxi,
1912 5182 1987 5249 Π
2024 5203 2041 5248 :
2086 5181 2458 5253 Roboravit
2496 5186 2849 5257 brachium

1300 5313 1532 5373 suum,
1568 5288 2103 5360 misericordiam
2153 5290 2406 5361 scilicet
2444 5317 2666 5377 suam,
2700 5320 2848 5389 quae

1303 5406 1401 5468 est
1449 5419 1669 5466 unum
1729 5397 1877 5487 ejus
1930 5395 2311 5475 brachium.
2384 5424 2520 5492 quo
2574 5401 2850 5475 attrahit

1302 5510 1715 5596 peccatores.
1749 5501 1838 5570 Et
1862 5501 2038 5571 bene
2109 5501 2297 5589 dicit,
2359 5529 2565 5596 super
2601 5509 2852 5577 timen-

1303 5622 1396 5682 tes
1417 5635 1517 5694 se,
1572 5610 1735 5704 quia
1793 5608 1949 5677 illos
1992 5615 2289 5681 maxime
2330 5613 2851 5688 misericorditer

1304 5718 1619 5814 protegit.
1662 5715 1871 5788 Eceli.
1907 5740 2141 5802 xxxiv,
2186 5721 2261 5788 te
2296 5744 2311 5788 :
2361 5722 2568 5791 Oculi
2603 5726 2845 5794 Domi·

2999 548 3073 612 ni
3095 569 3300 638 super
3351 549 3658 614 timentes
3697 568 3878 623 eum,
3922 553 4271 635 protector
4304 550 4553 632 poten-

2998 655 3132 733 tiae,
3171 655 3692 744 firmamentum
3740 652 4038 729 virtutiS,
4093 650 4386 740 teqimen
4431 671 4551 713 ar·-

2998 761 3205 828 doris.

3086 869 3167 935 Et
3206 869 3358 951 hoc,
3385 897 3418 933 α
3451 870 3825 936 secundum
3847 866 4292 935 altitudinem
4330 864 4485 931 coeli
4505 887 4548 931 a

2995 988 3197 1046 terra.
3228 1005 3260 1039 ι)
3288 976 3494 1056 Quasi
3524 976 3812 1044 diceret:
3854 976 4046 1043 Sicut
4074 973 4321 1041 coelum
4340 994 4412 1038 se
4428 970 4549 1038 ha-

2995 1082 3107 1149 bet
3128 1081 3212 1149 ad
3239 1089 3516 1161 terram,
3543 1104 3692 1171 quae
3716 1091 4046 1172 punctum
4077 1087 4177 1146 est
4202 1077 4286 1145 ad
4319 1079 4542 1166 ipsum

2996 1191 3062 1255 in
3087 1189 3426 1265 distantia,
3462 1191 3557 1256 sic
3579 1187 4045 1257 misericordia
4084 1194 4184 1254 est
4204 1185 4288 1252 ad
4329 1183 4548 1250 homi-

2992 1319 3109 1363 nes
3148 1298 3340 1386 quasi
3386 1296 3673 1365 infinita.
3737 1295 3868 1365 Isa.
3913 1318 4020 1373 ιν,
4055 1295 4096 1361 9
4131 1314 4146 1361 :
4194 1293 4392 1361 Sicut
4419 1313 4546 1358 ea:-

2987 1405 3301 1473 altantur
3328 1405 3484 1473 coeli
3511 1430 3554 1472 a
3611 1416 3821 1489 terra,
3875 1406 3974 1472 sic
4008 1401 4334 1471 exaltatae
4378 1411 4544 1466 sunt

2989 1514 3112 1580 vite
3139 1536 3325 1597 meae,
3361 1521 3486 1581 etc.
3532 1512 3616 1579 Et
3646 1513 3822 1580 sicut
3867 1511 4050 1602 leges
4081 1509 4232 1577 coeli
4271 1515 4540 1575 aeternae

2987 1628 3166 1700 sunt,
3218 1621 3314 1689 sic
3362 1604 3827 1687 misericordia
3866 1618 4148 1686 Domini
4187 1616 4273 1684 ad
4312 1614 4542 1683 homi-

2986 1750 3103 1795 nes
3133 1736 3233 1796 est
3275 1735 3549 1795 oeterna.
3594 1729 3851 1795 Jerem.
3895 1749 4086 1807 xxxi,
4123 1725 4207 1792 36
4244 1747 4259 1792 ε
4302 1724 4386 1793 Si
4414 1723 4539 1789 de-

2979 1837 3264 1928 fecerint
3305 1837 3483 1927 leqes
3530 1835 3686 1904 coeli
3733 1858 3966 1903 coram
4008 1857 4137 1913 me,
4174 1833 4343 1901 dicit
4390 1835 4538 1900 Do-

2983 1944 3233 2024 minus,
3302 1953 3466 2012 tunc
3492 1954 3557 2012 et
3589 1965 3815 2011 semen
3874 1941 4100 2011 Israel
4143 1940 4410 2029 deficiet
4457 1947 4536 2007 ut

2980 2075 3114 2120 non
3141 2054 3232 2121 sit
3265 2075 3432 2143 qens
3469 2074 3701 2119 coram
3751 2074 3882 2120 me.
3946 2050 4195 2119 lterum
4237 2048 4387 2116 coeli
4419 2048 4536 2116 be-

2982 2157 3220 2226 neficia
3274 2157 3492 2226 multa
3557 2157 3858 2226 influunt
3900 2157 3969 2223 in
4014 2164 4294 2229 terram,
4346 2154 4441 2222 sic
4496 2176 4536 2220 a

2978 2268 3149 2353 DeO,
3193 2289 3397 2358 super
3425 2267 3745 2334 timentes
3775 2287 3871 2333 se.
3907 2262 4104 2332 Unde
4126 2271 4290 2330 nota
4330 2261 4536 2329 Glos-

2978 2399 3121 2446 sam
3168 2398 3184 2444 z
3239 2400 3272 2440 α
3323 2372 3591 2444 Coelum
3648 2372 3833 2442 enim
3902 2370 4206 2462 undique
4279 2377 4533 2436 terram

2980 2510 3014 2551 e
3055 2485 3314 2554 circuit.
3365 2512 3399 2551 n

3065 2837 3097 2871 ι(
3143 2810 3497 2894 Quantum
3546 2806 3789 2876 distat.
3837 2833 3870 2868 ι»
3931 2804 4059 2874 llic
4116 2804 4524 2884 secundum,

2974 2917 3120 3010 ipsa
3149 2917 3481 2996 dimissio,
3511 2925 3577 2985 et
3607 2914 3757 2985 haec
3785 2922 3887 2984 est
3902 2936 4060 3006 pars
4080 2912 4398 2982 indivisa.

3064 3025 3177 3094 Ait
3208 3025 3389 3093 enim
3425 3044 3442 3094 t
3480 3021 3595 3093 Sic
3623 3022 4165 3093 misericordiam
4187 3044 4383 3094 suam
4413 3043 4528 3088 su-

2971 3158 3094 3229 per
3165 3137 3480 3205 timentes
3536 3157 3610 3205 se
3665 3131 4091 3221 corroborat,
4151 3141 4216 3201 et
4269 3154 4355 3201 ex
4394 3130 4527 3202 hoc

2967 3247 3229 3327 accidit,
3273 3245 3484 3338 quoni,
3537 3273 3573 3309 α
3608 3245 3813 3335 lonqe
3859 3245 4028 3335 lecit
4056 3267 4101 3311 a
4146 3241 4344 3311 nobis
4384 3243 4526 3311 ini-

2966 3357 3259 3447 quitates
3295 3364 3587 3422 nostraS.
3632 3382 3665 3415 n
3709 3351 3917 3422 Mich.
3948 3375 4071 3431 vn,
4126 3354 4204 3421 19
4240 3375 4256 3421 ε
4286 3353 4524 3444 Depo-

2964 3473 3074 3531 net
3111 3465 3510 3556 iniquitates
3538 3470 3838 3545 nostras,
3869 3469 3935 3528 et
3963 3460 4319 3553 projiciet,
4353 3483 4523 3552 pro-

2963 3570 3070 3641 cul
3107 3571 3335 3660 jaciet,
3406 3571 3477 3639 in
3526 3569 3967 3664 prafundum
4024 3570 4241 3639 maris
4284 3570 4522 3637 omnia

2957 3687 3235 3771 peccata
3281 3689 3545 3758 nostra,
3579 3676 3674 3747 ita
3712 3676 3918 3770 longe
3948 3676 4148 3746 faciet
4188 3675 4523 3767 iniquita-

2965 3794 3090 3857 tes.
3134 3784 3461 3854 Proverb.
3497 3807 3666 3867 xxx,
3709 3787 3750 3854 8
3785 3806 3801 3851 ε
3852 3785 4230 3852 l'anitatem
4272 3792 4335 3850 et
4381 3805 4524 3850 eer—

2966 3893 3051 3964 ba
3091 3893 3447 3963 mendacia
3489 3893 3696 3985 lonye
3718 3895 3842 3985 lac
3869 3917 3914 3963 a
3952 3915 4080 3960 me.

3055 4033 3087 4065 «ι
3126 4004 3478 4088 Quantum
3510 4000 3726 4069 distat
3747 4010 3941 4068 artus
3969 3998 4058 4068 ab
4083 3997 4446 4079 occidente,
4480 4026 4514 4059 ιι

2961 4111 3230 4181 claritas
3259 4109 3514 4180 scilicet
3553 4133 3594 4179 a
3623 4109 3948 4189 tenebris,
3979 4110 4156 4178 inter
4185 4132 4338 4200 quae
4367 4107 4519 4177 nul·

2963 4219 3027 4289 la
3057 4220 3530 4288 convenientia
3552 4225 3779 4310 potest
3806 4240 3978 4286 esse.
4005 4216 4067 4285 11
4087 4215 4175 4286 ad
4197 4215 4511 4286 Corinth.

2963 4350 3058 4401 vt.
3117 4326 3194 4395 ¹4
3229 4349 3245 4396 z
3293 4326 3462 4411 Quae
3486 4327 3777 4396 societas
3813 4326 3960 4395 luci
4002 4325 4102 4395 ad
4130 4324 4443 4396 tenebras
4474 4325 4518 4397 ?

2962 4433 3407 4504 Cassiodorus
3432 4458 3449 4504 ε
3477 4463 3510 4497 ι
3529 4433 3824 4504 Tantum
3849 4435 4243 4525 iniquitates
4256 4441 4510 4502 nostrae

2963 4568 2998 4609 ι
3030 4541 3230 4634 longe
3257 4550 3417 4610 sunt
3437 4564 3593 4610 cum
3626 4541 3828 4609 nobis
3850 4548 4122 4634 peccata
4149 4549 4383 4610 nostra
4403 4541 4515 4612 di-

2963 4676 2998 4717 «
3026 4651 3410 4734 mittuntur,
3433 4656 3768 4741 quantum
3783 4655 4011 4742 potest
4025 4645 4351 4741 praeclara
4368 4647 4513 4718 dies

2964 4785 2998 4825 e
3023 4782 3060 4827 a
3082 4767 3278 4826 nocte
3308 4755 3667 4827 tenebrosa
3702 4755 3976 4825 distare.
4002 4782 4034 4822 ι
4063 4755 4354 4849 Propter
4373 4756 4512 4827 hoc

2959 4864 3364 4961 quibusdam
3435 4865 3785 4935 conversis
3858 4862 4022 4933 dicit
4075 4862 4354 4945 Paulus,
4423 4863 4509 4933 ad

2959 4975 3205 5067 Ephes.
3249 4997 3318 5054 v,
3351 4975 3393 5043 8
3437 4997 3453 5042 :
3498 4974 3743 5042 Eratis
3779 4971 4164 5065 aliquando
4193 4970 4506 5054 tenebre,

2955 5105 3138 5152 num
3155 5090 3385 5150 autem
3410 5081 3539 5150 lua·
3559 5083 3629 5148 in
3654 5081 3975 5149 Domino.
4007 5077 4225 5148 Eccle.
4254 5101 4325 5161 ιι,
4364 5078 4443 5147 ¹3
4487 5099 4505 5147 τ

2954 5192 3050 5259 ΕΙ
3076 5188 3228 5259 vidi
3253 5187 3448 5282 quod
3488 5196 3762 5255 tantum
3791 5188 4203 5281 precederet
4238 5188 4507 5280 sapien-

2955 5300 3081 5382 tia,
3121 5319 3275 5391 quae
3305 5305 3409 5365 est
3461 5318 3627 5364 vera
3664 5296 3736 5365 in
3794 5295 4099 5365 cavendo
4137 5293 4396 5364 malum
4438 5304 4510 5364 et

2955 5404 3258 5475 faciendo
3293 5402 3585 5485 bonum,
3627 5403 4032 5483 stultitiam,
4083 5425 4237 5496 quae
4274 5410 4379 5471 est
4432 5402 4507 5473 in

2953 5513 3296 5605 opposito,
3390 5522 3735 5604 quantum
3784 5510 4020 5602 differt
4057 5509 4188 5579 lua:
4216 5534 4261 5578 a
4316 5521 4506 5580 tene-

2953 5621 3113 5693 bris.
3149 5621 3254 5702 Et,
3291 5623 3360 5691 in
3390 5623 3660 5703 eodem,
3690 5630 3759 5702 5.
3811 5622 3890 5689 ¹4
3923 5621 4312 5716 :Sapientis
4346 5644 4505 5692 ocu·
4584 5702 4592 5717 ,

2955 5728 3011 5797 li
3039 5729 3105 5796 in
3134 5730 3358 5823 eapite
3394 5728 3576 5820 ejus,
3642 5727 3905 5799 stultus
3931 5736 4165 5798 autem
4207 5729 4281 5798 in
4312 5737 4502 5798 lene·
