5008 6329
764 297 888 362 172
1749 299 1836 367 D.
1888 297 2090 365 ALB.
2142 292 2359 361 MAG.
2413 293 2619 362 ORD.
2670 296 2957 365 PRAED.

460 498 683 547 Secund·
761 487 897 553 quo
929 469 1242 537 subditur
1288 473 1460 538 ratio
1518 481 1581 539 et
1639 496 1843 540 causa
1898 472 2168 539 laudis:
2243 479 2306 538 et
2423 470 2679 538 bonum
2711 472 2745 538 ⁶?
2780 468 3044 536 Daniel.
3083 492 3177 547 ιιι,
3231 471 3366 536 50:
3423 470 3611 536 Fecit
3656 464 3957 532 medium

407 556 726 608 ¹³⁸¹⁸⁹⁸⁸¹¹²¹¹·
759 571 1076 643 dicuntur
1114 577 1271 643 duo,
1339 578 1601 664 Primo,
1653 584 1865 648 sumit
1933 581 2227 647 rationes
2269 603 2307 645 a

487 5485 512 5516 f

491 5521 522 5554 ς

756 683 1083 771 qualitate
1124 708 1407 775 operum
1449 689 1574 757 Dei
1631 688 2130 757 universaliter.
2181 686 2301 753 Se-

749 789 999 868 cundo,
1046 791 1129 858 ab
1190 818 1394 885 opere
1452 820 1588 886 quo
1657 796 1900 863 liberat
1937 817 2099 861 suos
2155 815 2303 882 spe-

746 894 1029 977 cialiter,
1102 901 1260 989 quia
1318 903 1399 969 de
1459 902 1575 969 illo
1668 899 2087 979 intendebat,
2176 898 2295 983 ibi,

743 1006 805 1075 5'·
862 1002 903 1068 4
946 1025 962 1071 :
1012 1030 1045 1070 α
1098 1010 1510 1095 ιὶίεηιονίαιη
1577 1009 1765 1098 jecit.
1815 1034 1845 1073 x>

831 1108 909 1175 In
939 1113 1163 1201 prima
1202 1114 1520 1181 dicuntur
1560 1115 1862 1205 quinque
1921 1114 2296 1182 secundum

740 1216 1045 1307 quinque
1088 1241 1238 1308 quae
1288 1219 1450 1289 dicit
1482 1221 1563 1289 de
1594 1223 1824 1289 divina
1875 1222 2289 1312 operatione.

735 1319 998 1401 Primo,
1036 1325 1197 1413 quia
1227 1349 1501 1418 magna.
1551 1327 1896 1409 Secunde,
1941 1330 2102 1419 quia
2139 1350 2294 1395 cum

735 1426 1091 1518 diligentia
1131 1441 1198 1500 et
1228 1433 1513 1503 discrete
1543 1436 1744 1517 facta,
1789 1435 1907 1512 ibi,
1949 1463 1982 1498 «
2015 1434 2296 1525 Exqui-

728 1534 890 1604 sita.
934 1565 966 1599 »
1010 1537 1262 1624 Tertio,
1307 1542 1493 1632 quod
1531 1543 1857 1633 gloriosa,
1922 1542 2042 1626 ibi,
2078 1550 2140 1618 ῒ.
2196 1542 2234 1608 3
2271 1564 2286 1608 :

733 1664 768 1704 ι
809 1643 1186 1735 Confessio.
1226 1673 1258 1713 ι)
1295 1648 1583 1735 Quart0,
1627 1649 1811 1739 quod
1863 1649 2128 1726 decora,
2168 1649 2284 1727 ibi,

735 1772 769 1814 c
810 1752 908 1818 Et
936 1754 1477 1843 maqnificentia.
1516 1782 1551 1819 ι)
1596 1754 1877 1835 Quinto,
1913 1757 2098 1847 quod
2126 1777 2288 1845 per-

729 1880 1078 1944 severanS,
1113 1862 1232 1948 ibi,
1271 1889 1304 1929 α
1339 1867 1437 1931 Et
1465 1864 1759 1954 justitia
1805 1865 1988 1956 ejus.
2027 1891 2062 1933 ι»

819 1966 1002 2036 Dicit
1029 1992 1192 2062 ergo
1236 1993 1253 2037 ε
1292 1970 1407 2039 Sic
1435 1972 1602 2053 dixi,
1655 1973 1841 2064 quod
1882 1972 2281 2052 confitebor,

728 2083 797 2143 et
833 2075 1121 2167 dignum
1154 2086 1277 2159 est,
1323 2082 1483 2171 quia
1530 2110 1562 2144 «
1597 2105 1831 2174 opera,
1869 2108 1902 2145 ι)
1938 2082 2007 2149 ἰιι
2046 2082 2287 2173 singu-

727 2178 880 2261 lari,
914 2191 989 2250 ut
1018 2185 1167 2253 vult
1198 2184 1465 2268 Glossa,
1494 2212 1527 2252 α
1562 2189 1876 2267 Domini,
1905 2213 1940 2255 ι»
1979 2211 2020 2256 a
2053 2188 2285 2257 Domi-

727 2311 819 2357 no
862 2290 1063 2360 nobis
1092 2301 1388 2372 ostensa,
1443 2303 1546 2364 est
1598 2324 1634 2360 α
1682 2317 1964 2387 mayna.
2013 2323 2047 2359 »
2124 2295 2279 2382 Vel,

729 2397 800 2464 in
845 2398 1121 2488 plurali,
1194 2424 1401 2493 opera
1447 2401 1727 2471 Domini
1776 2412 1937 2472 sunt
2003 2427 2276 2496 magna.

723 2503 887 2585 Job,
919 2529 990 2588 ν,
1025 2508 1067 2575 9
1105 2530 1121 2575 :
1160 2509 1299 2594 Qui
1322 2510 1500 2599 lacit
1537 2533 1795 2601 maqna
1838 2519 1905 2579 et
1951 2511 2284 2580 inscruta-

726 2610 926 2682 bilia.
989 2613 1200 2684 Estne
1265 2615 1546 2708 aliquod
1612 2641 1784 2708 opus
1852 2619 2076 2708 majus
2133 2617 2277 2703 illo,

725 2721 907 2812 quod
949 2723 1028 2792 fit
1074 2725 1145 2791 in
1194 2726 1643 2794 conversione
1675 2727 1933 2818 impii?
1968 2726 2274 2795 Nullum.

720 2828 1202 2920 Augustinus:
1259 2861 1293 2896 α
1337 2832 1560 2923 Majus
1608 2843 1709 2902 est
1764 2835 1848 2903 de
1904 2836 2116 2925 impio
2173 2835 2280 2902 fa-

724 2963 760 3000 «
812 2959 966 3006 cere
1031 2938 1250 3030 pium,
1315 2965 1523 3033 quam
1588 2941 1838 3011 coelum
1906 2949 1972 3010 et
2031 2951 2277 3011 terram

723 3069 758 3109 ι
793 3067 1049 3115 creare.
1078 3073 1112 3110 n
1157 3046 1242 3115 Et
1270 3048 1415 3139 ipse
1447 3047 1580 3118 hoc
1608 3049 1782 3135 vult,
1817 3049 2062 3121 Ezech.
2084 3073 2273 3133 xvm,

720 3155 807 3222 23
843 3178 859 3223 :
902 3155 1270 3248 Numquid
1304 3156 1688 3227 voluntatis
1733 3183 1900 3229 meae
1944 3170 2044 3229 est
2098 3184 2278 3229 mors

721 3260 982 3356 impii?
1009 3262 1178 3332 dicit
1214 3267 1559 3335 Dominus
1593 3269 1784 3336 Deus
1814 3291 1830 3336 :
1866 3276 1930 3335 et
1992 3289 2130 3336 non
2202 3277 2279 3335 ut

718 3382 1157 3440 eonvertatur
1185 3397 1228 3440 a
1257 3375 1386 3441 viis
1412 3376 1666 3455 suis,et
1689 3376 1934 3444 vivat?
1960 3375 2045 3444 Et
2075 3399 2274 3444 suum

634 3569 643 3578 ⁵
716 3477 896 3547 velle
940 3488 1042 3549 est
1088 3479 1331 3552 facere.
1369 3480 1552 3550 Psal.
1587 3505 1770 3560 exin,
1815 3484 1855 3550 3
1893 3503 1910 3553 :
1943 3486 2133 3553 Deus
2161 3509 2279 3552 no-

714 3596 857 3657 ster
893 3589 966 3658 iu
1001 3589 1170 3658 coelo
1211 3613 1235 3659 .·
1273 3591 1510 3659 omnia
1547 3615 1996 3684 qua-cumque
2025 3593 2271 3679 voluit,

754 3698 907 3766 ecit.

714 3696 767 3786 s
807 3802 1100 3896 Propter
1153 3802 1288 3875 hoc
1375 3804 1550 3876 bene
1630 3809 2054 3899 praeponitur
2118 3807 2277 3878 huic

714 3913 1039 3983 clausula.»
1058 3917 1257 3984 tertia
1285 3914 1513 3985 littera
1529 3939 1779 3985 ouium.
1797 3909 1920 4005 (2),
1957 3915 2140 4008 quod
2178 3916 2280 3984 in-

714 4030 1129 4113 terpretatur
1150 4022 1518 4114 plenitudo
1549 4022 1800 4093 divinat
1830 4023 2181 4092 bonitatis.

811 4271 846 4311 ι
881 4246 1284 4338 Exquisita.
1345 4271 1380 4314 ι
1436 4246 1567 4316 llic
1603 4244 2006 4315 secundum.
2068 4244 2277 4326 Quasi

718 4351 976 4422 diceret
1008 4375 1027 4421 ε
1063 4350 1181 4422 Sic
1209 4373 1420 4444 opera
1448 4353 1599 4442 ejus
1627 4375 1904 4445 magna,
1951 4380 1987 4419 α
2020 4353 2094 4421 in
2124 4374 2279 4420 om-

715 4483 834 4529 nes
864 4459 1254 4531 voluntates
1279 4459 1464 4551 ejus,
1486 4486 1521 4529 ι
1564 4484 1705 4531 non
1731 4469 2002 4530 tantum
2030 4462 2103 4530 in
2132 4463 2280 4555 qui-

714 4566 1008 4637 busdam
1050 4589 1069 4639 ε
1103 4576 1170 4637 et
1208 4594 1245 4636 ι
1288 4568 1662 4661 exquisita,
1730 4567 1800 4636 id
1874 4576 2002 4649 est,
2088 4570 2275 4638 omni

715 4674 1073 4768 diligentia
1120 4685 1187 4746 et
1240 4675 1648 4747 discretione
1717 4676 1917 4746 facta.
1990 4673 2145 4756 Vel,
2206 4676 2276 4745 in

713 4782 1014 4875 plurali:
1058 4805 1185 4852 nec
1239 4782 1471 4865 refert,
1518 4783 1682 4875 quia
1732 4781 1921 4868 alibi,
1975 4782 2046 4851 in
2086 4780 2270 4851 Psal.

711 4914 851 4973 cm,
884 4892 999 4972 24.
1047 4890 1217 4960 dixit
1261 4913 1278 4960 ε
1325 4890 1580 4962 Omnia
1610 4893 1684 4960 in
1709 4891 2056 4983 sapientia
2098 4892 2278 4983 leci-

709 5004 828 5072 sti.
864 5000 1047 5083 Quid
1105 5002 1325 5094 magis
1382 4999 1800 5093 exquisitum
1849 5023 2059 5093 quam
2115 4997 2268 5078 hoc,

713 5110 901 5204 quod
938 5109 1286 5180 conversis
1315 5107 1499 5177 mala
1523 5106 1974 5200 praecedentia
1992 5130 2274 5177 convcr-

710 5226 949 5287 tantur
973 5218 1046 5286 in
1082 5217 1345 5286 bonum
1373 5216 1412 5284 ⁰?
1445 5213 1557 5283 Ad
1585 5214 1880 5283 Roman.
1926 5237 2072 5297 vni,
2119 5216 2206 5284 28
2248 5239 2265 5284 :

714 5325 971 5394 Omnia
1045 5330 1501 5416 cooperantur
1555 5321 1628 5388 in
1685 5319 1940 5389 bonum
2006 5322 2115 5389 lzis
2149 5322 2275 5414 qui

708 5431 1089 5502 secundum
1109 5430 1550 5524 propositum
1578 5428 1801 5497 vocati
1826 5436 1996 5496 sunt
2017 5429 2264 5497 saneti.

711 5539 898 5624 Quid
968 5540 1193 5632 magis
1292 5537 1711 5630 exquisitum
1804 5558 2014 5628 quam
2085 5534 2270 5628 quod

713 5649 938 5744 ipsam
994 5644 1330 5718 eaevitiam
1395 5643 1739 5714 malorum
1803 5642 2142 5713 convertit
2197 5643 2269 5713 in

2415 581 2718 666 fornacis
2773 579 2973 667 quasi
3037 586 3308 643 ventum
3391 575 3564 640 roris
3640 574 3950 660 flantem.

2414 685 2623 751 Tanta
2655 686 3006 773 sapientia,
3051 692 3236 752 tanta
3267 681 3655 774 exquisitio,
3712 689 3786 745 ut
3816 701 3953 744 non

2414 792 2652 881 attingi
2694 794 2906 880 possit
2944 815 2982 857 a
3023 814 3224 858 sensu
3275 791 3602 858 humano,
3654 787 3761 853 Ad
3813 786 3955 851 Ro-

2413 921 2594 967 man.
2630 920 2722 977 x1,
2768 899 2849 965 33
2886 921 2899 964 ε
2940 899 2998 966 0
3024 898 3328 967 altitudo
3377 899 3784 965 divitiarum
3844 916 3954 960 sa-

2398 1009 2700 1098 pientiae,
2736 1016 2860 1075 etc.
2898 1005 3048 1096 Ipse
3079 1007 3262 1074 enim
3303 1006 3486 1074 Deus
3519 1007 3589 1071 in
3621 1003 3947 1072 creaturis

2408 1113 2564 1181 facit
2591 1137 2817 1204 opera,
2862 1120 3212 1202 tamquam
3255 1115 3323 1179 in
3353 1111 3600 1180 tabulis
3665 1111 3949 1198 scriptu-

2407 1246 2537 1303 raS,
2582 1246 2733 1312 quae
2762 1245 2964 1290 nemo
2996 1221 3221 1312 legere
3252 1221 3492 1310 possit,
3523 1220 3633 1287 vel
3670 1217 3939 1285 suflicit.

2496 1329 2687 1396 Unde
2717 1330 3131 1419 praeponitur
3160 1328 3320 1395 huic
3358 1326 3661 1396 clausula
3691 1346 3943 1392 nAm-:rn

2403 1427 2540 1521 (Ἰ),
2585 1436 2765 1526 quod
2805 1438 3287 1526 interpretatur
3316 1433 3573 1502 tabula?
3600 1432 3708 1501 vel
3742 1430 3943 1498 tabu-

2405 1542 2632 1610 larum
2678 1566 2692 1610 ε
2729 1552 2794 1611 et
2831 1551 2931 1611 est
2980 1543 3186 1624 idem,
3231 1566 3308 1610 ac
3337 1543 3391 1610 si
3424 1541 3673 1610 diceret
3707 1563 3722 1606 ε
3775 1539 3941 1605 Tam

2400 1652 2755 1741 exquisita,
2799 1660 2864 1719 et
2894 1651 3168 1719 subtilia
3205 1658 3362 1718 sunt
3421 1674 3626 1741 opera
3688 1649 3810 1716 Dei
3875 1649 3940 1714 in

2397 1760 2745 1839 creaturis,
2790 1767 2863 1826 ut
2909 1760 3071 1849 ipsae
3121 1766 3444 1826 creaturae
3493 1758 3628 1825 sint
3693 1755 3939 1824 tabulae

2397 1867 2808 1952 tabularum,
2901 1866 2988 1934 ad
3069 1890 3361 1958 quarum
3463 1865 3932 1955 capacitatem,

2397 1977 2623 2044 nullus
2666 1976 2877 2067 possit
2933 1978 3290 2067 attingere.
3336 1973 3556 2043 Eccle.
3612 1997 3711 2056 ιιι,
3796 1974 3869 2040 11
3913 1994 3928 2037 :

2392 2087 2734 2154 Mundum
2800 2085 3095 2154 tradidit
3157 2086 3618 2178 disputationi
3670 2107 3932 2161 eorum,

2394 2202 2473 2262 ut
2508 2218 2642 2262 non
2681 2194 2980 2262 inveniat
3007 2193 3208 2261 homo
3239 2216 3434 2285 opus,
3469 2193 3658 2283 quod
3693 2216 3936 2284 opera-

2391 2313 2502 2371 tus
2557 2313 2651 2372 est
2726 2305 2910 2371 Deus
2974 2302 3062 2370 ab
3129 2302 3328 2370 initio
3395 2300 3642 2369 mundi
3728 2324 3937 2392 usque

2389 2411 2487 2478 ad
2516 2410 2746 2500 finem.

2482 2758 2516 2798 α
2554 2733 2921 2822 Confessio.
2969 2756 3003 2797 ι
3056 2730 3184 2798 Hic
3239 2730 3547 2812 tertium,
3590 2736 3655 2796 et
3721 2751 3927 2819 quar-

2388 2850 2560 2925 tum,
2612 2840 2862 2908 scilicet
2919 2839 3217 2931 gloriosa
3300 2839 3605 2930 operatio
3663 2836 3815 2917 Dei,
3862 2845 3928 2903 et

2385 2948 2692 3039 pulchra.
2727 2947 2862 3016 Pro
2893 2971 2974 3016 eo
3018 2946 3202 3016 enim
3246 2945 3431 3039 quod
3486 2945 3596 3014 hic
3654 2945 3923 3022 dicitur,

2388 3083 2423 3123 ι
2470 3056 2816 3146 Confessio
2870 3064 2934 3122 et
2998 3053 3538 3146 maqnificentia‚
3607 3079 3637 3115 a
3724 3049 3928 3119 habet

2384 3166 2607 3235 littera
2653 3163 3051 3257 Hieronymi
3091 3162 3467 3234 secundum
3522 3159 3923 3230 llebraicam

2383 3276 2763 3357 veritatem,
2790 3302 2823 3340 α
2858 3271 3119 3359 Gloria,
3144 3281 3210 3342 et
3239 3271 3445 3342 decor
3473 3294 3646 3362 opus
3669 3269 3815 3359 ejus
3843 3292 3857 3335 :
3889 3297 3922 3333 ι

2385 3391 2450 3450 et
2487 3381 2859 3451 secundum
2917 3388 3222 3449 nostram
3290 3378 3617 3456 litteram,
3652 3405 3686 3440 α
3753 3379 3927 3446 Con-

2381 3490 2586 3580 fessio
2653 3514 2687 3555 »
2746 3486 2989 3567 laudis,
3078 3510 3229 3579 quae
3296 3495 3398 3554 est
3463 3486 3610 3575 ejus
3676 3485 3919 3575 gloria,

2386 3625 2420 3662 α
2451 3605 2517 3664 et
2544 3594 3056 3687 maqnificentia
3091 3619 3122 3659 ι
3147 3594 3398 3684 operis,
3432 3591 3562 3661 hoc
3592 3599 3717 3670 est,
3751 3614 3923 3683 opus

2381 3701 2851 3795 magnificum,
2892 3709 2960 3770 et
2989 3700 3388 3792 perfectum,
3423 3698 3606 3792 quod
3655 3706 3756 3767 est
3803 3696 3925 3764 de-

2382 3835 2648 3892 corum,
2680 3810 2876 3880 nobis
2923 3810 3201 3893 iactum,
3256 3833 3398 3879 non
3443 3817 3545 3879 est
3601 3831 3640 3877 a
3699 3805 3920 3883 nobis,

2381 3919 2526 4002 sed,
2572 3941 2791 4011 «opus
2817 3916 2996 4008 ejus,
3020 3942 3055 3985 ι
3092 3915 3361 4008 supple,
3386 3924 3489 3984 est
3524 3938 3540 3984 ε
3575 3917 3718 4006 ipse
3741 3915 3922 3982 enim

2384 4030 2453 4096 in
2473 4026 2671 4096 nobis
2698 4026 2854 4095 facit
2883 4034 3129 4097 totum.
3161 4025 3273 4095 Ad
3308 4025 3603 4095 Roman.
3656 4052 3751 4111 ix,
3793 4029 3871 4095 16
3900 4052 3917 4095 ε

2381 4137 2534 4206 Non
2588 4135 2894 4212 volantis,
2974 4158 3191 4228 neque
3243 4138 3604 4217 currentis,
3633 4137 3760 4206 sed
3784 4162 3849 4205 m
3858 4142 3922 4207 i-

2378 4243 2657 4313 serentis
2691 4243 2824 4312 Dei
2848 4250 2971 4312 est.
3010 4240 3119 4311 Ad
3155 4240 3413 4335 Philip.
3447 4265 3519 4325 ιι,
3567 4244 3691 4313 13:
3738 4247 3922 4337 Ope-

2381 4362 2581 4445 ratur:
2609 4351 2679 4420 in
2709 4349 2895 4420 vobis
2935 4358 3001 4419 et
3042 4349 3217 4419 velle
3264 4359 3331 4418 et
3385 4351 3736 4442 perficere,
3788 4377 3918 4445 pro

2382 4458 2559 4528 bona
2587 4458 2961 4527 voluntate.
3006 4454 3229 4525 Eecle.
3270 4478 3367 4538 u,
3424 4457 3497 4525 11
3537 4480 3555 4526 ε
3612 4458 3769 4527 Vidi
3791 4459 3920 4530 sub

2377 4565 2523 4635 sole
2582 4588 2702 4635 nec
2753 4562 3089 4633 velocium
3119 4586 3259 4632 esse
3291 4585 3595 4646 cursum,
3627 4589 3748 4634 nec
3772 4568 3917 4658 sor-

2379 4674 2555 4743 tium
2631 4671 2917 4752 bellum,
2966 4679 3126 4755 ete„
3184 4669 3306 4741 sed
3360 4677 3583 4741 totum
3638 4674 3792 4756 Dei,
3853 4684 3917 4744 et

2377 4790 2686 4852 nostrum
2751 4803 2925 4864 esse,
2979 4790 3050 4850 et
3108 4788 3421 4851 nostrum
3467 4783 3725 4852 vivere.
3809 4784 3916 4851 Ad

2377 4889 2669 4959 Roman.
2703 4911 2797 4968 xx,
2827 4888 2913 4957 36
2944 4909 2965 4957 t
3005 4889 3125 4957 Ea·
3163 4887 3341 4981 ipso,
3380 4899 3447 4957 et
3479 4912 3614 4983 per
3658 4891 3915 4983 ipsum,

2378 5005 2441 5065 et
2488 4997 2558 5064 in
2618 4996 2765 5088 ipso
2807 5002 2971 5063 sunt
3015 4994 3274 5063 omnia.
3327 4995 3480 5065 Aet.
3532 5019 3698 5076 xvu,
3776 5000 3913 5067 28:

2375 5105 2458 5175 In
2488 5105 2634 5197 ipso
2690 5103 3010 5189 vivimus,
3040 5113 3104 5173 et
3141 5126 3516 5190 movemur,
3547 5114 3614 5172 et
3651 5128 3914 5176 sumus.

2465 5208 2751 5301 Propter
2824 5207 2958 5279 hoc
3041 5209 3457 5302 praeponitur
3519 5212 3775 5301 optime
3834 5237 3918 5281 na

2373 5306 2527 5407 (Π),
2567 5314 2751 5409 quod
2777 5318 3256 5409 interpretatur
3301 5339 3463 5399 esse,
3503 5317 3614 5387 vel
3668 5321 3907 5391 vivere.

2370 5423 2473 5493 Ac
2508 5424 2564 5493 si
2603 5425 2781 5496 dicat
2823 5448 2840 5494 :
2891 5424 3049 5494 Non
3084 5423 3312 5494 solum
3360 5448 3535 5518 opus
3572 5435 3911 5511 nostrum,

2371 5532 2491 5601 sed
2528 5531 2719 5602 radix
2744 5533 2995 5624 operis,
3045 5554 3217 5616 esse,
3277 5541 3345 5604 et
3409 5535 3673 5618 vivere,
3742 5559 3915 5629 opus

2370 5662 2572 5711 suum
2590 5648 2713 5711 est.
