5008 6329
1708 395 2420 467 COMMENTARIUS
2469 397 2562 464 ΙΝ
2613 397 3047 469 PSALMUM
3096 398 3479 471 CXXXIX.

981 565 1377 653 gitaverunt
1414 569 1641 637 simul.
1693 570 1948 639 Jerem.
1992 594 2182 648 xviu,
2237 570 2320 636 23
2367 569 2534 647 :Yu,

981 677 1300 754 Domine,
1343 681 1472 746 scis
1501 704 1697 746 omne
1724 682 2094 748 consilium
2141 701 2376 744 eorum
2406 677 2537 742 ad-

979 806 1246 851 versum
1279 809 1406 853 me.
1449 787 1571 853 llic
1593 789 1738 873 jam
1773 789 1971 854 tertio
2003 785 2246 875 repetit
2277 785 2357 851 de
2391 806 2533 850 ma-

974 888 1038 958 la
1069 915 1309 960 corum
1350 897 1788 983 cogitatione,
1823 895 1982 982 quia
2022 895 2326 983 cogitant
2369 891 2536 960 suh-

973 1009 1234 1068 vertere
1274 1024 1396 1091 per
1426 1000 1617 1065 illum
1651 999 1972 1066 infamem
2015 1003 2416 1080 ternarium,
2450 1000 2533 1068 de

970 1128 1131 1195 quo,
1171 1106 1198 1172 1
1236 1106 1439 1172 Joan.
1483 1128 1553 1183 11,
1624 1107 1703 1173 16
1747 1129 1762 1172 :
1802 1107 2019 1176 Omne
2063 1109 2255 1199 quod
2315 1118 2411 1175 est
2460 1110 2529 1174 in

966 1213 1253 1291 mundo,
1290 1215 1832 1304 concupiscentia
1862 1217 2090 1283 carnis
2150 1225 2271 1297 est,
2308 1225 2432 1282 etc.

1059 1450 1092 1489 ι
1126 1427 1230 1493 Ne
1258 1427 1698 1518 derelinquas
1728 1452 1854 1495 me.
1888 1455 1918 1491 »ι
1955 1428 2017 1494 H
2026 1428 2084 1495 ic
2121 1428 2519 1503 secundum,

961 1532 1031 1598 in
1078 1554 1214 1622 quo
1265 1535 1433 1621 petit
1480 1534 1665 1623 quod
1706 1556 1843 1601 non
1873 1533 2406 1623 derelinquatur.
2444 1534 2527 1600 Et

961 1641 1212 1729 primo,
1248 1643 1513 1731 petitio.
1572 1640 1915 1723 SecundO,
1961 1645 2343 1732 persuasiO,
2403 1643 2519 1728 ibi,

962 1775 996 1808 «
1041 1749 1145 1815 Ne
1171 1751 1378 1838 sorte.
1420 1775 1452 1815 ι

1047 1853 1230 1923 Dicit
1268 1879 1431 1946 ergo
1466 1877 1483 1925 ι
1524 1855 1639 1924 Sic
1668 1880 1864 1949 rog0,
1916 1857 2239 1938 Domine,
2290 1883 2374 1927 ne
2414 1882 2523 1926 me

956 1961 1211 2040 tradaS,
1258 1974 1324 2031 et
1353 1966 1559 2031 etiam
1590 1966 1644 2032 si
1677 1964 2060 2047 tradideris,
2105 1995 2137 2030 «
2190 1991 2276 2035 ne
2329 1969 2525 2035 dere-

959 2069 1242 2160 linquas
1273 2092 1402 2148 me,
1455 2101 1485 2131 ι»
1520 2073 1588 2139 in
1628 2094 1867 2140 eorum
1902 2074 2243 2151 manibus,
2285 2097 2373 2142 ne
2410 2098 2524 2145 co-

954 2199 1080 2266 gar
1117 2176 1342 2246 dicere
1385 2178 1551 2246 illud
1592 2179 1724 2247 Isa.
1761 2204 1946 2261 xmx,
2012 2184 2136 2249 14:
2186 2184 2284 2250 Et
2340 2183 2521 2250 dixit

954 2285 1126 2353 Sion
1162 2308 1184 2351 .·
1250 2287 1642 2377 Der-eliquit
1752 2311 1858 2356 me
1947 2291 2306 2359 Dominus.
2410 2289 2521 2357 Ad

956 2389 1168 2458 llebr.
1205 2415 1353 2472 xm,
1380 2396 1421 2463 5
1452 2416 1468 2460 ε
1502 2396 1657 2462 Non
1689 2406 1752 2463 te
1779 2396 2112 2477 deseram,
2155 2420 2372 2488 neque
2399 2398 2521 2465 de-

956 2499 1356 2590 relinquam
1397 2499 1441 2568 ¹.

1048 2633 1081 2672 ι
1124 2610 1228 2676 Ne
1261 2612 1468 2699 sorte.
1511 2636 1543 2676 ι
1590 2612 1760 2680 Ecce
1822 2614 2225 2682 secundum.
2307 2614 2518 2695 Quasi

955 2714 1210 2784 diceret
1255 2737 1271 2784 t
1319 2716 1434 2786 Sic
1467 2741 1554 2787 ne
1585 2719 2019 2812 derelinquas
2049 2745 2159 2790 me
2205 2745 2220 2791 ε
2257 2731 2324 2791 et
2361 2722 2515 2806 hoc,

961 2822 1278 2902 Domine,
1314 2827 1368 2892 si
1411 2849 1551 2894 non
1627 2828 1759 2895 alia
1817 2833 2104 2909 ratione,
2183 2833 2313 2899 ista
2360 2832 2513 2901 iac:

964 2957 999 2992 α
1033 2931 1136 2999 Ne
1169 2933 1357 3023 sorte
1394 2934 1813 3004 exaltentur.
1878 2965 1908 3001 υ
1970 2938 2248 3009 Deuter.
2302 2963 2515 3018 xxxu,

960 3036 1089 3104 27:
1160 3040 1458 3130 Propter
1522 3042 1700 3109 iram
1756 3044 2194 3112 inimicorum
2245 3044 2516 3129 distuli,

961 3168 1046 3213 ne
1079 3148 1265 3236 sorte
1287 3149 1721 3240 superbirent
1747 3150 1967 3220 hostes
2003 3175 2265 3239 eorum,
2318 3166 2382 3223 et
2405 3155 2523 3224 di-

962 3265 1187 3322 cerent
1225 3278 1250 3323 .·
1318 3258 1600 3339 Manus,
1651 3269 1778 3327 etc.
1833 3258 2102 3338 Esther,
2165 3284 2306 3343 κιν,
2381 3266 2450 3331 Η
2494 3287 2513 3333 :

962 3360 1065 3427 Ne
1082 3359 1349 3440 tradas,
1383 3365 1704 3448 Domine,
1751 3376 2094 3458 sceptrum
2151 3378 2351 3436 tuum
2412 3370 2521 3438 his

961 3468 1087 3558 qui
1112 3490 1252 3536 non
1278 3481 1467 3551 sunt,
1509 3496 1595 3540 ne
1618 3474 1897 3543 rideant
1934 3476 2032 3542 ad
2067 3477 2347 3545 ruinam
2388 3501 2521 3546 no-

960 3585 1206 3644 stram.
1253 3576 1461 3648 Eccli.
1509 3602 1704 3663 xxm,
1754 3583 1793 3650 3
1849 3604 1864 3649 ε
1909 3585 2014 3651 Ne
2077 3586 2380 3653 incidam
2447 3588 2519 3654 in

960 3695 1320 3775 conspectu
1367 3687 1921 3757 adversariorum
1994 3701 2412 3777 nostrorum,
2455 3703 2521 3762 et

956 3791 1269 3880 qaudeat
1293 3815 1503 3885 super
1531 3818 1636 3865 me
1664 3798 1987 3865 inimicus
2022 3821 2236 3867 meus.

1054 4067 1105 4182 ι.
1126 4116 1360 4209 Caput
1385 4120 1738 4188 circuitus.
1776 4144 1810 4185 ι
1854 4120 1984 4208 Hic
2011 4122 2311 4192 secunda
2364 4147 2521 4215 pars

658 4237 882 4284 sonna-¹·
960 4225 1177 4292 totius
1207 4223 1413 4314 hujus
1444 4225 1728 4308 Psalmi,
1767 4229 1836 4294 in
1869 4250 2004 4319 qua
2033 4228 2354 4298 describit
2384 4253 2523 4299 ma-

613 4303 727 4350 ριη
736 4292 913 4338 Pntmi

916 4324 931 4339 ⁶
961 4330 1028 4401 la
1061 4335 1619 4425 persequentium
1660 4333 1903 4403 bonos.
1959 4334 2304 4417 Secundo,
2337 4336 2521 4408 bona

959 4449 1028 4508 et
1075 4441 1358 4531 praemia
1404 4450 1944 4531 persecutorum,
1994 4442 2251 4513 scilicet
2287 4446 2521 4536 justo-

959 4570 1139 4615 rum.
1191 4546 1276 4616 Et
1339 4549 1718 4617 secundum
1773 4548 1907 4619 hoc
1960 4550 2281 4620 dicuntur
2351 4552 2514 4623 duo.

960 4654 1224 4736 Primo,
1275 4665 1656 4749 tanguntur
1709 4658 2081 4750 impiorum
2132 4660 2335 4729 mala.
2400 4660 2520 4731 Se·

956 4761 1210 4846 cundo,
1253 4763 1602 4851 justorum
1680 4763 1885 4848 bona,
1949 4766 2071 4851 ibi,
2136 4792 2171 4834 ι
2218 4768 2522 4859 Cognovi

954 4869 1124 4958 quia
1152 4870 1391 4958 saciet.
1448 4896 1483 4931 n

1047 4975 1130 5042 Et
1160 4986 1322 5044 sunt
1349 4985 1638 5067 septem,
1664 4986 1731 5047 et
1750 4979 2128 5047 secundum
2169 4980 2321 5064 hoc,
2356 5006 2519 5076 sep-

953 5093 1091 5153 tem
1127 5087 1448 5155 dicuntur
1487 5088 1555 5153 in
1593 5086 1725 5157 hac
1753 5096 1964 5179 parte.
2010 5089 2324 5159 Primum
2365 5116 2517 5163 ma-

953 5191 1099 5260 lum
1160 5203 1263 5262 est
1322 5197 1722 5264 intentionis
1797 5195 2069 5264 illorum
2137 5198 2507 5271 frustratio.

957 5300 1381 5379 Secundum,
1425 5300 1719 5370 laborin
1770 5304 2188 5388 mentiendo,
2252 5330 2511 5399 coope-

951 5407 1190 5475 riendo
1233 5409 1663 5500 iniquitatem
1719 5432 1941 5489 suam,
2001 5410 2121 5495 ibi,
2184 5437 2219 5479 ι
2277 5413 2507 5484 Labor

955 5514 1330 5584 labiorum.
1379 5544 1412 5579 »
1453 5515 1786 5597 Tertium,
1829 5518 2245 5588 naturalium
2289 5521 2515 5592 bono-

1024 5738 1041 5773 ¹
1075 5733 1164 5792 Οἱ.
1194 5735 1395 5809 Josue,
1426 5751 1468 5807 ι,
1495 5736 1552 5794 5.

4081 411 4208 477 463

2653 591 2800 634 rum
2832 573 3175 661 corruptio
3210 595 3328 661 per
3360 583 3738 662 peccatum,
3785 576 3903 655 ibi,
3946 584 4008 654 5.
4061 580 4135 645 11
4186 603 4202 647 ε

2651 700 2682 737 α
2714 676 2975 743 Cadent
3008 701 3215 768 super
3242 701 3373 745 eOS.
3423 705 3457 740 »
3512 680 3876 767 Quartum,
3938 685 4009 752 in
4056 708 4210 775 pec-

2645 790 2865 847 catum
2933 785 3400 873 praecipitatio,
3438 786 3557 865 ibi,
3608 815 3639 849 «
3700 789 3779 854 ln
3838 792 4062 880 iqnem
4097 792 4209 858 de-

2631 889 2858 977 jicieS.
2896 890 3252 970 Quintum,
3327 894 3617 963 defectio
3650 897 3721 963 in
3756 898 4209 966 tribulationi-

2641 993 2790 1073 buS,
2817 995 2936 1076 ibi,
2967 1022 2997 1060 α
3036 999 3502 1066 InmiseriiS.»
3546 1000 3862 1086 Sextum,
3889 1005 4209 1093 ineptitu-

2639 1101 2725 1168 do
2748 1103 2830 1169 ad
2857 1107 3377 1185 correctionem,
3415 1106 3533 1189 ibi,
3565 1114 3631 1183 y.
3674 1110 3752 1174 12
3792 1132 3867 1176 2«
3917 1113 4028 1177 Vir
4066 1113 4204 1178 lin-

2633 1231 2910 1297 quosus,
2961 1235 2993 1274 ιι
3034 1210 3447 1303 Septimum,
3518 1224 3772 1285 aeterna
3814 1217 4200 1298 damnatio,

2641 1316 2801 1399 ihi‚«
2847 1320 3084 1387 Virum
3116 1321 3486 1411 injustum.
3536 1352 3570 1387 »

2722 1426 2901 1494 Dicit
2930 1450 3092 1518 ergo
3126 1452 3142 1496 :
3189 1428 3325 1508 Sic,
3361 1430 3682 1514 Domine,
3721 1437 3958 1526 rogavi
3993 1438 4198 1527 eripi,

2639 1555 2776 1601 non
2818 1535 3015 1618 tradi,
3052 1559 3191 1604 non
3230 1538 3611 1630 derelinqui
3645 1543 3714 1608 in
3747 1565 3993 1611 manus
4064 1546 4196 1611 ini-

2637 1664 2971 1732 quorum:
3027 1673 3055 1708 α
3099 1647 3329 1737 Caput
3372 1672 3404 1711 ιο
3443 1652 3654 1729 enim,
3692 1650 3758 1718 id
3790 1660 3914 1730 est,
3961 1653 4199 1720 inten-

2634 1750 2752 1829 tio,
2791 1777 2823 1813 «
2866 1772 3100 1818 eorum
3128 1779 3160 1814 n
3205 1761 3306 1819 est
3348 1782 3381 1815 α
3417 1756 3773 1837 circuitus,
3845 1786 3876 1818 υ
3945 1758 4011 1827 id
4067 1769 4194 1841 est,

2632 1856 2775 1922 sine
2806 1856 2963 1938 fine,
3008 1865 3074 1926 et
3103 1861 3296 1949 quasi
3337 1862 3713 1942 circularia,
3763 1888 3904 1933 non
3973 1868 4195 1934 inten-

2630 1963 2727 2030 dit
2759 1965 2828 2031 in
2866 1964 3198 2033 directum
3231 1971 3318 2035 ad
3371 1977 3462 2037 te.
3513 1969 3643 2038 Vel
3701 1970 3898 2041 aliter
3944 1997 4196 2042 secun-

2629 2070 2791 2138 dum
2825 2070 3165 2151 Glossam,
3228 2074 3497 2143 duobus
3527 2076 3776 2145 modis,
3860 2078 4011 2147 Uno
4045 2103 4192 2148 mo-

2630 2176 2742 2260 do,
2769 2186 2837 2244 ut
2878 2179 3203 2246 circuitus
3232 2182 3317 2248 sit
3347 2183 3632 2272 genitivi
3665 2206 3885 2263 casus,
3933 2193 3997 2253 et
4024 2208 4191 2255 con-

2629 2287 2928 2353 tinuatur
2997 2287 3141 2354 sic:
3199 2287 3517 2371 Domine,
3597 2291 4023 2361 obumbrasti
4082 2317 4197 2362 su·

2625 2418 2744 2485 per
2806 2403 3008 2485 caput
3077 2419 3335 2477 meum,
3397 2400 3515 2468 sed
3590 2411 3794 2492 caput
3877 2404 4188 2472 omnium

2626 2504 2974 2581 vitiorum,
3010 2506 3265 2574 scilicet
3292 2508 3638 2598 superbia,
3682 2510 3852 2578 Tob.
3889 2535 3981 2589 ιν,
4051 2513 4131 2579 14
4167 2534 4183 2578 :

2626 2612 3039 2704 Superbiam
3067 2619 3529 2706 numquamin
3559 2627 3678 2684 tuo
3706 2642 3931 2698 sensu,
3958 2621 4174 2688 autin

2624 2731 2741 2787 tuo
2767 2721 2961 2789 verbo
2988 2722 3338 2791 doniinari
3356 2727 3745 2816 permittas,
3773 2729 3942 2818 quia
3974 2751 4060 2796 ex
4089 2730 4192 2820 ip-

2622 2852 2699 2895 sa
2742 2831 3035 2920 sumpsit
3092 2832 3371 2899 initium
3411 2834 3633 2900 omnis
3665 2835 3971 2927 perditio
4005 2859 4022 2904 z
4086 2846 4188 2905 est

2626 2934 3099 3003 umbraculum
3160 2962 3193 3001 ι
3245 2939 3574 3006 circuitus
3617 2963 3879 3025 eorum,
3925 2967 3958 3007 ι
4027 2944 4190 3011 vitae

2623 3038 2873 3107 scilicet
2902 3061 3165 3120 eorum,
3212 3064 3362 3132 quae
3399 3051 3543 3111 tota
3589 3056 3695 3113 est
3739 3046 3808 3113 in
3874 3046 4187 3116 circuitu.

2622 3146 2657 3213 J
2669 3146 2844 3215 udic.
2869 3171 3007 3230 xvi,
3037 3150 3111 3216 2¹
3131 3202 3147 3230 ,
3197 3147 3493 3220 Samson
3522 3161 3901 3222 excaecatus
3931 3176 3970 3222 a
4019 3153 4191 3224 Phi-

2627 3256 2932 3336 listhiim,
2956 3260 3218 3349 positus
3249 3268 3347 3328 est
3373 3261 3457 3329 ad
3474 3262 3950 3333 molam.Psal.
3981 3288 4078 3346 ιιι,
4104 3268 4185 3336 9:

2624 3364 3010 3432 Incircuitu
3041 3366 3243 3457 impii
3269 3366 3662 3437 ambulant.
3689 3368 3818 3439 lsa.
3847 3394 3993 3455 xix,
4052 3375 4128 3443 tt
4166 3405 4184 3456 :

2625 3472 2902 3538 Miscuit
2945 3474 3282 3542 Dominus
3321 3476 3391 3542 iu
3421 3477 3646 3543 medio
3696 3477 3873 3567 ejus,
3926 3479 4187 3549 scilicet

2625 3577 2932 3669 *Egyptb
2973 3582 3299 3672 spiritum
3332 3586 3709 3676 vertiqinis.
3748 3585 3873 3655 Vel
3942 3588 4064 3670 sic,
4112 3597 4190 3657 ut

2626 3683 2868 3750 iterum
2931 3686 3019 3751 sit
3074 3687 3478 3756 nominativi
3536 3712 3795 3760 casus:
3861 3691 4181 3773 Domine,

2626 3802 2980 3860 convertas
3016 3802 3220 3884 caput
3258 3818 3519 3875 meum,
3552 3798 3671 3867 sed
3721 3809 3922 3892 caput
3960 3801 4188 3870 malo-

2625 3922 2775 3967 rum
2807 3908 2907 3968 est
2943 3901 3290 3984 circuitus,
3351 3904 3418 3972 id
3476 3913 3603 3983 est,
3665 3906 4005 3987 diaboluS,
4067 3908 4188 4000 qui

2624 4001 3001 4093 emphatice
3043 4005 3289 4076 dicitur
3315 4010 3673 4094 circuitus,
3706 4011 3868 4103 quia
3896 4014 4185 4081 circuire

2623 4134 2762 4181 non
2791 4122 3029 4182 cessat.
3061 4114 3217 4195 Job,
3261 4138 3310 4199 ι,
3359 4118 3398 4185 7
3434 4140 3451 4186 ε
3528 4118 3834 4189 Circuivi
3884 4130 4177 4202 terram,

2624 4230 2688 4286 et
2699 4220 3187 4312 perambulavi
3212 4245 3388 4291 eam.
3428 4222 3454 4291 l
3506 4224 3689 4294 Petr.
3749 4249 3821 4306 v,
3863 4227 3907 4296 8
3948 4246 3967 4296 :
4026 4228 4180 4297 Ad-

2626 4329 2963 4396 versarius
3000 4341 3215 4397 vester
3255 4329 3604 4411 diabolus,
3667 4341 4028 4424 tamquam
4070 4334 4175 4404 leo

2624 4436 2898 4525 ruqiens
2941 4437 3209 4516 circuit,
3242 4446 3372 4507 etc.

2714 4679 2747 4718 ι
2775 4652 3004 4722 Labor
3032 4651 3403 4721 labiorum.
3467 4681 3502 4716 n
3575 4654 3706 4724 Hic
3770 4655 4175 4725 secundum.

2622 4758 2829 4841 Quasi
2856 4761 3106 4829 diceret
3139 4782 3155 4829 :
3203 4760 3318 4830 Sic
3348 4763 3637 4831 intentio
3669 4784 3912 4833 eorum
3950 4765 4178 4833 circu-

2620 4866 2779 4936 laris
2815 4878 2882 4937 et
2912 4869 3253 4947 frustrata,
3288 4869 3451 4960 quia
3491 4869 3697 4939 tinem
3731 4892 3870 4939 non
3911 4870 4117 4941 habet
4149 4896 4166 4943 ι

2619 4985 2686 5044 et
2722 4979 2926 5046 etiam
2969 5003 3001 5041 ι
3075 4976 3274 5046 labor
3347 4976 3697 5048 labiorum
3753 4981 4091 5073 ipsorum,
4131 5007 4166 5042 n

2618 5106 2770 5176 quae
2802 5094 2960 5153 sunt
2996 5083 3177 5153 labia
3208 5084 3590 5167 mendacia,
3625 5086 3756 5156 hoc
3785 5097 3913 5165 est,
3976 5109 4178 5156 men-

2618 5191 2884 5260 dacium
2918 5214 3169 5285 magno
3210 5191 3443 5262 labore
3475 5203 3817 5284 paratum,
3866 5201 3935 5263 et
4000 5193 4176 5262 mul·

2617 5298 3017 5390 tiplicatum.
3053 5298 3253 5383 Osee,
3312 5323 3385 5380 ιι,
3445 5302 3472 5367 1
3525 5324 3540 5368 ε
3597 5303 3763 5369 Tota
3810 5301 3925 5369 die
3978 5323 4175 5371 men-

2618 5409 2893 5476 dacium
3000 5418 3064 5477 et
3208 5410 3599 5477 vastitatem
3709 5409 4164 5504 multiplicat.

2619 5542 2654 5584 ι
2726 5516 2998 5609 Operiet
3048 5538 3184 5597 eos,
3247 5544 3282 5578 »
3340 5515 3656 5585 defendet
3718 5517 3974 5589 scilicet
4018 5541 4165 5589 eos.
