5008 6329
1959 363 2662 437 COMMENTARIUS
2711 362 2804 430 ΙΝ
2850 360 3289 430 PSALMUM
3338 360 3650 429 CXXXI.

1296 543 1440 611 Nec
1528 552 1795 613 tantum
1886 545 2287 613 intrabimus
2369 540 2526 621 fide,
2614 539 2753 604 imo

1204 651 1411 717 etiam
1445 675 1479 716 α
1525 652 2004 730 adorabimus,
2051 677 2083 717 ι)
2119 650 2345 726 corde,
2389 657 2456 715 et
2486 644 2758 714 interio-

1159 774 1165 781 ’
1202 757 1260 822 ri
1301 756 1695 841 devotione,
1735 785 1768 825 α
1811 762 1884 827 in
1919 760 2062 826 loco
2124 756 2242 824 ubi
2294 764 2620 823 steterunt
2641 776 2758 843 pe-

1203 862 1318 930 des
1367 864 1550 952 ejus·
1590 890 1624 931 s
1679 865 1897 932 Pedes
1954 865 2024 930 in
2072 862 2204 929 illis
2269 870 2473 941 stant,
2526 861 2641 951 qui
2685 860 2754 925 in

1201 969 1388 1038 bono
1469 994 1700 1061 opere,
1756 982 1824 1040 et
1887 970 2018 1037 lide
2075 978 2254 1036 recta
2292 975 2746 1058 perseverant.

1201 1075 1308 1145 lbi
1347 1079 1804 1161 adoraudum,
1840 1086 1907 1146 et
1937 1080 2006 1143 in
2027 1076 2313 1168 collegio
2352 1075 2600 1145 horum
2639 1099 2754 1144 sa-

1200 1183 1519 1251 crificand
1532 1206 1672 1253 nm.
1707 1183 1987 1251 Denter.
2013 1204 2134 1263 xli,
2174 1186 2247 1251 11
2281 1207 2296 1252 :
2325 1185 2499 1252 Cave
2526 1207 2611 1251 ne
2636 1186 2754 1273 os-

1197 1292 1389 1379 feras
1421 1293 1495 1358 in
1525 1292 1718 1359 omni
1749 1290 1919 1370 loco,
1953 1292 2073 1358 sed
2109 1293 2179 1358 in
2211 1292 2356 1360 loco
2397 1292 2522 1360 illo
2551 1314 2750 1382 quem

1200 1397 1483 1488 eleqerit
1522 1399 1866 1467 Dominus
1902 1400 2090 1468 Deus
2145 1408 2325 1469 tuus.
2385 1399 2494 1479 Et,
2527 1399 2746 1467 Exod.

1199 1526 1439 1582 xxxin,
1477 1505 1557 1571 21
1598 1526 1614 1572 ε
1647 1506 1825 1572 Ecce
1865 1517 1963 1573 est
2011 1506 2199 1574 locus
2234 1506 2431 1598 opud
2454 1528 2586 1590 me,
2626 1507 2752 1574 sci-

1197 1610 1357 1679 licet
1385 1609 1692 1680 Ecclesia
1729 1621 1834 1679 :et
1859 1612 2076 1680 stabis
2101 1635 2317 1704 supra
2346 1623 2644 1704 petram,
2677 1614 2748 1681 in

1200 1718 1473 1789 Christo
1490 1743 1615 1812 per
1631 1722 2232 1813 perseverantiam.
2268 1721 2405 1790 Iad
2436 1721 2745 1792 Corinth.

1199 1850 1271 1907 x,
1303 1828 1348 1895 4
1382 1846 1401 1897 ε
1434 1830 1649 1897 Petra
1686 1841 1920 1898 autem
1948 1840 2095 1897 crat
2134 1830 2468 1899 Christus.
2489 1830 2751 1899 Adora-

1199 1936 1432 2004 bimus
1482 1937 1690 2004 etiam
1736 1936 1943 2005 modo
1976 1960 2112 2029 quo
2175 1937 2621 2016 adorandum,
2678 1940 2747 2007 in

1200 2045 1446 2134 spiritu
1477 2043 1742 2114 scilicet
1765 2053 1834 2114 et
1868 2046 2175 2115 veritate.
2217 2046 2419 2115 Joan.
2469 2070 2563 2122 iv.
2605 2050 2691 2117 23
2724 2071 2741 2117 ε

1219 2152 1371 2221 Veri
1416 2152 1822 2222 adoratores
1877 2155 2271 2225 adorabunt
2332 2158 2614 2226 Patrem
2673 2159 2747 2226 in

1195 2262 1455 2349 spiritu
1485 2271 1550 2330 et
1577 2265 1886 2332 veritate.

1287 2609 1321 2645 κ
1376 2581 1631 2671 Surqe,
1710 2584 2027 2652 Domine.
2065 2609 2099 2650 s
2176 2583 2306 2654 Hic
2368 2586 2742 2656 secundum

1192 2691 1438 2780 primae
1471 2690 1685 2782 partis
1725 2692 1935 2759 totius
1965 2691 2167 2781 hujus
2197 2692 2476 2761 Psalmi.
2541 2694 2745 2763 Mon-

1193 2803 1407 2865 strato
1447 2798 1636 2865 enim
1675 2797 2013 2869 desiderio
2036 2800 2219 2892 quod
2249 2800 2453 2871 habet
2490 2802 2577 2871 ad
2613 2802 2742 2874 hoc

1189 2912 1267 2972 ut
1330 2904 1708 2974 aediticetur
1756 2906 2001 2975 domus
2090 2908 2241 2988 Dei,
2310 2911 2744 3003 subjungitur

1188 3012 1587 3082 aedificatori
1630 3015 1942 3085 invitatio
1971 3015 2056 3085 ad
2078 3015 2210 3085 hoc
2235 3026 2311 3086 ut
2341 3019 2559 3110 ipsam
2588 3020 2745 3089 aedi·

1186 3118 1367 3189 ficet.
1415 3119 1649 3189 Primo
1697 3143 1862 3214 ergo
1932 3123 2172 3193 invitat
2210 3122 2580 3206 Christum,
2623 3150 2743 3220 per

1186 3252 1393 3321 quem
1414 3229 1801 3300 aedilicatio.
1832 3230 2173 3314 Secundo,
2193 3245 2343 3305 orat
2366 3245 2438 3306 ut
2461 3238 2741 3329 repellat

1184 3360 1226 3405 a
1283 3337 1495 3406 domo
1572 3337 1762 3407 illam
1814 3351 2088 3432 gentem
2145 3342 2499 3413 Judaicam
2546 3370 2561 3414 :
2630 3347 2738 3417 vel

1187 3445 1415 3514 Deum
1462 3444 1741 3515 Patrem
1781 3447 2026 3518 invitat
2082 3458 2154 3518 ut
2183 3450 2428 3520 Filium
2483 3455 2732 3535 mittat,

1183 3551 1306 3632 ibi,
1364 3561 1431 3630 5.
1492 3554 1573 3622 10
1617 3576 1635 3623 ε
1718 3579 1754 3620 s
1785 3557 2081 3649 Propter
2141 3559 2401 3646 David,
2464 3585 2736 3631 servum

1185 3669 1408 3729 tuum.
1445 3687 1478 3724 s

1274 3767 1357 3836 In
1387 3767 1612 3859 prima
1642 3767 1807 3839 duo.
1833 3769 2094 3850 Primo,
2126 3771 2370 3840 invitat
2390 3771 2735 3843 Christum

1184 3885 1260 3945 ut
1288 3898 1361 3945 se
1390 3886 1730 3969 praeparet
1753 3877 1842 3947 ad
1867 3877 2342 3949 aedificandum
2363 3880 2735 3952 Ecclesiam

1181 4002 1305 4073 per
1342 3983 1936 4053 resurrectionem.
1999 3982 2338 4064 Secundo,
2381 3995 2457 4054 ut
2526 3987 2739 4057 mini-

1181 4099 1361 4160 stros
1380 4089 1856 4161 aediticationis
1882 4092 2175 4179 ordinet,
2199 4093 2318 4176 ibi,
2337 4103 2403 4172 5.
2435 4098 2520 4165 9:
2548 4122 2584 4163 ι
2606 4097 2736 4167 So-

1182 4199 1484 4268 cerdotes
1522 4201 1654 4270 tui.
1689 4229 1724 4264 n

1271 4304 1350 4374 ln
1382 4308 1607 4399 prima
1636 4306 1801 4379 duo.
1821 4307 2081 4389 Primo,
2108 4312 2351 4381 invitat
2389 4311 2731 4383 Christum

1179 4421 1258 4483 ut
1278 4422 1593 4507 resurgat
1621 4416 1691 4483 in
1723 4438 1821 4488 re.
1866 4417 2209 4500 Secundo,
2238 4428 2313 4488 ιιι
2339 4442 2501 4489 suos
2526 4423 2731 4492 etiarn

1177 4522 1382 4592 iaciat
1447 4545 1805 4616 resurgere
1895 4525 1967 4593 in
2040 4548 2186 4618 spe,
2245 4526 2365 4608 ibi,
2432 4557 2466 4592 e
2508 4531 2606 4600 Tu
2669 4541 2735 4600 et

1181 4655 1371 4702 orca.
1419 4658 1456 4700 s

1269 4741 1453 4812 Dicit
1480 4765 1648 4835 ergo
1690 4764 1710 4814 t
1748 4741 1888 4824 Sic,
1921 4744 2238 4825 Domine,
2280 4749 2732 4839 cognovimus

1178 4850 1586 4932 Ecclesiam,
1620 4876 1773 4945 quae
1794 4853 2039 4923 domus
2060 4854 2182 4924 Dei
2208 4865 2336 4936 est,
2369 4880 2454 4926 ex
2478 4858 2518 4927 J
2526 4858 2733 4929 udaeis

1178 4967 1248 5028 et
1286 4958 1626 5029 Gentibus
1654 4959 2133 5054 colligendam.
2178 4963 2385 5055 Ergo,
2429 4992 2466 5029 α
2494 4968 2734 5035 Domi·

1177 5091 1287 5155 ne,
1316 5095 1352 5132 ιι
1377 5076 1454 5137 ιιι
1481 5066 1617 5138 hoc
1636 5069 1780 5149 ssat,
1826 5097 1857 5135 ιι
1890 5094 2121 5164 surqe,
2157 5097 2191 5138 s
2216 5095 2257 5141 a
2290 5077 2578 5144 mortuis
2608 5099 2735 5146 ex-

1178 5197 1408 5266 surge,
1454 5201 1489 5242 α
1527 5176 1597 5243 in
1641 5176 1944 5268 requiem
1985 5187 2204 5262 tuam,
2240 5205 2274 5246 s
2308 5189 2383 5248 ut
2405 5182 2553 5271 jam
2583 5183 2730 5252 nul·

1174 5281 1315 5350 lam
1346 5283 1596 5353 timeas
1624 5306 1665 5352 a
1700 5283 1739 5352 J
1749 5283 1955 5353 udaeis
1993 5287 2612 5370 conturbationem,
2653 5300 2731 5361 ut

1176 5394 1246 5457 et
1272 5387 1529 5459 lactum
1560 5398 1689 5472 est,
1712 5390 1823 5460 Ad
1842 5391 2137 5463 Roman.
2170 5399 2327 5475 v1,9
2363 5419 2380 5466 :
2418 5398 2728 5469 Christus

1249 5660 1269 5698 ⁸
1296 5657 1388 5718 Cf.
1415 5659 1587 5719 ioan.
1616 5677 1695 5732 vr,
1724 5663 1795 5718 ³2
1818 5667 2034 5736 etseq·

1248 5750 1273 5787 ⁸
1297 5747 1387 5810 ct.
1417 5749 1635 5811 Genea.
1665 5763 1767 5824 vu.
1799 5750 1863 5810 1¹
1896 5757 1957 5811 st
1981 5763 2111 5827 seq.

4294 359 4420 427 397

2863 555 3218 623 resumens
3257 556 3341 599 cx
3379 535 3692 611 mortuis,
3717 534 3883 624 jam
3922 557 4060 601 non
4095 535 4412 601 moritur.

2864 641 2895 707 1
2928 641 3014 707 ad
3043 639 3347 707 Corinth.
3387 664 3502 721 xv,
3546 643 3630 707 20
3666 663 3680 706 ε
3726 644 3928 709 Nunc
3971 642 4281 711 Cln·istus
4311 663 4420 707 re-

2860 748 3163 814 surrexit
3220 769 3264 813 α
3319 749 3634 825 mortuis,
3687 749 4023 837 primitiae
4080 748 4421 816 dormien-

2864 856 3062 922 tium.
3091 853 3252 921 Haec
3275 862 3503 921 autem
3532 856 3933 923 resurrectio
3960 857 4254 945 requieS,
4282 857 4418 921 imo

2860 972 3016 1030 ante
3049 965 3611 1032 resurrectionem
3644 966 3876 1031 statim
3912 971 4070 1053 post
4095 974 4414 1040 mortem,

2857 1069 3142 1159 Apocal.
3177 1093 3319 1150 xiv,
3359 1070 3438 1135 13
3483 1090 3497 1136 :
3553 1070 3824 1137 Amodo
3852 1071 4023 1158 jam
4054 1070 4222 1136 dicit
4252 1071 4421 1161 Spi-

2859 1179 3060 1260 ritus,
3086 1188 3162 1245 ut
3187 1180 3610 1267 requiescant
3640 1202 3684 1246 a
3727 1178 4084 1246 laboribus
4110 1180 4279 1246 suiS.

2950 1310 2983 1350 α
3029 1287 3128 1353 Tu
3158 1294 3226 1356 et
3252 1309 3439 1354 arca.
3482 1315 3513 1349 n
3548 1286 3758 1367 Quasi
3791 1288 4046 1356 diceret
4081 1311 4097 1357 ε
4129 1287 4245 1356 Sic
4274 1311 4418 1356 sur-

2853 1415 2963 1484 ge,
3016 1421 3048 1455 α
3087 1400 3165 1461 tu
3194 1421 3224 1454 υ
3265 1395 3485 1483 primo
3505 1417 3625 1485 per
3658 1418 3827 1480 rem,
3861 1420 3896 1461 α
3930 1406 3996 1462 et
4067 1418 4232 1463 arca
4261 1417 4419 1463 son-

2853 1499 3289 1589 ctificationis
3313 1509 3468 1577 tuae,
3502 1527 3533 1567 s
3558 1501 3629 1569 id
3659 1511 3787 1586 est,
3811 1501 4137 1580 Ecclesia,
4173 1525 4296 1593 per
4322 1510 4412 1578 te,

2854 1616 2921 1676 et
2982 1608 3354 1677 secundum
3416 1632 3633 1701 spem.
3706 1609 3770 1676 ll
3818 1610 4048 1680 Paral.
4112 1635 4210 1692 vi,
4261 1612 4341 1679 41
4393 1635 4411 1680 ε

2856 1716 3229 1806 Consurqe,
3299 1718 3596 1785 Domine
3669 1720 3885 1797 Deus,
3973 1719 4048 1785 in
4108 1721 4412 1811 requiem

2855 1833 3074 1907 tuam,
3109 1832 3186 1891 tu
3225 1834 3289 1890 et
3346 1847 3508 1892 arca
3563 1823 4009 1915 fortitudinis
4048 1835 4206 1894 tuse.
4264 1826 4413 1917 lpse

2853 1932 3036 1999 enim
3066 1932 3352 2022 primus,
3387 1942 3454 2002 et
3505 1932 3620 2000 alii
3680 1942 3836 2025 post
3866 1956 4052 2002 eum.
4087 1933 4294 2004 Mich.
4333 1958 4406 2015 ιι,

2858 2041 2939 2108 13
2982 2062 2999 2108 :
3031 2041 3362 2110 Ascendet
3399 2043 3716 2134 pandens
3745 2044 3876 2111 iter
3913 2054 4076 2113 onte
4103 2067 4237 2113 eos.
4278 2044 4414 2114 So-

2851 2147 3064 2239 phon.
3110 2172 3206 2230 111,
3244 2150 3284 2217 8
3319 2172 3334 2216 :
3372 2152 3716 2241 Exspecta
3781 2174 3910 2228 me,
3962 2150 4132 2221 dicit
4159 2155 4412 2222 Domi-

2851 2280 3005 2337 nus,
3041 2259 3112 2325 in
3167 2259 3279 2326 die
3336 2262 3848 2329 resurrectionis
3887 2285 4052 2330 mese
4092 2264 4164 2331 in
4199 2265 4410 2353 sutu-

2850 2389 3030 2435 rum.

2938 2474 3124 2544 Bene
3185 2484 3413 2543 autem
3489 2499 3610 2567 per
3674 2499 3901 2545 arcam
3977 2479 4401 2570 significatur
4426 2489 4737 2598 00ng

2847 2579 3149 2650 Ecclesia
3182 2604 3197 2648 ε
3232 2583 3302 2649 in
3343 2604 3497 2651 arca
3525 2591 3674 2651 erat
3703 2582 3963 2652 Manhu
3998 2608 4015 2653 ε
4060 2586 4130 2654 in
4159 2586 4400 2657 Eccle-
4483 2613 4562 2647 um

2847 2690 2947 2757 sia
2978 2691 3169 2781 panis
3183 2689 3265 2758 de
3287 2690 3458 2759 coelo
3491 2693 3535 2761 ⁸.
3566 2692 3649 2761 Et
3670 2691 3919 2761 tabulae
3933 2694 4348 2764 Testamenti
4379 2719 4394 2765 ε

2846 2797 3051 2866 sicin
3089 2797 3390 2867 Ecclesia
3465 2800 3817 2891 utriusque
3882 2805 4225 2891 possessio
4282 2827 4404 2895 per

2845 2904 3307 2995 cognitionem
3328 2927 3588 2990 veram,
3620 2905 3784 2975 Luc.
3820 2929 4013 2987 xxiv,
4039 2909 4124 2977 45
4170 2931 4187 2977 ε
4220 2914 4406 3003 Ape-

2845 3013 2988 3080 ruit
3026 3011 3178 3080 illis
3200 3035 3499 3092 sensum,
3543 3023 3620 3082 ut
3666 3015 4136 3107 ititelliqerent
4160 3019 4406 3112 Scrip-

2844 3129 3062 3190 turas.
3104 3119 3191 3190 Et
3228 3123 3423 3214 virga
3488 3123 3768 3192 Aaron:
3838 3124 3938 3195 sic
3996 3125 4069 3195 in
4099 3125 4403 3198 Ecclesia

2842 3229 3278 3299 sacerdotalis
3331 3239 3660 3322 potestas,
3730 3231 3978 3303 Matth.
4035 3256 4179 3315 xvi,
4255 3239 4336 3306 19
4382 3261 4398 3308 ε

2846 3338 3336 3429 Quodcumque
3359 3338 3683 3430 liqaoeris
3706 3363 3918 3432 super
3936 3350 4219 3423 terram,
4246 3347 4401 3428 crit,

2840 3457 2969 3518 etc.
3011 3448 3147 3518 Per
3174 3471 3402 3519 arcam
3443 3451 3650 3519 etiam
3709 3450 3857 3520 Noe
3915 3452 4238 3523 fluctibus
4278 3455 4405 3523 tri-

2838 3557 3270 3627 bulationum
3326 3581 3755 3638 concussam,
3799 3560 4128 3630 animalia
4177 3565 4401 3633 omnis

2837 3666 3108 3757 generis
3151 3668 3642 3753 continentem,
3704 3668 3997 3761 figurata
4045 3680 4150 3740 est
4185 3670 4235 3740 ⁸.

2929 4009 2965 4050 ι
3004 3985 3401 4055 Sacerdotes
3429 3988 3558 4056 tui.
3597 4015 3631 4053 n
3689 3988 3820 4058 llic
3870 3990 4276 4074 secundum,
4318 3995 4390 4064 in

2837 4113 2975 4184 quo
3030 4094 3238 4185 petito
3293 4093 3479 4186 quod
3542 4118 3616 4165 se
3673 4105 4034 4190 praeparet,
4093 4101 4262 4191 petit
4316 4110 4392 4170 ιιι

2835 4201 3182 4270 ministros
3210 4201 3480 4272 ordinet
3511 4225 3528 4271 ε
3563 4212 3630 4272 et
3684 4203 4007 4274 dicuntur
4034 4204 4197 4276 duo.
4232 4206 4393 4276 Pri-

2835 4330 2978 4392 mo,
3011 4317 3086 4377 ιιι
3124 4309 3473 4400 Apostolis
3517 4313 3836 4404 spiritum
3877 4313 4214 4385 infundat.
4261 4313 4393 4385 Se-

2835 4412 3084 4501 cundo,
3117 4424 3195 4484 ιιι
3223 4437 3307 4484 ex
3337 4417 3676 4487 infusione
3707 4417 3846 4497 illa,
3890 4417 4126 4489 loetitia
4155 4429 4394 4513 surgat

2834 4522 2906 4589 in
2933 4521 3278 4603 cordibus,
3311 4532 3386 4592 ut
3422 4526 3558 4592 sint
3593 4525 3902 4615 gratiosi,
3948 4525 4062 4595 vel
4082 4525 4279 4616 justi,
4321 4536 4390 4598 et

2833 4624 3000 4709 laeti,
3039 4626 3135 4696 ibi
3165 4626 3568 4708 secundum,
3613 4656 3649 4691 α
3681 4631 3781 4698 Et
3802 4630 4034 4698 sancti
4061 4631 4193 4701 tui.
4238 4657 4272 4698 s

2922 4733 3103 4804 Dicit
3146 4756 3359 4828 ergo:
3433 4733 3573 4820 Sic,
3633 4736 3957 4821 Domine,
4018 4759 4252 4832 surge,
4321 4747 4390 4808 et

2836 4853 3262 4937 preparate,
3303 4853 3371 4914 et
3428 4870 3464 4911 ι
3528 4844 3912 4914 sacerdotes
3957 4847 4090 4926 tui,
4126 4871 4163 4913 s
4195 4847 4390 4940 Apo-

2832 4951 2989 5022 stoli
3021 4975 3060 5020 a
3087 4962 3154 5022 te
3184 4953 3252 5021 in
3273 4952 3659 5023 sacerdotes
3677 4957 4082 5033 consecrati,
4110 4955 4386 5047 quando

2833 5061 3089 5143 dixisti,
3165 5060 3331 5130 Luc.
3408 5084 3578 5142 xxii,
3645 5064 3781 5131 19:
3838 5064 3989 5132 IIoc
4049 5065 4268 5154 [acite
4316 5065 4390 5133 in

2834 5191 3058 5238 meam
3111 5171 3826 5240 commemorationem
3854 5166 3902 5240 ⁸.
3996 5168 4077 5238 In
4135 5171 4387 5262 quibus

2832 5274 3248 5368 completum
3333 5276 3461 5346 l'uit
3540 5277 3707 5347 illud
3802 5276 3937 5346 Isa.
4017 5300 4154 5364 m,
4245 5281 4288 5349 6
4367 5301 4385 5351 t

2848 5385 2971 5453 Vos
3025 5382 3404 5452 sacerdotes
3487 5386 3780 5454 Domini
3853 5384 4279 5456 vocabimini
4361 5412 4384 5456 .·

2900 5652 2926 5690 ⁸
2947 5651 3035 5712 ct.
3063 5652 3091 5710 1
3117 5651 3194 5711 ad
3215 5649 3485 5712 Corinth.
3514 5666 3599 5720 ιι,
3627 5652 3719 5712 24.

4593 2616 4728 2654 Cre·-
