5008 6329
662 306 789 372 232

667 466 996 564 quodest
1049 475 1450 556 secundum,
1516 474 1676 564 quia
1727 498 1850 565 per
1880 473 2218 543 Christum

666 585 1196 675 conjungentem
1247 583 1420 650 duos
1469 583 1839 675 discipulos
1871 586 1940 650 in
1982 603 2219 657 unum,

667 701 1018 780 tamquam
1049 693 1342 779 parietes
1381 692 1553 760 duos
1591 693 1659 758 in
1691 714 1828 759 uno
1861 689 2227 778 lapidean-

668 797 909 888 gulari.
944 797 1097 863 Duo
1132 820 1294 889 ergo
1326 808 1725 890 tanguntur.
1762 798 2021 873 Primo,
2064 794 2228 883 lapi-

427 911 456 919 *
571 995 574 999 ⁴
671 905 772 971 dis
810 903 1110 972 conditio
1155 916 1489 996 quantum
1541 896 1626 975 ed
1683 905 2023 972 homineS.
2098 900 2227 968 Se·-

672 1011 916 1089 cund0,
979 1021 1400 1082 monstratur
1464 1037 1587 1104 per
1669 1012 1853 1079 hunc
1933 1008 2223 1100 lapidem

673 1117 845 1184 facta
929 1120 1347 1208 conjunctio,
1446 1121 1567 1203 ibi,
1680 1147 1713 1181 «
1779 1119 1911 1186 Hic
1997 1118 2227 1207 factus

674 1233 794 1294 est.
841 1253 873 1289 ι)

764 1333 945 1400 Dicit
972 1356 1134 1423 ergo
1161 1357 1176 1401 :
1217 1333 1332 1401 Sic
1363 1342 1588 1403 certus
1618 1358 1798 1414 sum,
1833 1334 2017 1425 quod
2065 1354 2230 1423 ape-

680 1440 940 1508 rientur
983 1448 1228 1529 portae‚
1290 1448 1356 1509 et
1411 1443 1737 1522 introib0,
1775 1443 1934 1532 quia
1967 1470 1999 1503 «
2045 1441 2232 1531 lapi-

680 1550 917 1629 dem,›>
991 1549 1057 1616 id
1141 1559 1268 1635 est,
1345 1551 1545 1644 lapis,
1603 1554 1777 1619 sicut
1825 1550 1986 1618 illud
2026 1550 2224 1617 Joan.

680 1680 820 1735 xm,
847 1658 933 1723 24
963 1680 978 1726 :
1004 1660 1100 1726 Et
1116 1682 1517 1740 sermonem,
1544 1682 1745 1751 quem
1757 1660 2075 1739 audistis,
2099 1679 2232 1723 non

682 1775 779 1833 est
836 1789 1023 1834 meus
1060 1790 1081 1833 .·
1134 1793 1167 1833 «
1202 1791 1406 1857 quem
1446 1768 1978 1859 reprobaverunt
2022 1765 2236 1852 aedifi-

681 1884 930 1956 cantes,
977 1902 1008 1936 »
1040 1874 1256 1943 Judaei
1299 1875 1577 1958 scilieet,
1621 1877 1739 1967 qui
1789 1874 1917 1943 soli
1984 1874 2054 1940 in
2093 1880 2234 1940 toto

682 1983 1104 2052 aedificabant
1133 1983 1322 2053 orbe.
1368 1984 1604 2054 lPetr.
1638 2008 1713 2065 11,
1747 1986 1788 2052 4
1817 2008 1832 2053 ε
1872 1984 1988 2053 Ad
2038 2004 2236 2074 quem

684 2091 1063 2159 aecedentes
1103 2092 1409 2183 lapidem
1442 2094 1700 2172 vivum,
1723 2090 1810 2159 ab
1847 2089 2238 2158 hominibus

682 2198 958 2289 quidem
1011 2198 1478 2290 reprobatum,
1522 2224 1565 2266 a
1616 2202 1762 2268 Deo
1818 2207 2047 2266 autem
2102 2196 2232 2262 ele·

684 2317 893 2374 ctum.
935 2308 1083 2375 Act.
1124 2330 1216 2391 w,
1266 2308 1340 2375 11
1382 2329 1398 2374 :
1442 2309 1574 2376 IIic
1603 2318 1701 2375 est
1735 2306 1941 2398 lapis,
1984 2306 2106 2396 qui
2142 2327 2240 2371 re-

675 2412 1013 2504 probatus
1041 2424 1203 2483 esta
1232 2414 1447 2484 vobis.
1499 2414 2066 2505 Reprobaverunt
2112 2436 2230 2480 au·

683 2528 821 2587 tem
887 2518 1259 2600 Christum,
1331 2521 1494 2613 quia
1541 2522 1612 2590 in
1672 2522 1821 2613 ipso
1860 2521 2240 2611 cespitave-

685 2634 868 2707 runt,
910 2634 979 2695 ct
1016 2627 1451 2696 scandalizati
1509 2636 1693 2696 sunt.
1739 2626 1871 2698 lsa.
1930 2649 2074 2705 vm,
2115 2626 2236 2693 14:

684 2737 843 2803 Erit
882 2735 1068 2804 vobis
1117 2739 1188 2804 in
1238 2736 1547 2829 lapidem
1605 2738 2023 2829 offensionis,
2058 2746 2120 2803 et
2170 2737 2241 2802 in

674 2852 949 2935 petram
977 2843 1322 2911 scandali.
1368 2843 1625 2927 Matth.
1673 2867 1766 2921 xl,
1812 2845 1895 2911 6:
1931 2845 2023 2911 Et
2086 2841 2246 2910 bea-

687 2960 797 3018 tus
843 2961 942 3019 est
995 2952 1121 3043 qui
1181 2974 1317 3019 non
1368 2954 1589 3043 luerit
1625 2950 2143 3020 scandalizatus
2175 2950 2244 3016 in

687 3081 815 3127 me.

776 3167 905 3238 llic
936 3169 1245 3261 inquam,
1278 3169 1481 3262 lapis,
1527 3196 1561 3236 ι
1601 3172 1837 3261 lactus
1864 3178 1961 3237 est
2009 3169 2078 3236 in
2126 3191 2247 3236 ca-

678 3286 811 3369 put
840 3277 1114 3367 anquli.
1145 3306 1177 3341 ι»
1208 3276 1456 3347 Matth.
1489 3300 1633 3359 xxt,
1666 3278 1795 3345 42:
1849 3278 2247 3368 Numquam

692 3384 951 3476 leqistis
1003 3387 1072 3452 in
1136 3386 1557 3477 Scripturis:
1620 3385 1982 3478 Lapidern,
2049 3406 2248 3477 quem

689 3493 1222 3584 reprobaverunt
1248 3493 1693 3583 aedificantes,
1733 3494 1846 3562 liic
1883 3496 2115 3585 lactus
2150 3500 2249 3559 est

692 3606 762 3674 in
797 3613 1008 3696 caput
1033 3603 1286 3695 anquli
1311 3601 1354 3671 ?
1386 3600 1665 3672 Zachar.
1689 3623 1762 3685 x,
1795 3602 1863 3681 4,
1897 3600 2141 3670 dicitur
2167 3598 2249 3667 de

686 3711 906 3781 suda:
943 3713 1059 3779 Ea:
1096 3712 1246 3804 ipso
1304 3709 1637 3801 anqulus.
1695 3708 1805 3776 Ad
1859 3706 2110 3800 Ephes.
2171 3730 2244 3789 11,

699 3820 778 3889 14
812 3842 828 3888 :
869 3820 1025 3912 Ipse
1059 3830 1160 3889 est
1179 3841 1334 3912 pax
1358 3826 1623 3900 nostra,
1651 3818 1778 3910 qui
1828 3817 2000 3908 fecit
2051 3825 2250 3884 utra-

676 3933 823 4021 ‘que
860 3951 1101 3996 unum.
1144 3925 1277 3996 Isa.
1337 3948 1581 4007 xxvm,
1653 3926 1778 3995 16:
1834 3925 2118 3994 Mittam
2175 3925 2248 3992 in

689 4036 1167 4130 fundamentis
1254 4036 1426 4106 Sion
1521 4033 1854 4128 Iapidm,
1947 4032 2245 4125 lapidem

684 4143 1084 4238 probatum,
1171 4142 1612 4236 anqulareaem
1692 4143 2099 4236 pretiosum,
2177 4142 2247 4207 in

690 4248 1147 4341 fundamento
1182 4247 1593 4340 fundatum.
1627 4246 1715 4315 Et
1749 4247 1847 4317 sic
1874 4246 2127 4316 factum
2149 4256 2251 4316 est

696 4379 913 4425 unum
950 4356 1130 4426 ovile
1154 4378 1278 4448 per
1306 4357 1561 4449 ipsum,
1602 4365 1668 4424 ει
1723 4377 1905 4424 unus
1925 4364 2167 4447 pastor
2195 4356 2240 4422 ¹.

786 4706 821 4743 α
904 4679 962 4748 Α
1039 4674 1341 4747 Domino
1401 4679 1673 4768 sactum
1748 4685 1848 4745 est
1921 4674 2129 4745 istud.
2209 4698 2242 4739 ι

697 4786 823 4854 llic
846 4785 1152 4876 tangitur
1178 4784 1457 4852 tertium
1523 4781 1730 4872 hujus
1793 4784 2030 4875 pertis,
2063 4780 2248 4849 scili·

696 4901 800 4962 cet
828 4915 868 4960 a
898 4913 1062 4983 qun,
1094 4897 1163 4959 et
1190 4889 1543 4982 quomodo
1570 4888 1704 4959 hoc
1739 4890 1830 4958 sit
1864 4888 2114 4959 factum
2142 4898 2251 4959 :et

695 4999 1070 5069 secundum
1137 4996 1273 5069 hoc
1326 5005 1708 5091 tanguntur
1759 4996 1927 5068 duo.
1985 4997 2243 5080 Primo,

693 5108 914 5198 tangit
939 5112 1264 5175 actorem.
1320 5104 1667 5186 Secundo,
1735 5103 2020 5174 modum
2079 5128 2250 5197 ope-

695 5212 914 5290 randi,
947 5213 1069 5294 ibi,
1106 5239 1140 5279 ι
1172 5215 1271 5281 Ει
1306 5223 1406 5281 εει
1434 5209 1779 5282 mirabile.
1819 5237 1855 5279 ι

782 5317 965 5387 Dicit
1009 5339 1175 5409 ergo
1227 5338 1244 5385 ε
1282 5316 1399 5387 Sic
1449 5340 1574 5410 per
1617 5316 1916 5409 lapidem
1972 5316 2251 5410 angula·

766 5571 785 5610 ί

755 5569 1235 5736 Διιιιιῑζιῖς..Χιιίἶιὸοοῑ,
1263 5655 1565 5731 Habacuc,
1591 5676 1675 5735 ιιι,
1696 5662 1773 5720 2:
1801 5660 2056 5733 Dominio,
2111 5677 2248 5739 opus

1670 303 1754 370 D.
1805 303 2005 371 Am.
2058 302 2271 369 MAG.

2326 301 2531 369 ORD.
2583 297 2878 365 PRAED.

2324 493 2490 547 rem,
2561 468 2903 536 Christum
2978 465 3258 545 scilicet,
3319 465 3493 532 facta
3559 473 3658 532 est
3716 488 3876 533 mea

2325 575 2636 653 salvati0‚
2672 584 2737 641 et
2780 605 2809 634 «
2853 574 3043 641 istud
3064 575 3332 663 lactum
3363 583 3483 652 est,
3523 596 3556 635 ι)
3605 594 3744 638 non
3790 572 3875 639 ab

2325 680 2626 757 homine,
2663 681 2780 747 sed
2821 709 2853 741 «
2923 705 2966 747 a
3005 682 3300 747 Domino
3352 704 3385 745 n
3457 680 3628 769 ipso.
3718 678 3870 757 Vel,

2331 814 2363 853 <x
2411 787 2619 868 istud,
2671 812 2702 851 ιι
2771 788 2913 876 ipse
2971 788 3225 855 scilicet
3279 786 3451 878 lapis
3498 784 3871 877 angulari5‚

2333 920 2365 959 (ι
2401 917 2442 959 a
2521 895 2819 959 Domino
2875 897 3146 982 sactum
3210 904 3332 971 est,
3397 920 3431 956 n
3500 892 3876 960 secundum

2329 999 2511 1092 quod
2539 999 2774 1067 homo,
2811 999 2915 1067 Ad
2951 999 3168 1068 Galat.
3212 1023 3305 1079 w,
3350 999 3430 1064 4:
3469 1001 3662 1066 Misit
3691 1001 3877 1065 Deus

2327 1107 2593 1176 Filium
2618 1130 2824 1175 suum
2851 1111 3120 1196 sactum
3147 1131 3232 1175 ex
3259 1106 3573 1191 muliere,
3605 1108 3875 1197 sactum

2326 1215 2452 1282 sub
2486 1215 2654 1305 leqe.

2424 1368 2458 1403 α
2509 1342 2604 1408 Et
2652 1351 2749 1407 εει
2807 1339 3128 1408 mirabile
3158 1341 3229 1407 in
3270 1339 3489 1407 oculis
3517 1341 3791 1417 nostris,
3834 1365 3864 1401 n

2333 1456 2398 1515 et
2427 1456 2630 1515 tantae
2671 1447 3459 1537 multitudinis'gentium
3484 1448 3873 1524 conversiO,

2336 1568 2401 1626 et
2432 1560 2643 1648 ipsius
2671 1556 2797 1624 Dei
2843 1558 3244 1624 incarnatio.
3287 1555 3387 1624 De
3429 1556 3680 1645 primo,
3742 1554 3874 1622 Isa.

2335 1688 2517 1748 xmx,
2569 1666 2653 1731 20
2702 1672 2768 1731 et
2823 1665 2898 1730 21
2959 1684 2975 1731 ε
3037 1663 3283 1731 Adhuc
3319 1663 3543 1730 dicent
3581 1664 3654 1729 in
3692 1663 3880 1728 auri-

2340 1772 2462 1839 bus
2500 1772 2638 1837 tuis
2664 1771 2809 1859 filii
2834 1768 3226 1837 sterilitatis
3278 1778 3411 1836 tuoe
3452 1793 3473 1835 .·
3522 1771 3881 1858 Anqustus

2337 1887 2434 1945 εει
2471 1878 2644 1945 milii
2684 1877 2893 1954 locus,
2927 1878 3049 1966 lac
3073 1877 3380 1966 spatium
3409 1876 3585 1941 milii
3631 1885 3709 1941 ut
3761 1875 3884 1941 lia-

2341 1977 2568 2052 bitem.
2605 1986 2699 2051 Et
2729 1983 2905 2050 dices
2936 1985 3006 2050 in
3036 1983 3373 2050 cordetuo
3397 2006 3419 2050 .·
3450 1984 3621 2068 Quis
3641 1982 3884 2071 qenuit

2341 2094 2516 2160 milei
2544 2095 2708 2159 istos
2731 2091 2771 2159 Ρ
2799 2115 2919 2182 eqo
2957 2089 3239 2168 ειενίΙίε,
3291 2100 3355 2157 ει
3398 2113 3535 2157 non
3572 2091 3878 2180 pariens,

2342 2202 2439 2269 De
2507 2201 2833 2278 secundO,
2891 2200 3142 2269 Jerem.
3190 2223 3375 2278 xxxi,
3411 2203 3549 2268 22:
3614 2199 3884 2268 Creavit

2341 2311 2681 2377 Dominus
2709 2330 2956 2375 tiorum
2986 2330 3194 2398 super
3229 2318 3484 2375 terram
3517 2331 3539 2374 .·
3572 2308 3885 2375 Foemina

2342 2417 2797 2486 circumdabit
2834 2418 3089 2485 virum.
3134 2415 3244 2494 Εἰ,
3300 2415 3431 2483 lsa.
3501 2439 3684 2494 wa,
3733 2417 3773 2482 ‘1
3821 2421 3885 2481 et

2344 2523 2384 2590 8
2456 2544 2471 2589 :
2558 2524 2945 2612 Antequam
3034 2521 3442 2612 parturiret,
3527 2520 3878 2611 peperit...

2348 2632 2515 2715 Quis
2547 2630 2818 2698 audivit
2850 2653 3181 2720 umquam
3213 2629 3355 2696 lale
3379 2627 3421 2696 :²
3456 2639 3521 2696 et
3567 2629 3724 2719 quis
3780 2628 3889 2694 vi-

2344 2736 2446 2803 dit
2475 2738 2637 2804 huie
2671 2734 2957 2803 simile?
2984 2735 3241 2803 llabac.
3277 2758 3374 2817 ιιι,
3410 2737 3476 2813 2,
3509 2733 3887 2802 secundum

2345 2842 2547 2910 aliam
2578 2842 2872 2911 litteram
2905 2864 2921 2909 :
2960 2867 2993 2908 ι
3028 2841 3472 2909 Consideravi
3505 2863 3713 2931 opera
3743 2850 3886 2917 tua,

2346 2958 2410 3020 et
2459 2950 2703 3041 expavi
2736 2949 2759 2984 ³
2792 2972 2807 3016 z
2866 2976 2899 3011 n
2942 2947 3024 3015 Et
3063 2947 3237 3016 bene
3281 2949 3352 3015 in
3384 2947 3606 3016 oculis
3644 2948 3894 3014 nostris

2347 3059 2532 3141 dicit,
2583 3058 2745 3150 quia
2794 3058 2860 3125 in
2910 3065 3148 3147 aperto
3193 3055 3371 3125 facta
3422 3063 3582 3124 sunt
3628 3055 3889 3125 omnia.

2351 3166 2480 3236 lsn.
2516 3189 2627 3244 ιιι,
2668 3167 2747 3233 10
2794 3188 2808 3232 :
2844 3166 3135 3233 Paravit
3173 3162 3530 3233 brachium
3557 3186 3764 3231 suum
3821 3163 3894 3231 in

2350 3275 2570 3343 oculis
2626 3274 2934 3340 anartium
3005 3274 3353 3342 Gentium.
3425 3272 3533 3351 Et,
3594 3273 3664 3341 in
3708 3271 3890 3339 l’sal.

2351 3404 2556 3456 xcvn,
2619 3381 2660 3446 3
2704 3403 2719 3447 ε
2779 3378 3102 3446 Viderunt
3157 3401 3389 3446 omnes
3442 3379 3613 3467 fines
3672 3389 3893 3460 terre,

2349 3490 2660 3559 salutare
2687 3490 2818 3558 Dei
2852 3491 3093 3558 nostri.
3138 3485 3432 3566 Bnruch‚
3477 3510 3574 3567 ιιι,
3622 3488 3709 3555 38
3752 3509 3769 3554 :
3817 3487 3894 3554 ln

2354 3597 2553 3666 terris
2603 3598 2785 3665 visus
2833 3607 2954 3676 est,
3002 3605 3068 3664 et
3108 3618 3258 3664 ειιηι
3297 3593 3693 3662 hominibus
3729 3618 3897 3662 con-

2353 3713 2658 3774 versatus
2698 3714 2818 3773 est.

2445 4062 2478 4100 ι
2524 4038 2681 4106 lla-c
2708 4044 2805 4102 est
2833 4035 2977 4102 dies
3013 4057 3224 4126 quam
3252 4033 3419 4124 lecit
3446 4032 3809 4101 Dominus.
3855 4057 3889 4093 ι»

2354 4145 2478 4212 llic
2508 4141 2907 4226 secundum,
2949 4144 3018 4210 in
3059 4164 3197 4233 quo
3252 4150 3615 4232 postquem
3674 4140 3888 4231 petiit,

2352 4260 2418 4319 et
2456 4250 2854 4343 petitionem
2894 4272 3089 4317 suam
3137 4246 3527 4315 exauditam
3566 4244 3890 4324 ostendit,

2352 4365 2846 4448 consequenter
2873 4353 3254 4447 prorumpit
3291 4352 3362 4421 in
3390 4375 3633 4422 vocem
3673 4350 3896 4421 laudis

2352 4476 2417 4536 et
2474 4465 2947 4535 exsultationis
3024 4485 3041 4533 ε
3109 4471 3178 4533 et
3231 4462 3488 4555 profert
3550 4462 3690 4531 duo
3756 4483 3898 4554 pro

2349 4573 2601 4667 gaudio
2629 4572 3042 4643 vehementi.
3088 4571 3352 4655 Prima,
3393 4572 3725 4664 temporis
3751 4592 3893 4662 quo

2353 4681 2495 4752 liaec
2552 4681 2728 4752 facta
2782 4691 2965 4762 sunt,
3023 4679 3722 4750 commendationem.
3763 4677 3898 4748 Se-

2351 4790 2601 4869 cundo,
2677 4789 2969 4858 aliorum
3045 4786 3521 4856 invitationem
3570 4785 3655 4854 ad
3722 4785 3898 4854 laeti-

2353 4899 2515 4968 tiam
2546 4906 2612 4966 et
2642 4895 3196 4974 exsultationem,
3221 4893 3341 4976 ibi,
3379 4922 3413 4958 α
3448 4891 3896 4963 Ετεαιιειηιιε

2350 5014 2414 5072 ει
2452 5004 2784 5074 laetemur.
2821 5030 2857 5067 n

2441 5115 2553 5182 Ait
2594 5137 2760 5206 ergo
2803 5136 2821 5180 ι
2884 5112 2999 5181 Sic
3037 5111 3378 5181 Dominus
3434 5110 3602 5178 mihi
3661 5118 3895 5202 portes

2342 5221 2622 5311 justitiae
2659 5221 2921 5312 aperuit
2957 5243 3079 5313 per
3129 5219 3424 5310 lapidem
3463 5216 3893 5309 angularem.

2352 5329 2559 5423 Ergo,
2599 5361 2631 5394 ιι
2662 5330 2802 5399 liaec
2847 5340 2945 5398 εει
2987 5328 3129 5397 dies
3173 5350 3385 5420 quam
3437 5327 3606 5419 lecit
3646 5327 3900 5396 Domi-

2350 5580 2504 5632 tuum
2532 5576 2592 5631 in
2614 5571 2797 5630 medio
2832 5586 3107 5629 annorum
3137 5569 3354 5641 vivifiea
3372 5567 3538 5628 illud.
