5008 6329
2438 410 2864 480 PSALMUS
2915 409 3161 479 CXXI.

4276 420 4403 488 349

2396 976 2864 1054 PSALMUS
2941 978 3196 1054 CXXI.

1831 1319 2174 1422 Ecclesiae
2212 1323 2628 1409 concordia,
2659 1322 2904 1416 pietas
2948 1334 3019 1394 et
3045 1324 3246 1395 dotes
3273 1325 3744 1397 celebrantur.

1219 1686 1277 1731 1.
1334 1658 1723 1732 Canticum
1754 1661 2142 1755 graduum.

1343 1768 1666 1839 Laetatus
1717 1791 1882 1839 sum
1972 1768 2045 1837 in
2130 1768 2245 1838 his
2315 1790 2478 1860 quae
2541 1769 2732 1840 dicta

1433 1893 1606 1947 sunt
1654 1874 1837 1946 mibi
1885 1899 1901 1945 :
1943 1875 2017 1946 in
2054 1874 2363 1946 domum
2424 1876 2721 1947 Domini

1440 1983 1741 2056 ibimuS.

1210 2116 1275 2163 2.
1322 2090 1615 2164 Stantes
1655 2108 1860 2162 erant
1890 2091 2112 2184 pedes
2145 2091 2371 2162 nostri
2412 2092 2488 2162 in
2521 2092 2726 2162 atriis

1430 2197 1606 2286 tuis,
1652 2199 2082 2271 Jerusalem.

1207 2309 1271 2377 3.
1324 2308 1754 2387 Jerusalem,
1829 2329 1991 2401 quae
2040 2307 2440 2379 aedificatur
2495 2326 2578 2380 ut
2633 2308 2729 2379 ci·

1428 2414 1640 2498 vitas,
1684 2414 1892 2506 cujus
1932 2414 2390 2507 participatio
2449 2416 2606 2507 ejus
2649 2416 2722 2487 in

1427 2523 1780 2616 idipsum.

1200 2655 1269 2721 4.
1328 2630 1510 2700 Illuc
1551 2630 1750 2701 enim
1787 2630 2272 2702 ascenderunt
2293 2631 2556 2712 tribus,
2601 2633 2724 2704 tri-

1426 2737 1563 2807 bus
1584 2736 1908 2824 Domini,
1933 2736 2441 2809 testimonium
2465 2739 2718 2826 Israel,

1422 2847 1515 2918 ad
1557 2848 2056 2919 confitendum
2078 2848 2362 2920 nomini
2385 2847 2711 2920 Domini.

1491 3349 1588 3417 IN
1640 3348 2080 3419 PSALMUM
2130 3349 2354 3419 CXX!

1656 3591 2193 3642 COMMENTARIUS.

1446 3909 1479 3950 ι
1522 3885 1888 3955 Canticum
1915 3885 2305 3977 graduum.
2352 3911 2388 3952 ι

1231 4235 1264 4276 ι
1309 4214 1619 4279 Laetatus
1651 4221 1817 4280 sunt
1866 4212 1935 4280 in
1983 4213 2094 4281 his
2119 4236 2275 4305 qua!
2303 4215 2493 4285 dicta
2542 4230 2711 4289 sunt

1138 4318 1320 4386 mihi
1348 4320 1391 4386 ¹.
1432 4347 1466 4384 »ι
1502 4319 1632 4389 llic
1669 4329 1774 4390 est
1808 4321 2129 4391 l‘salmus
2153 4323 2531 4416 vigesimus
2561 4328 2707 4418 pri-

1203 4592 1315 4651 ⁸Le
1342 4598 1502 4651 texte
1532 4593 1783 4662 hebreu,
1811 4594 1903 4652 dit
1926 4598 1997 4653 Μ.
2018 4595 2213 4655 l’nbbe
2246 4598 2504 4671 Lesetre,
2529 4606 2701 4675 porte

1128 4697 1205 4737 en
1270 4682 1407 4740 titre
1464 4682 1522 4740 le
1580 4699 1721 4740 nom
1781 4682 1854 4741 de
1906 4684 2113 4758 David,
2151 4685 2334 4760 qu'on
2367 4705 2445 4745 ne
2496 4694 2705 4748 trouve

1130 4775 1304 4851 point
1332 4774 1486 4832 dans
1507 4774 1598 4831 les
1636 4774 1924 4833 versions.
1956 4774 2003 4833 11
2034 4782 2127 4836 est
2156 4777 2421 4852 possible
2472 4797 2592 4853 que
2645 4781 2704 4838 le

1129 4881 1381 4939 psaume
1434 4865 1522 4921 ait
1571 4866 1667 4922 ete
1725 4867 2006 4941 compose
2065 4884 2175 4941 par
2234 4866 2292 4925 le
2324 4869 2484 4928 saint
2513 4871 2602 4931 roi
2664 4873 2701 4929 a

1127 4954 1352 5027 l'usage
1386 4953 1493 5011 des
1526 4954 1829 5012 israelites
1858 4954 1962 5028 qui
1992 4955 2231 5013 avaient
2257 4957 2294 5013 a
2322 4975 2388 5016 se
2418 4958 2638 5016 rendre
2668 4961 2704 5019 a

1122 5040 1502 5112 Jerusalem3
1564 5040 1608 5098 il
1657 5043 1855 5099 aurnit
1901 5044 1995 5099 ete
2048 5043 2247 5101 insere
2294 5046 2700 5119 posterieure-

1134 5137 1304 5188 ment
1333 5129 1484 5188 dans
1514 5130 1572 5187 le
1603 5131 1830 5189 recueil
1859 5129 2095 5189 destine
2124 5148 2241 5190 nux
2286 5135 2575 5208 pelerius.
2620 5138 2699 5195 La

1129 5243 1158 5269 c«
1191 5221 1430 5278 maison
1452 5220 1526 5277 de
1553 5222 1771 5279 labos-a
1794 5242 1823 5273 ιο
1856 5222 2041 5280 serait
2067 5221 2230 5280 alors
2259 5240 2413 5298 pour
2442 5226 2626 5284 David
2643 5227 2701 5285 le

1125 5310 1474 5368 sanctuaire
1525 5310 1599 5369 de
1668 5312 1835 5379 Sion,
1894 5311 2107 5385 appele
2139 5334 2171 5363 κ
2203 5314 2439 5372 maison
2469 5335 2498 5366 ι·
2546 5316 2700 5375 dans

1128 5402 1267 5459 bien
1287 5401 1395 5460 des
1425 5419 1707 5475 psaumes
1738 5402 2183 5461 certainement
2208 5405 2548 5463 anterieurs
2575 5408 2612 5464 a
2641 5407 2700 5466 la

1130 5492 1545 5549 construction
1578 5492 1658 5550 du
1690 5492 1935 5568 temple,
1967 5497 2030 5549 et
2057 5491 2119 5549 la
2146 5513 2177 5543 κ
2209 5493 2445 5552 maison
2476 5494 2552 5553 de
2583 5497 2699 5556 Da-

1126 5578 1221 5639 vid
1256 5602 1287 5632 n
1327 5580 1513 5637 serait
1569 5589 1724 5640 cette
1782 5580 2198 5640 descendance
2252 5583 2519 5656 promise
2575 5585 2700 5645 t'or·

1124 5670 1476 5729 mellement
1532 5687 1609 5727 au
1665 5672 1826 5731 saint
1848 5671 1960 5742 roi,
1991 5671 2067 5729 111
2124 5673 2266 5746 Reg.
2297 5689 2398 5744 vn,
2430 5673 2520 5746 16,
2553 5681 2617 5735 et
2662 5678 2700 5736 ὰ

1143 5758 1382 5835 nquelle
1423 5758 1464 5817 il
1497 5759 1771 5818 voudrait
1798 5761 2069 5820 attacher
2104 5760 2601 5824 inviolablement
2635 5766 2693 5825 le

2897 1672 2962 1738 5.
3018 1666 3212 1758 Quia
3252 1665 3397 1736 illic
3437 1667 3779 1737 sederunt
3825 1665 4034 1736 sedes
4085 1666 4159 1737 in
4217 1666 4400 1757 judi-

3113 1774 3253 1859 cio,
3289 1774 3491 1844 sedes
3524 1797 3743 1866 super
3783 1774 4091 1844 domum
4134 1774 4390 1845 David.

2889 1882 2956 1951 6.
3018 1881 3293 1973 Rogate
3334 1902 3493 1973 quae
3532 1882 3622 1950 ad
3675 1901 3925 1973 pacem
3964 1897 4137 1951 sunt
4179 1880 4391 1951 Jeru-

3110 1990 3359 2068 salem,
3392 2006 3460 2059 et
3524 1985 3970 2059 abundantia
4029 1986 4394 2080 diligenti-

3109 2094 3245 2164 bus
3271 2113 3364 2165 te.

2886 2225 2953 2293 7.
3011 2200 3170 2272 Fiat
3227 2223 3361 2293 pax
3412 2202 3480 2271 in
3533 2201 3798 2273 virtute
3850 2218 3999 2285 tua,
4051 2218 4121 2272 et
4161 2200 4394 2272 abun-

3105 2309 3348 2380 dantia
3389 2308 3461 2378 in
3497 2309 3820 2379 turribus
3861 2308 4032 2379 tuiS.

2882 2419 2952 2491 8.
3011 2418 3318 2510 Propter
3354 2417 3605 2488 fratres
3638 2439 3841 2487 meos
3890 2434 3960 2488 et
4018 2417 4389 2511 proximos

3104 2548 3332 2608 meos,
3376 2526 3725 2619 loquebar
3754 2546 4004 2617 pacem
4026 2526 4116 2595 de
4158 2543 4252 2596 te.

2879 2657 2949 2726 9.
3009 2634 3316 2727 Propter
3355 2633 3658 2702 domum
3708 2631 4007 2702 Domini
4069 2631 4201 2704 Dei
4255 2655 4392 2702 no-

3103 2740 3258 2820 stri,
3304 2740 3608 2832 quaesivi
3643 2741 3835 2811 bona
3863 2739 4025 2810 tibi.

2825 3269 2980 3314 mus
3036 3247 3105 3314 in
3160 3246 3358 3315 tertia
3394 3253 3585 3337 parte
3641 3244 3821 3324 libri,
3865 3246 3936 3311 in
3995 3252 4140 3313 toto
4208 3242 4380 3313 libro

2824 3354 3235 3423 centesimus
3272 3354 3637 3421 vicesimus
3683 3352 3973 3443 primuS,
4030 3352 4103 3420 in
4142 3352 4382 3421 ordine

2821 3485 2988 3533 vero
3018 3463 3354 3552 graduum
3383 3462 3645 3530 tertius.

2913 3570 3290 3664 Postquam
3359 3571 3542 3638 enim
3615 3567 3915 3637 ostendit
3967 3589 4041 3638 se
4096 3566 4185 3636 ad
4247 3565 4380 3637 hoc

2824 3674 3239 3765 pervenisse,
3288 3681 3364 3744 ut
3401 3676 3472 3743 in
3525 3674 3822 3758 Sanctis,
3864 3681 3931 3743 et
3971 3671 4382 3745 Sanctorum

2822 3781 3175 3851 conditore
3203 3779 3350 3851 Deo
3395 3780 3713 3850 fiduciam
3744 3780 4055 3861 haberet,
4088 3780 4391 3849 ostendit

2820 3889 3026 3955 etiam
3082 3886 3364 3957 ulterius
3402 3911 3473 3957 se
3531 3887 3940 3966 ascendisse,
3993 3895 4070 3955 ut
4126 3887 4211 3956 de
4263 3886 4385 3956 tali

2820 3994 3233 4063 confidentia
3270 3994 3607 4064 laetaretur
3656 4002 3724 4063 et
3771 3993 4168 4063 exsultaret.
4220 3993 4378 4062 Pri-

2818 4124 2937 4170 mo
2979 4102 3162 4170 enim
3203 4102 3436 4171 anima
3463 4101 3705 4172 volens
3736 4124 3777 4169 a
3823 4101 4008 4170 malo
4040 4101 4378 4181 recedere,

2817 4210 3033 4300 gemit
3084 4231 3209 4301 pro
3266 4210 3556 4278 miseriis
3604 4211 3677 4279 in
3732 4207 3985 4301 quibus
4041 4216 4375 4277 versatur.

2819 4314 3166 4402 Secundo,
3200 4316 3481 4387 conlidit
3518 4318 3590 4387 in
3631 4316 4049 4386 Sanctorum
4088 4317 4375 4399 meritis,

2814 4590 3039 4666 peuple
3069 4590 3338 4651 d'lsrael.
3381 4593 3469 4650 Un
3498 4593 3727 4651 certain
3779 4590 4038 4651 nombre
4074 4591 4381 4651 d'nuteurs

2813 4683 3068 4742 enciens
3096 4686 3156 4740 et
3202 4682 3520 4741 modernes
3558 4682 3895 4741 admettent
3939 4682 4376 4740 l'authenticite

2814 4771 2894 4830 du
2927 4773 3066 4831 titre
3099 4772 3346 4842 bebi-eu,
3377 4779 3438 4829 et
3493 4777 3633 4831 sont
3658 4773 3696 4831 it
3748 4773 3945 4831 meme
3975 4772 4051 4830 de
4091 4773 4150 4830 la
4179 4772 4382 4830 desen·

2814 4862 2921 4921 dre
2950 4879 3061 4937 par
3087 4862 3192 4919 des
3218 4862 3450 4919 raisons
3479 4878 3645 4920 assez
3673 4861 4027 4937 plausibles.
4062 4863 4378 4937 Beaucoup

2814 4953 3077 5011 d'autres
3106 4951 3443 5027 cependnnt
3466 4959 3605 5011 sont
3631 4953 3774 5011 d’un
3803 4955 3929 5012 avis
3976 4953 4288 5022 differentg
4322 4953 4378 5012 le

2814 5045 3044 5103 silence
3074 5043 3181 5101 des
3205 5044 3470 5102 versions
3499 5052 3591 5103 est
3617 5051 3748 5103 tout
3786 5043 4035 5103 d’nbord
4068 5061 4186 5102 une
4223 5043 4376 5101 sorte

2810 5132 3223 5209 presumption
3253 5149 3329 5191 en
3379 5132 3583 5191 fat-eur
3614 5133 3688 5191 de
3738 5134 3871 5192 leur
3901 5133 4268 5202 sentiment;
4298 5150 4376 5190 on

2811 5232 2956 5300 peut
2983 5240 3334 5298 remarquer
3379 5225 3614 5282 ensuite
3644 5240 3786 5282 avec
3837 5226 4117 5282 Percu-ne
4147 5239 4264 5297 que
4319 5223 4379 5281 1ο

2811 5317 2867 5388 Ῠ.
2899 5317 2933 5371 4
2961 5330 3221 5387 suppose
3254 5329 3335 5370 un
3359 5330 3538 5389 usage
3570 5313 3709 5388 dejt't
3739 5313 3920 5371 etabli
3968 5313 4193 5372 d'assez
4237 5311 4378 5370 lon·

2809 5421 2922 5482 gue
2959 5403 3121 5472 date,
3150 5409 3211 5459 et
3236 5420 3353 5477 que
3384 5403 3439 5461 le
3468 5405 3710 5461 suivant
3745 5402 4020 5461 s’entend
4066 5403 4377 5476 beaucoup

2812 5496 2950 5573 plus
2980 5493 3449 5553 naturellement
3502 5493 3681 5552 d’une
3717 5495 3950 5570 epoque
4004 5494 4376 5570 posterieure

2807 5588 2845 5646 a
2877 5584 3079 5645 David.
3132 5584 3310 5643 Aussi
3364 5589 3847 5644 tremens-nous
3889 5586 4027 5661 plus
4084 5582 4373 5660 probable

2811 5677 2979 5737 l’avis
3003 5676 3078 5734 de
3110 5676 3183 5733 n.
3213 5673 3273 5734 le
3301 5674 3406 5732 Hir
3444 5675 3549 5751 qui
3582 5677 3706 5735 voit
3748 5676 3901 5736 dans
3964 5692 4033 5736 ce
4080 5675 4264 5732 ebant
4290 5691 4378 5733 un

2812 5782 3064 5845 psaume
3093 5764 3204 5823 fait
3231 5763 3268 5824 ὲ
3311 5763 3657 5826 l’imitation
3687 5767 3763 5826 de
3793 5784 3945 5827 ceux
3985 5766 4060 5824 de
4090 5762 4296 5824 David.
4325 5765 4375 5823 11
