5008 6329
805 4638 1014 4718 14'

1001 4762 1006 4765 “
1050 4742 1263 4825 Quasi
1293 4741 1548 4811 diceret
1591 4762 1609 4809 z
1655 4738 1771 4809 Sic
1799 4739 2227 4810 confirmavit
2273 4741 2341 4808 in
2369 4737 2593 4821 bonis,

1809 248 2513 322 COMMENTARIUS
2562 249 2656 315 IN
2704 248 3141 318 PSALMUM
3193 251 3525 320 CXLVII.

1048 426 1316 494 ratione
1345 425 1616 517 lapidis.
1653 426 1735 494 Et
1767 427 2011 517 prime,
2046 423 2342 494 exhibita
2372 419 2596 487 Eccle-

1049 533 1165 599 siae
1196 532 1689 625 triumphanti:
1725 533 2048 611 secundo,
2096 528 2388 598 exhibita
2412 524 2592 592 mili-

1049 641 1249 721 tanti,
1296 642 1415 722 ibi,
1450 651 1516 719 ὲ.
1553 644 1631 710 15
1664 664 1680 709 :
1724 667 1758 704 α
1806 641 1944 725 Qui
1973 637 2243 704 emittit.
2292 658 2324 696 ι»

1139 747 1218 814 Ιιι
1269 726 1490 838 prima
1535 755 1831 839 quatuor
1878 742 2247 812 secundum
2308 746 2597 830 quatuor

1046 854 1378 924 beneficia
1447 877 1600 944 quae
1677 852 1919 942 tangit.
1990 848 2296 915 Primum
2354 855 2452 914 est
2528 846 2595 911 in

1048 965 1288 1056 gratiis
1319 960 1776 1031 confirmatiO.
1814 956 2231 1040 Secundum,
2266 954 2598 1045 multipli-

1048 1073 1224 1139 catio
1247 1069 1836 1147 confirmatorum,
1887 1065 2004 1142 ibi,
2053 1089 2088 1132 ιι
2129 1062 2512 1133 Benediaeit.
2553 1087 2582 1122 ι»

1044 1180 1374 1256 Tertium,
1417 1176 1715 1268 perfecta
1767 1197 1923 1267 pax,
1984 1184 2050 1245 et
2087 1176 2430 1252 securitaS,
2475 1170 2591 1247 ibi,

1045 1298 1112 1368 ᾗ.
1142 1290 1225 1357 14
1260 1307 1277 1359 ε
1330 1317 1362 1351 α
1394 1288 1533 1373 Qui
1554 1287 1789 1378 posuit
1808 1286 2001 1376 fines.
2042 1312 2073 1347 »
2109 1282 2460 1364 Quartum,
2488 1280 2596 1347 de·

1047 1399 1246 1467 licata
1268 1397 1566 1475 satietaS,
1602 1393 1720 1473 ibi,
1747 1420 1780 1461 ι
1816 1397 1911 1461 Et
1938 1393 2143 1484 adipe
2158 1390 2513 1482 frumenti.
2559 1413 2591 1452 »

1136 1506 1319 1574 Dicit
1364 1526 1527 1595 ergo
1560 1525 1575 1570 :
1616 1501 1730 1571 Sic
1758 1501 1987 1584 lauda,
2022 1523 2062 1568 o
2098 1497 2498 1577 Jerusalem,
2534 1504 2600 1563 et

1048 1612 1255 1682 debes
1312 1609 1616 1689 laudare,
1693 1638 1725 1672 «
1796 1610 1962 1700 quia
2039 1608 2374 1694 Dominus
2436 1626 2599 1673 con-

1048 1718 1455 1809 fortavitm»
1516 1713 1703 1784 vel«
1755 1713 2208 1790 confirmavit,
2265 1740 2296 1773 n
2352 1732 2598 1778 secun-

1050 1826 1216 1894 dum
1290 1825 1493 1892 aliam
1547 1821 1876 1900 litteram,
1922 1848 1956 1885 α
1997 1843 2182 1888 seras
2238 1828 2597 1910 portarum

1054 1944 1367 2013 tuarum,
1438 1957 1472 1998 ιι
1516 1932 1771 2024 gratias
1827 1929 2273 2021 Angelorum,
2351 1925 2466 2018 qui
2531 1926 2601 1993 in

1051 2051 1119 2111 te
1177 2050 1358 2110 sunt.
1412 2040 1637 2109 Portae
1683 2039 1866 2107 enim
1921 2045 2079 2105 sunt
2137 2034 2376 2127 Angeli
2441 2056 2602 2102 san-

1052 2149 1168 2226 cti,
1240 2155 1309 2215 et
1338 2147 1586 2214 animae
1609 2167 1760 2236 quae
1808 2144 1902 2213 ibi
1931 2151 2111 2213 sunt.
2168 2141 2348 2212 Psal.
2409 2164 2596 2221 xxm,

1050 2254 1117 2341 7,
1151 2277 1358 2345 supra
1414 2276 1430 2323 2
1489 2251 1914 2334 Elevamini,
1956 2260 2174 2343 portae
2225 2247 2595 2317 aeternales.

1051 2365 1160 2449 Et,
1205 2363 1340 2432 Isa.
1375 2385 1485 2443 Lx,
1533 2362 1666 2430 10:
1718 2360 2091 2453 occupabit
2138 2360 2327 2430 salus
2371 2380 2602 2426 muros

1039 2471 1229 2553 ωας,
1292 2482 1356 2539 et
1415 2481 1658 2564 portas
1729 2479 1889 2539 tuas
1951 2469 2289 2539 laudatio.
2340 2465 2600 2535 Harum

1007 2588 1400 2673 ‘portarum
1440 2579 1600 2648 ierae
1651 2585 1812 2646 sunt
1866 2576 2128 2669 gratim,
2178 2575 2303 2644 Dei
2350 2574 2603 2643 scilicet

1009 2688 1358 2779 'cognitio
1390 2694 1458 2756 et
1509 2684 1810 2768 dilectio,
1863 2707 2033 2777 quas
2080 2683 2480 2752 confortavit
2536 2689 2603 2749 et

1011 2795 1507 2875 confirmavit,
1551 2816 1637 2863 ne
1676 2792 2045 2887 aliquando
2093 2791 2408 2861 desistere
2446 2812 2602 2881 pos-

1047 2913 1198 2976 sent
1239 2926 1651 2998 cognoscere
1687 2902 1800 2973 vel
1848 2925 2103 2973 amare.
2158 2900 2361 2972 Eccli.
2415 2922 2595 2979 xux,

1059 3016 1169 3100 15,
1213 3014 1297 3084 de
1352 3011 1690 3082 Nehemia
1732 3035 1749 3081 ε
1799 3012 2003 3083 Stare
2053 3011 2219 3102 lecit
2273 3031 2480 3089 seras,
2538 3017 2600 3076 et

1004 3131 1013 3139 “
1042 3131 1316 3217 portas.

1008 3339 1011 3344 ’
1142 3362 1176 3405 α
1210 3335 1605 3407 Benedioeit.
1653 3359 1686 3402 ι
1744 3330 1914 3403 Ecce
1972 3330 2343 3402 secundum
2398 3329 2603 3399 bene·

1054 3445 1312 3513 licium.
1373 3442 1582 3525 Quasi
1645 3441 1894 3512 diceret
1942 3463 1957 3508 :
2023 3438 2136 3509 Sic
2173 3437 2598 3509 confirmavit

1048 3557 1119 3623 in
1167 3554 1405 3647 gratiis
1470 3562 1728 3644 portas,
1788 3550 2117 3644 Angelos,
2169 3558 2232 3618 et
2286 3548 2599 3618 homines

1047 3671 1346 3748 sanctOS,
1398 3668 1468 3731 et
1511 3661 1721 3730 etiam
1771 3687 1808 3725 α
1852 3656 2218 3740 benedixit,
2283 3684 2316 3721 ιι
2372 3656 2596 3725 dando

1050 3768 1453 3861 multiplicia
1526 3767 1710 3837 bona
1772 3766 2173 3860 spiritualia,
2223 3773 2594 3845 etaeterna,

1053 3906 1088 3945 α
1125 3878 1304 3967 filiis
1331 3877 1469 3945 tuis
1500 3877 1568 3944 in
1599 3885 1688 3959 te,
1735 3903 1768 3939 »ο
1811 3874 2076 3968 supple,
2129 3872 2592 3944 existentibus.

1042 3986 1216 4058 Tot».
1259 4009 1406 4067 χιιι,
1454 3986 1536 4055 17
1581 4007 1598 4055 ε
1657 3984 2027 4055 Laelaberis
2083 3986 2153 4052 in
2192 3982 2366 4074 filiis
2429 3983 2593 4069 tuis,

1046 4100 1381 4192 quoniam
1419 4120 1651 4167 omnes
1681 4096 2178 4178 benedicentur,
2229 4106 2293 4164 et
2327 4117 2594 4186 conqre·

1043 4206 1404 4299 qabuntur
1455 4204 1553 4273 ad
1603 4205 2012 4273 Dominum.
2074 4202 2203 4273 Isa.
2272 4225 2405 4287 ur,
2487 4203 2529 4270 9
2575 4224 2591 4270 ε

1049 4318 1177 4388 Isti
1201 4326 1365 4387 sunt
1402 4338 1656 4397 semen,
1697 4316 1811 4384 cui
1855 4311 2197 4384 benedixit
2234 4314 2590 4383 Dominus.

1142 4662 1179 4703 ι
1216 4633 1356 4721 Qui
1384 4632 1646 4726 posuit.
1682 4660 1718 4698 ιι
1761 4629 1890 4703 llic
1945 4631 2245 4723 tangitur
2291 4629 2592 4702 tertium.

1049 4859 1119 4922 et
1144 4850 1632 4944 multiplicavit
1658 4848 1869 4934 bona,
1909 4856 1976 4919 et
2022 4849 2221 4918 etiam
2271 4848 2413 4941 ipse
2467 4856 2593 4934 est,

1009 4988 1090 5025 ·«
1132 4961 1259 5052 qui
1279 4960 1519 5052 posuit
1561 4958 1735 5048 fines
1789 4966 1944 5025 tuos
1983 4979 2246 5050 pacem,
2317 4982 2353 5020 n
2411 4962 2484 5025 ut
2512 4978 2597 5026 ex

1047 5070 1240 5141 nulla
1257 5079 1450 5163 parte
1488 5069 1708 5160 possis
1738 5068 2007 5137 concuti
2036 5068 2144 5137 vel
2182 5065 2463 5149 turbari,
2521 5075 2597 5136 ut

1004 5205 1013 5216 ·
1051 5174 1414 5270 impletum
1444 5175 1532 5243 sit
1571 5174 1642 5242 in
1680 5182 1747 5243 te
1796 5172 1964 5243 illud
1994 5173 2206 5244 Levit.
2262 5197 2445 5253 xxvi.
2498 5174 2541 5242 6
2574 5196 2591 5245 :

1050 5284 1254 5353 Dabo
1272 5305 1521 5378 pacem
1551 5284 1623 5352 in
1651 5281 1912 5372 finibus
1960 5283 2216 5351 vestris.
2287 5281 2371 5350 Et
2430 5281 2597 5352 illud

1003 5391 1183 5464 ‚lsa.
1225 5416 1431 5478 -xxvr,
1497 5392 1578 5460 12
1647 5411 1665 5461 ε
1729 5390 2046 5474 Domine,
2113 5389 2310 5458 dabis
2355 5412 2596 5482 pacem

1049 5501 1274 5571 nobis.
1345 5499 1594 5570 Pacem
1654 5497 1847 5567 dabis
1896 5496 2204 5580 interius,
2257 5505 2322 5567 et
2359 5519 2594 5589 pacem

1048 5607 1243 5678 dabis
1282 5611 1581 5678 exterius
1623 5610 1693 5676 in
1744 5604 2015 5676 tinibus.
2057 5603 2224 5678 Tob.
2256 5628 2398 5685 xm,
2458 5609 2539 5677 19
2573 5631 2590 5678 ε

4132 262 4262 328 525

2698 420 2953 486 Anima
3019 444 3194 499 mea,
3270 421 3544 490 benedic
3606 427 4013 506 Dominum,
4083 452 4261 519 quo-

2702 525 2891 592 niam
2999 526 3316 597 liberavit
3414 532 3825 613 Jerusalem,
3913 535 4261 603 civitatem

2698 657 2922 718 suam,
2995 659 3037 704 a
3102 642 3363 707 cunctis
3448 640 4020 710 tribulationibus
4103 644 4260 735 ejus

2699 745 3042 813 Dominus
3096 750 3284 814 Deus
3356 757 3605 825 noster,
3652 756 3726 815 ut
3756 751 3843 816 sit
3877 750 3945 817 in
3987 773 4259 820 summa

2701 874 2865 941 pace
2893 861 2960 920 et
2999 854 3248 943 quiete.
3296 853 3425 922 Isa.
3460 878 3639 939 vai,
3691 858 3770 922 12
3816 879 3830 923 :
3874 858 4258 928 Declinabo

2697 976 2905 1044 super
2938 977 3091 1022 eam
3130 957 3333 1044 quasi
3365 957 3665 1046 fluvium
3696 961 3915 1050 pacis,

2795 1171 2959 1237 «Et
3021 1170 3250 1263 adipe.
3301 1196 3335 1236 n
3397 1171 3569 1241 Ecce
3635 1183 3980 1264 quartum.
4045 1175 4257 1257 Quasi

2702 1273 3002 1344 diceret:
3042 1274 3155 1344 Sic
3194 1278 3395 1345 estin
3444 1285 3507 1346 te
3556 1279 3850 1369 perfecta
3901 1284 4253 1363 securitas,

2704 1393 2767 1452 et
2795 1408 2930 1475 pax
2968 1408 3007 1453 a
3036 1385 3337 1455 Domino
3380 1388 3524 1458 Deo
3556 1399 3674 1458 tuo
3714 1415 3729 1458 ε
3765 1398 3830 1459 et
3870 1393 4081 1460 etiam
4112 1393 4257 1484 ipse

2704 1501 2826 1572 est,
2872 1495 2989 1585 qui
3022 1521 3054 1560 ιι
3098 1497 3315 1564 satiat
3343 1507 3430 1578 te,
3477 1527 3506 1562 n
3570 1500 3793 1569 dando
3825 1505 4260 1571 securitatem

2705 1601 2978 1692 plenam
3024 1627 3039 1672 :
3076 1614 3143 1674 et
3170 1605 3326 1685 hoc,
3365 1632 3400 1675 ιι
3434 1607 3641 1701 adipe
3677 1613 4043 1700 frumenti,
4084 1637 4116 1678 »
4151 1612 4265 1679 in-

2704 1710 2871 1778 tima
2911 1709 3167 1780 scilicet
3205 1712 3560 1784 dulcedine
3600 1714 3849 1786 Christi
3904 1717 4057 1786 Filii
4103 1718 4259 1797 Dei,

2706 1819 2815 1907 qui
2860 1817 2944 1886 de
2982 1819 3205 1911 seipso
3251 1822 3445 1902 dixit,
3495 1822 3697 1892 Joan.
3752 1849 3873 1909 χιι,
3922 1826 4007 1893 24
4055 1850 4071 1893 ε
4108 1826 4267 1896 Nisi

2701 1947 3005 2015 qranum
3030 1928 3372 2017 frumenti
3398 1929 3644 1998 cadens
3683 1933 3754 1999 in
3795 1943 4054 2001 terram
4079 1956 4264 2002 mor-

2706 2043 2906 2101 tuum
2951 2036 3193 2125 suerit,
3237 2046 3365 2107 etc.
3404 2037 3651 2131 Supra,
3705 2042 3777 2109 in
3816 2041 4004 2113 Psal.
4059 2066 4261 2129 cxxx,

2713 2143 2788 2209 17
2836 2164 2852 2208 ε
2893 2142 3162 2212 Cibavit
3209 2169 3318 2214 eos
3376 2170 3461 2215 ex
3517 2148 3724 2242 adipe
3768 2153 4134 2240 frumenti,
4203 2163 4265 2219 et

2709 2250 2792 2317 de
2822 2261 3048 2342 petra,
3084 2261 3212 2322 etc.
3252 2252 3388 2323 Sed
3427 2257 3760 2348 numquid
3825 2282 3964 2327 non
4009 2268 4112 2327 est
4171 2259 4264 2326 ibi

2706 2358 2980 2426 satietas
3034 2361 3163 2428 nisi
3213 2360 3295 2430 de
3342 2361 3664 2431 frumenti
3706 2365 3960 2456 adipe?
4022 2365 4260 2446 Porro,

2709 2463 2980 2535 Deuter.
3019 2489 3165 2550 vm,
3209 2466 3275 2554 3,
3330 2476 3396 2537 et
3435 2468 3677 2540 Matth.
3722 2495 3815 2556 tv,
3880 2473 3947 2551 4,
3992 2482 4058 2541 et
4097 2472 4258 2542 Luc.

2708 2595 2800 2652 tv,
2863 2573 2904 2639 4
2975 2595 2991 2644 z
3053 2575 3209 2643 Nou
3258 2575 3330 2643 in
3365 2573 3514 2644 solo
3554 2600 3740 2670 pane
3799 2580 3969 2647 vivit
4032 2579 4260 2648 leomo.

2708 2680 3113 2772 Responsio.
3160 2683 3471 2753 Primum
3502 2694 3569 2753 et
3618 2688 4041 2777 praecipuum
4092 2688 4271 2756 inter

2708 2787 3081 2859 reficientia
3137 2792 3549 2872 nominavit,
3609 2814 3749 2861 non
3789 2802 4012 2862 totum
4068 2794 4264 2865 dixit.

2704 2895 2962 2968 Jerem.
3005 2921 3200 2981 xxxi,
3247 2901 3328 2968 12
3363 2922 3379 2967 ε
3421 2902 3520 2969 Et
3549 2903 3839 2981 venient,
3901 2914 3966 2971 et
4006 2902 4270 2972 lauda-

2710 3005 2880 3074 bunt
2947 3011 3018 3076 in
3075 3019 3303 3077 monte
3357 3009 3527 3079 Sion
3586 3033 3609 3079 .·
3668 3020 3733 3078 et
3778 3014 4130 3100 confluent
4176 3013 4275 3082 ad

2710 3112 2887 3184 bona
2915 3116 3226 3195 Domini,
3280 3139 3489 3210 super
3523 3120 3906 3210 frumenta,
3962 3129 4027 3188 et
4081 3122 4269 3203 vino,

2709 3223 2979 3305 eloica,
3029 3223 3360 3312 bonitate,
3391 3227 3703 3307 veritate,
3750 3235 3818 3297 et
3877 3229 4273 3299 misericor-

2708 3333 2840 3403 dia.
2876 3333 3354 3420 Frumentum,
3402 3336 3524 3406 Dei
3572 3335 3841 3408 bonitas
3913 3361 3928 3409 ε
3997 3340 4266 3421 vinum.

2707 3442 2920 3534 ipsius
2949 3444 3200 3513 veritas
3243 3467 3261 3510 ε
3297 3443 3528 3514 oleum
3567 3469 3759 3528 vero,
3801 3447 4046 3538 pietas.
4105 3446 4275 3516 Pro·

2703 3550 2896 3621 verb.
2960 3573 3008 3633 1,
3079 3551 3163 3623 33
3224 3573 3242 3621 t
3318 3553 3456 3637 Qui
3492 3553 3798 3621 audierit
3827 3578 3961 3633 me,
4016 3554 4275 3647 absque

2707 3672 2963 3729 terrore
3034 3663 3426 3753 requiescet,
3496 3671 3562 3731 et
3627 3662 4069 3732 abundantia
4116 3686 4273 3756 per-

2703 3774 3005 3863 fruetur,
3066 3773 3313 3841 timore
3374 3772 3726 3841 malorum
3770 3772 4076 3842 sublata.
4131 3772 4263 3843 Isa.

2705 3901 2919 3960 xxxn,
2980 3881 3062 3948 18
3121 3903 3137 3949 ε
3198 3878 3477 3950 Sedebit
3541 3881 3855 3974 populus
3939 3904 4130 3951 meus
4195 3883 4268 3951 in

2697 3987 3225 4081 pulchritudine
3272 3990 3493 4081 pacis,
3562 3999 3627 4057 et
3672 3991 3743 4058 in
3801 3989 4271 4060 tabernaculis

2703 4096 3006 4186 fiduciae,
3066 4105 3131 4164 et
3169 4098 3241 4165 in
3281 4099 3514 4189 requie
3541 4097 3901 4191 opulenta.

2802 4440 2836 4483 α
2875 4414 3015 4501 Qui
3040 4416 3295 4486 emittit
3321 4414 3701 4509 eloquium.
3757 4442 3793 4485 ι
3835 4416 3967 4489 nic
4010 4440 4259 4488 secun·

2707 4522 2898 4605 dum,
2980 4524 3050 4593 in
3097 4545 3235 4616 quo
3275 4525 3492 4616 tangit
3556 4522 3891 4595 beneficia
3946 4526 4266 4596 Ecclesia

2707 4629 3030 4700 militanti
3105 4630 3436 4713 exhibita,
3501 4641 3568 4701 et
3647 4634 3867 4726 tangit
3939 4643 4262 4726 quatuor.

2711 4739 3024 4810 Primum
3064 4749 3167 4811 est
3193 4741 3345 4812 Filii
3380 4739 3506 4811 Dei
3539 4742 3943 4813 incarnatio.
4000 4743 4271 4814 Secun-

2710 4848 2903 4930 dum,
2945 4848 3137 4919 verbi
3167 4848 3292 4919 Dei
3332 4850 3748 4943 praedicatiO,
3787 4850 3905 4932 ibi,
3935 4878 3970 4918 ιι
4010 4853 4273 4922 Veloci-

2710 4968 2811 5028 ter
2847 4960 3089 5027 currit.
3136 4987 3170 5023 »
3228 4956 3564 5045 Tertium,
3613 4967 4053 5051 peccatorum
4112 4985 4275 5032 con·

2691 5069 2963 5150 ·versio,
3007 5068 3127 5151 ibi,
3175 5098 3208 5135 α
3247 5070 3384 5157 Qui
3420 5068 3546 5140 dat
3588 5071 3839 5140 nivem.
3903 5069 4269 5154 Quartum,

2702 5176 3123 5269 judiciorum
3180 5201 3465 5250 suorum
3513 5178 3841 5249 revelatio
3899 5181 4070 5262 suis,
4148 5182 4268 5260 ibi,

2709 5294 2774 5364 5.
2824 5288 2906 5355 19
2953 5310 2969 5356 ε
3008 5312 3042 5355 α
3082 5288 3222 5374 Qui
3247 5290 3626 5358 annuntiat
3654 5287 3962 5358 verbum.
4010 5314 4046 5357 ι

2795 5393 2978 5464 Dicit
3024 5418 3189 5488 ergo
3249 5416 3269 5466 ε
3325 5394 3442 5467 Sic
3504 5396 3733 5483 lauda,
3765 5419 3809 5467 o
3860 5396 4271 5477 Jerusalem,

2707 5512 2992 5597 propter
3017 5507 3342 5598 praedicta
3367 5506 3725 5590 beneficia,
3768 5518 3838 5577 et
3885 5517 3988 5592 tu,
4041 5506 4273 5593 lauda,

2713 5611 2909 5693 Sion,
2944 5611 3247 5683 militans
3284 5613 3540 5684 scilicet
3584 5612 3913 5685 Ecclesia.
3950 5639 3987 5680 α
4025 5613 4188 5700 Qui,
4235 5635 4271 5678 ι
