5008 6329
613 263 744 331 532

614 448 840 518 dabili
866 448 1140 515 nomine
1169 456 1286 512 tuo
1328 468 1349 512 .·
1389 467 1592 535 quem
1623 447 1858 512 omnia
1883 457 2165 536 pavent,

614 569 744 627 etc.

705 904 741 940 α
778 877 993 968 lqnis.
1027 905 1058 942 π
1101 877 1274 947 Ecce
1302 878 1705 946 secundum.
1740 876 1951 955 Quasi
1982 876 2170 943 dice-

614 996 713 1053 ret
751 1008 766 1052 :
801 984 885 1053 Et
923 1007 1022 1069 tu,
1069 987 1271 1076 ignis,
1308 986 1534 1052 lauda.
1579 982 1850 1050 Daniel.
1890 1005 1984 1064 ιιι,
2015 983 2102 1050 66
2148 1004 2164 1050 :

609 1093 1020 1178 Benedicite,
1067 1093 1248 1182 iqnis
1284 1103 1347 1157 et
1374 1100 1604 1168 ses-tus,
1644 1090 1971 1157 Domino.

709 1328 739 1364 α
762 1299 1068 1370 Granda,
1116 1324 1150 1365 ι
1186 1299 1314 1368 llic
1342 1300 1561 1391 tangit
1599 1321 1827 1369 aerem
1861 1321 1982 1390 per
2003 1322 2165 1390 qua:¹

606 1416 764 1476 tuor
806 1407 1225 1475 differentias
1271 1408 1830 1498 impressionum,
1885 1431 2036 1498 quoe
2094 1408 2162 1475 in

606 1515 754 1606 ipso
788 1515 982 1591 liunt.
1012 1542 1045 1582 α
1076 1517 1369 1607 qrando,
1402 1518 1552 1594 nix,
1601 1542 1633 1580 ι
1669 1525 1736 1584 et
1769 1542 1802 1581 «ι
1841 1517 2103 1606 qlacies
2128 1540 2161 1581 ι

610 1624 679 1690 in
719 1645 873 1691 aere
913 1646 996 1693 ex
1036 1624 1410 1714 vaporibus
1442 1623 1703 1714 frigidis
1743 1622 2159 1702 ethumidis,

610 1756 645 1795 e
684 1731 972 1821 spiritus
1012 1730 1509 1822 procellarum,
1545 1755 1580 1795 n
1648 1752 1732 1797 ex
1790 1730 2164 1820 vaporibus

606 1836 868 1928 frigidis
897 1846 965 1905 et
992 1839 1188 1906 siccis
1218 1859 1233 1905 ε
1278 1837 1538 1928 grando
1572 1839 1755 1906 enim
1796 1839 1874 1906 tit
1911 1839 1981 1905 in
2008 1861 2164 1929 par-

605 1952 673 2013 te
704 1946 877 2013 aeris
906 1946 1267 2036 superiori,
1318 1945 1572 2033 glacies
1620 1946 1690 2012 in
1730 1946 2061 2029 inferiori,
2096 1953 2164 2014 et

608 2053 727 2120 nix
759 2053 826 2120 in
869 2054 1117 2122 media.
1178 2052 1336 2120 Hoec
1382 2062 1611 2120 autem
1656 2055 1916 2133 omnia,
1987 2055 2165 2122 sicut.

606 2160 753 2229 vult
809 2160 1076 2241 Glossa,
1127 2163 1254 2230 etsi
1325 2160 1684 2229 mutabilia
1749 2172 1818 2230 et
1892 2162 2165 2231 turbida

606 2267 1055 2350 sint,habent
1117 2279 1346 2337 tamen
1408 2269 1661 2349 locum,
1725 2277 1791 2337 et
1849 2270 2159 2338 ordinem

607 2397 837 2455 suum,
895 2384 961 2443 et
1009 2384 1333 2444 creaturae
1388 2385 1572 2443 sunt.
1610 2375 1828 2443 Exod.
1873 2398 1969 2458 tx,
2014 2378 2099 2444 24
2135 2399 2150 2445 ε

611 2481 891 2551 Grando
948 2492 1013 2550 et
1050 2483 1236 2574 iqnis
1273 2483 1480 2551 mista
1523 2484 1794 2574 pariter
1826 2482 2157 2573 sereban-

608 2600 745 2660 tur.
816 2590 1012 2660 Unde
1063 2600 1276 2682 patet,
1338 2596 1500 2685 quia
1530 2595 1735 2662 etiam
1797 2593 2152 2662 obediunt.

600 2697 759 2780 Job,
803 2720 1062 2779 xxxvn,
1091 2700 1132 2767 6
1166 2722 1182 2768 ε
1218 2700 1545 2791 Praecipit
1601 2702 1753 2768 nivi
1781 2709 1859 2767 ut
1897 2701 2160 2768 descen·

600 2806 724 2873 dat
757 2828 966 2897 super
1029 2814 1303 2876 terram.
1352 2808 1432 2875 Et
1473 2808 1543 2875 in
1584 2807 1858 2885 eodem,
1898 2815 1964 2884 5.
2019 2808 2100 2876 10
2135 2828 2152 2875 ε

597 2910 850 2981 Flante
911 2914 1054 2979 Deo
1138 2911 1500 2979 concrescit
1556 2912 1747 3001 qelu.
1812 2908 2150 2979 Ezechiel.

595 3041 743 3097 xm,
816 3019 897 3087 13
941 3041 956 3085 ε
1032 3020 1418 3110 Erumpere
1477 3021 1744 3109 faciam
1826 3018 2156 3109 spiritum

598 3136 1078 3219 tempestatum
1140 3125 1210 3194 in
1283 3127 1766 3217 indiqnatione
1830 3148 2006 3195 mea.
2071 3125 2160 3194 Et

597 3234 730 3302 hoc
759 3244 861 3302 est
898 3234 1085 3325 quod
1135 3233 1343 3309 addit.
1379 3234 1489 3301 hic
1526 3254 1541 3301 :
1588 3262 1620 3295 «
1669 3235 1838 3318 Quae
1878 3233 2160 3322 faciunt

597 3334 876 3405 verbum
933 3337 1111 3427 ejus.
1167 3365 1197 3400 »
1236 3336 1308 3404 ln
1358 3335 1541 3406 Psal.
1575 3359 1709 3415 cvi,
1745 3338 1856 3415 23,
1892 3359 2101 3429 supra
2135 3355 2153 3401 ε

602 3446 835 3525 Dixit,
863 3456 927 3514 et
962 3447 1153 3514 stetit
1194 3447 1483 3539 spiritus
1513 3446 1866 3538 procellae,
1910 3454 2041 3515 etc.

699 3789 734 3828 ι
765 3765 1030 3831 Montes
1059 3773 1123 3832 et
1142 3787 1373 3833 omnes
1384 3765 1664 3834 eolles.»
1689 3767 1981 3844 Montes.
2007 3791 2158 3837 ma-

596 3872 784 3960 jores
804 3869 1220 3939 elevationes
1248 3880 1472 3952 terroe,
1491 3873 1703 3944 eolles
1721 3897 1919 3953 vero.
1939 3878 2157 3946 mino-

604 3997 733 4043 res.
763 3974 1032 4044 Daniel.
1055 3998 1152 4057 m,
1178 3978 1301 4045 75:
1328 3978 1740 4060 Benedicite,
1786 3992 2054 4050 montes
2091 3993 2158 4051 et

599 4082 834 4160 eolles,
888 4084 1206 4154 Domino.
1255 4084 1383 4153 lsa.
1418 4107 1525 4161 w,
1576 4089 1708 4157 12:
1771 4091 2042 4159 Montes
2091 4104 2158 4161 et

602 4190 815 4257 eolles
850 4189 1232 4259 cantabunt
1266 4214 1500 4259 eoram
1528 4192 1719 4263 vobis
1760 4195 2069 4268 laudem.

689 4432 721 4467 α
767 4405 992 4496 Liqna
1027 4407 1421 4496 fructifera.
1471 4424 1506 4471 iu
1558 4407 1688 4478 llic
1717 4410 1962 4481 invitat
1998 4416 2154 4482 aui-

596 4521 807 4592 mata,
832 4512 939 4581 vel
971 4515 1329 4583 materiam
1361 4515 1583 4583 laudis
1604 4537 1754 4586 esse
1787 4530 2146 4589 monstrat.

597 4620 681 4690 Et
710 4624 956 4713 primo,
991 4624 1423 4715 vegetabilia.
1471 4625 1820 4706 Secundo,
1851 4631 2152 4698 sensibi-

592 4727 710 4802 lia,
743 4726 860 4806 ibi,
898 4752 932 4794 ι
974 4729 1242 4798 Bestia».
1282 4755 1316 4795 ι
1369 4730 1625 4812 Tertio,
1687 4734 2146 4814 rationabilia,

593 4833 710 4905 ibi.
753 4840 818 4911 ὴ.
869 4836 936 4902 ll
991 4856 1009 4904 ε
1047 4862 1080 4900 ι
1116 4838 1332 4928 Beqes
1359 4848 1578 4907 terra
1619 4867 1652 4902 n

681 4942 1183 5033 Vegetabilium
1230 4948 1450 5038 tangit
1496 4947 1636 5016 duo
1666 4972 1944 5041 genera.
1990 4950 2150 5019 Pri-

588 5072 730 5127 mo,
765 5074 915 5141 quae
947 5052 1212 5121 suntad
1243 5076 1462 5122 esum.
1497 5054 1843 5134 Secundo,
1867 5081 2020 5151 quae
2060 5059 2145 5127 ad

584 5159 973 5235 aedilicium,
997 5159 1117 5237 ibi,
1155 5186 1190 5225 ι
1224 5163 1319 5229 Et
1337 5164 1799 5232 omnescedri.
1841 5194 1873 5227 n
1911 5165 2143 5234 l‘rima

585 5274 822 5333 eontra
858 5270 1416 5360 consumptivum
1456 5271 1745 5339 interius
1787 5273 1946 5341 data
1984 5283 2147 5344 sunt

659 5518 783 5579 ¹Cs.
806 5519 883 5575 111
911 5520 1051 5591 Rea.
1087 5537 1143 5589 v,
1169 5538 1223 5578 vi
1245 5488 1305 5579 et
1321 5538 1418 5582 vu.

1594 258 1681 327 D.
1734 257 1936 328 ALB.
1990 256 2209 329 MAG.
2263 256 2470 326 om).
2523 256 2788 324 PRAED

2278 445 2578 515 homini:
2614 443 2743 512 alia
2773 453 3007 512 contra
3044 442 3447 511 afflictivum
3487 445 3807 511 exterius.

2366 556 2450 623 Et
2481 556 2622 623 haec
2684 557 2913 622 omnia
2941 563 3101 622 sunt
3148 563 3502 622 creaturae.
3559 551 3805 619 Genes.

2280 689 2352 743 ιι,
2385 669 2425 734 9
2462 687 2477 734 :
2514 667 2852 734 Prodita-it
2881 666 3220 732 Dominus
3277 667 3457 732 Deus
3494 662 3577 729 de
3602 661 3812 727 humo

2275 794 2470 838 omne
2510 772 2777 860 liqnum
2812 771 3190 862 pulchrum
3231 771 3409 845 visu,
3461 779 3526 835 et
3567 767 3664 835 ad
3697 789 3812 833 ve-

2270 877 2589 943 scendum
2616 900 2844 949 suave.
2878 886 2942 945 et
2979 876 3164 944 dedit
3201 874 3461 944 homini
3495 877 3564 942 in
3591 895 3807 941 esum.

2274 981 2519 1050 Genes.
2560 1004 2626 1058 ιι,
2668 985 2746 1050 16
2781 1006 2795 1048 :
2843 986 2955 1049 Ea·
3018 986 3208 1051 omni
3248 983 3440 1072 liqno
3489 980 3815 1073 paradisi

2272 1090 2565 1169 comede,
2608 1089 2855 1157 scilicet
2911 1090 3061 1157 dedi
3100 1091 3300 1158 vobis
3331 1090 3565 1158 omnia
3595 1090 3807 1181 ligna,

2273 1220 2425 1289 quie
2458 1197 2705 1264 habent
2746 1199 2811 1262 in
2850 1198 3232 1287 semetipsis
3270 1208 3645 1264 sementem
3686 1218 3812 1286 ge-

2272 1307 2452 1372 neris
2486 1307 2617 1383 sui,
2651 1313 2724 1371 ut
2751 1308 2885 1372 sint
2920 1303 3115 1371 vobis
3156 1306 3226 1370 in
3257 1325 3505 1372 escam.
3542 1302 3811 1370 Simili-

2273 1419 2376 1479 ter
2403 1411 2659 1486 cedros,
2707 1421 2774 1479 et
2809 1409 2971 1478 talia
3035 1411 3243 1501 ligna,
3316 1411 3386 1477 in
3442 1409 3806 1477 aedilicium

2271 1528 2427 1606 apta
2464 1518 2737 1594 creavit,
2780 1525 2845 1584 et
2897 1515 3161 1584 homini
3217 1515 3424 1584 dedit.
3486 1514 3617 1584 Isa.
3666 1539 3802 1594 xm,

2275 1626 2356 1692 19
2391 1646 2407 1690 ε
2444 1623 2637 1691 Dabo
2679 1624 2748 1690 in
2798 1623 3172 1691 solitudine
3225 1623 3526 1699 cedrum,
3560 1634 3625 1691 et
3657 1625 3808 1714 spi-

2268 1753 2454 1799 nam.
2490 1731 2572 1798 Et
2613 1732 2903 1798 maxime
2958 1730 3141 1799 cedri
3193 1728 3444 1797 debent
3496 1730 3798 1809 laudare,

2269 1861 2419 1929 quae
2449 1836 2719 1905 suerunt
2757 1840 2822 1905 in
2854 1837 3300 1906 aedilicatione
3330 1836 3564 1927 templi
3600 1836 3726 1905 Dei
3752 1838 3798 1904 ¹.

2362 2183 2397 2225 α
2436 2159 2702 2234 Bestiae,
2735 2166 2799 2225 et
2826 2158 3141 2224 universa
3163 2178 3435 2248 pecora.
3472 2184 3506 2220 n
3541 2155 3666 2225 Hie
3697 2156 3809 2225 in-

2270 2267 2442 2334 vitat
2510 2265 2872 2333 sensibilia.
2926 2264 3012 2332 Et
3074 2268 3323 2356 primo,
3399 2265 3800 2355 gressibilia.

2273 2373 2902 2463 Secundo,reptilia,
2938 2371 3056 2452 ibi,
3093 2398 3126 2438 α
3158 2373 3536 2462 Serpentes.
3572 2400 3605 2435 ιο
3637 2372 3808 2440 Ter-

2271 2484 2393 2567 tio,
2421 2479 2749 2558 volatilia,
2780 2481 2900 2560 ibi,
2944 2508 2978 2544 ι
3008 2481 3108 2549 Et
3132 2481 3462 2549 volucres.
3501 2506 3535 2547 ι

2355 2586 2438 2657 Et
2469 2589 2537 2654 in
2576 2588 2815 2677 prima,
2848 2589 3064 2678 tangit
3086 2587 3305 2678 primo
3336 2587 3595 2676 majora
3619 2610 3807 2680 gres-

2266 2695 2511 2772 sibilia,
2536 2695 2651 2771 ibi,
2682 2721 2715 2761 α
2745 2697 3012 2763 Bestiae.
3051 2721 3085 2762 ι
3130 2695 3474 2778 Secundo,
3508 2700 3800 2777 minora,

2269 2807 2387 2884 ibi,
2433 2833 2463 2869 α
2499 2808 2592 2873 Et
2624 2807 2935 2873 universa
2957 2828 3231 2896 pecora.
3277 2830 3311 2871 ι

2356 2912 2520 2980 Iloec
2572 2914 2751 2980 enim
2808 2921 2965 2980 suut
3051 2919 3403 2980 creaturae.
3455 2912 3705 2982 Genes.
3750 2937 3796 2992 1,

2267 3021 2354 3089 24
2381 3042 2397 3088 z
2429 3020 2777 3088 Producat
2807 3030 2987 3088 terra
3018 3021 3328 3087 animam
3367 3021 3697 3089 viventem
3730 3024 3800 3089 in

2261 3154 2502 3224 qenere
2514 3155 2665 3212 suo,
2684 3131 3036 3223 jumenta,
3058 3143 3124 3201 et
3151 3132 3528 3224 reptilia,et
3557 3130 3804 3203 bestias

2263 3250 2478 3308 terrae.
2542 3240 2647 3318 Et,
2714 3241 2917 3330 paulo
2971 3264 3203 3331 supra,
3250 3248 3359 3318 „-
3421 3242 3496 3307 21
3551 3251 3618 3309 et
3647 3243 3731 3309 22
3778 3263 3795 3308 ε

2268 3346 2540 3415 Cre-avit
2575 3350 2839 3416 Deus...
2864 3369 3061 3416 omne
3094 3345 3383 3415 volatile
3421 3346 3799 3415 secundum

2260 3475 2709 3544 qenussuum.
2722 3506 2738 3523 .
2751 3506 2766 3520 .
2792 3453 3288 3545 Benedici-itque
3299 3455 3419 3535 eis,
3453 3454 3788 3523 dicenst...

2262 3563 2436 3630 Aves
2482 3562 3030 3653 multiplicentur
3087 3584 3297 3654 super
3333 3574 3612 3631 terram.

3936 2161 4068 2228 io

2350 3667 2590 3748 Aliter,
2631 3669 2716 3737 ab
2755 3667 2870 3738 illo
2899 3668 3050 3738 loco
3087 3692 3103 3738 ε
3139 3696 3175 3733 α
3207 3669 3525 3739 Laudate
3551 3670 3799 3740 Domi·
3846 3680 3953 3727 Μία
3969 3693 4121 3737 οινο-

3823 3736 3939 3781 niuo
3957 3743 4150 3783 verset·

2261 3799 2454 3860 num,
2474 3778 2557 3845 de
2582 3788 2788 3861 terra,
2812 3778 3158 3856 dracones,
3191 3787 3357 3848 etc.·
3391 3780 3802 3861 Draco,dia-
3907 3791 3997 3835 ὀ·
4021 3790 4067 3836 ⁸·

2262 3883 2483 3954 bolus.
2537 3884 2814 3976 Apocal.
2856 3909 2974 3968 xu,
3017 3886 3057 3954 3
3114 3908 3130 3953 t
3174 3887 3268 3953 Et
3316 3886 3544 3955 cauda
3615 3887 3793 3977 ejus,

2265 3993 2518 4063 scilicet
2572 3994 2907 4072 draconis,
2959 3992 3275 4062 trahebat
3328 3996 3601 4063 tertiam
3632 4018 3802 4086 par·

2262 4113 2396 4169 tem
2439 4102 2827 4179 stellarum,
2888 4102 2971 4170 de
3033 4111 3210 4171 terra
3274 4103 3658 4172 viventium
3725 4105 3794 4172 in

2260 4232 2394 4303 qua
2416 4208 2726 4277 conditus
2752 4208 2901 4290 suit,
2934 4220 3000 4277 et
3027 4209 3218 4278 misit
3243 4233 3360 4278 eas
3388 4212 3460 4279 in
3511 4221 3793 4292 terram,

2262 4314 2516 4382 scilicet
2568 4322 2993 4382 mortuorum
3050 4321 3118 4381 et
3196 4314 3662 4397 tenebrosam,
3731 4322 3797 4384 et

2260 4429 2564 4512 opertam
2621 4422 2854 4489 mortis
2902 4419 3191 4514 caligine
3222 4423 3270 4489 ⁸.
3326 4419 3461 4490 Sed
3513 4419 3626 4490 hic
3689 4431 3794 4491 est

2259 4526 2476 4596 laudis
2533 4532 2811 4597 materia
2875 4550 3030 4596 cum
3079 4527 3401 4597 omuibus
3464 4528 3632 4606 suis,
3672 4529 3792 4620 qui

2256 4635 2607 4703 ordinatus
2635 4644 2733 4703 est
2775 4656 2814 4702 a
2848 4634 2987 4704 Deo
3044 4634 3114 4702 in
3181 4657 3406 4725 poena.
3458 4633 3786 4704 Ezechiel.

2256 4763 2440 4820 xxix,
2474 4744 2515 4812 3
2568 4766 2584 4809 τ
2626 4744 2796 4811 Ecce
2837 4765 2960 4833 eqo
3015 4742 3115 4810 ad
3162 4752 3340 4823 te,...
3381 4740 3589 4810 draco
3637 4765 3794 4810 ma-

2250 4876 2406 4944 qne,
2473 4856 2596 4946 qui
2665 4853 2872 4921 cubas
2962 4854 3035 4921 in
3100 4853 3325 4921 medio
3412 4853 3788 4942 fluminum

2252 4962 2576 5054 AE’qypti.
2611 4960 2719 5040 Et,
2774 4959 3055 5050 Apoeal.
3123 4981 3242 5040 xx,
3276 4960 3317 5027 2
3352 4981 3370 5028 ε
3401 4961 3790 5052 Appi-elien·

2253 5069 2356 5135 dit
2381 5067 2683 5159 Angelus
2737 5066 3118 5142 draconem,
3167 5076 3540 5156 serpentem
3600 5067 3788 5134 anti·

2249 5199 2576 5268 quum,...
2610 5187 2673 5243 et
2710 5175 2955 5266 liqacit
2999 5196 3179 5243 eum.
3213 5173 3321 5253 Et,
3378 5172 3660 5252 insted.
3685 5174 3727 5242 9
3762 5195 3781 5241 :

2249 5286 2501 5353 Missus
2526 5292 2624 5352 est
2659 5283 2730 5350 in
2755 5293 3077 5373 stayneem
3109 5283 3293 5375 iqnis
3318 5292 3382 5350 et
3398 5280 3780 5372 sulphuris,

2246 5543 2356 5605 tar,
2386 5535 2461 5591 ad
2510 5542 2713 5593 terram
2760 5535 3113 5628 tenebrosam,
3168 5537 3240 5627 et·
3276 5535 3525 5631 opertam
3584 5531 3781 5589 mortis

654 5610 679 5649 ¹
702 5609 906 5682 Job‚x,
927 5611 989 5667 il
1024 5626 1041 5668 t
1097 5613 1412 5684 Antequam
1457 5615 1685 5687 vadam,
1707 5623 1763 5675 et
1787 5635 1900 5677 non
1952 5637 2141 5681 rever*-
2243 5623 2504 5695 eatioine.
