5008 6329
450 4179 510 4251 2

374 4288 592 4336 secund·

329 4343 643 4403 por-Pam

721 323 853 410 404

724 568 756 604 «
798 552 862 609 et
889 564 1100 632 quam
1116 540 1548 630 jucundum,
1585 563 1617 605 ιι
1643 539 1712 606 id
1742 547 1864 615 est,
1910 559 2113 626 quam
2146 536 2269 603 de-

717 645 1056 725 lectabile,
1094 674 1126 713 a
1182 647 1500 716 habitare
1539 649 1799 736 fratres
1840 646 1911 710 in
1952 666 2190 734 unu-m,
2229 669 2261 708 n

718 757 1032 846 quamvis
1099 759 1241 824 suis
1302 753 1628 846 gradibus
1694 762 1761 819 et
1832 752 2075 820 officiis
2131 753 2266 819 sint

715 862 1035 934 distincti.
1078 865 1352 932 Bonum
1385 883 1548 950 ergo
1598 869 1742 927 erat
1789 868 1854 927 et
1882 860 2264 948 jucundum

717 968 1024 1040 habitare
1055 974 1125 1040 in
1156 970 1506 1061 primitiva
1534 967 1859 1047 Ecclesia,
1895 968 1976 1037 de
2006 991 2142 1058 qua
2169 967 2265 1034 di-

709 1079 903 1158 citur,
926 1079 1181 1155 Act.1v,
1205 1078 1288 1145 32
1311 1076 1827 1143 :Multitudinis
1848 1075 2261 1143 credentium

708 1192 856 1251 erat
892 1207 1007 1251 cor
1036 1205 1279 1261 unum,
1323 1192 1387 1249 et
1430 1183 1670 1250 anima
1700 1205 1863 1249 una.
1898 1181 2120 1260 Eccle,
2164 1204 2254 1258 iv,

708 1292 747 1356 9
807 1298 872 1356 et
924 1290 1002 1357 10
1048 1312 1064 1360 :
1129 1290 1386 1358 Melius
1451 1300 1549 1356 est
1603 1289 1776 1356 duos
1828 1312 1964 1356 esse
2015 1289 2251 1365 simul,

704 1419 916 1485 quam
958 1420 1176 1465 unum
1235 1421 1259 1465 .·
1306 1397 1561 1464 liabent
1614 1397 1797 1463 enim
1835 1398 2259 1464 emolumen-

704 1515 852 1572 tum
878 1509 1224 1575 societatis
1250 1528 1393 1572 suae
1424 1527 1446 1570 .·
1474 1506 1539 1572 si
1576 1527 1757 1572 unus
1794 1505 2127 1586 ceciderit,
2162 1504 2249 1573 ab

701 1611 917 1679 altero
944 1614 1305 1703 fulcietur.
1342 1610 1606 1696 Dicitur
1633 1620 1884 1690 autem,
1919 1611 2247 1680 Proverb.

699 1738 886 1795 xvm,
926 1719 1005 1784 19
1043 1739 1058 1785 ε
1091 1719 1341 1784 Frater
1368 1716 1493 1804 qui
1520 1713 1906 1803 adjuvatur
1933 1738 1975 1780 α
2001 1716 2244 1803 fratre,

698 1825 899 1913 quasi
925 1825 1168 1892 civitas
1195 1824 1430 1911 firma.
1480 1821 1770 1912 Propter
1821 1820 1953 1890 hoc
2017 1832 2249 1890 monet

698 1930 976 2010 Paulus,
1022 1932 1108 1999 ad
1150 1930 1403 2019 Philip.
1438 1952 1509 2006 11,
1554 1931 1621 2008 2,
1692 1930 1775 1997 ad
1815 1928 1991 1998 lianc
2020 1932 2245 1998 unita-

695 2047 832 2106 tem
868 2060 884 2104 :
923 2039 1112 2106 Idem
1140 2038 1460 2128 sapiatis,
1492 2037 1803 2103 eamdem
1839 2036 2242 2105 charitatem

690 2144 1032 2225 liabentcS,
1067 2145 1452 2222 unanimes,
1513 2143 1819 2235 idipsum
1856 2147 2234 2212 sentientes,

692 2252 825 2321 Pro
861 2253 988 2322 hac
1025 2264 1100 2321 ut
1137 2255 1280 2321 suis
1320 2251 1517 2319 detur
1569 2274 1610 2318 a
1644 2252 1839 2320 Patre
1871 2262 2018 2320 orat
2040 2252 2239 2320 Chri-

689 2374 857 2439 stus,
908 2365 1302 2438 Joan.xvu,
1365 2363 1450 2428 22
1496 2383 1513 2428 ε
1567 2360 1973 2431 Claritatem
2027 2384 2235 2452 quam

688 2471 937 2539 dedisti
964 2472 1161 2547 milti,
1215 2468 1376 2536 dedi
1404 2470 1523 2545 eiS,
1559 2479 1637 2535 ut
1662 2470 1801 2536 sint
1831 2491 2069 2546 unum,
2112 2470 2235 2536 sic·

689 2589 766 2646 ut
827 2590 892 2647 et
952 2601 1076 2646 nos
1132 2599 1352 2645 unum
1399 2598 1665 2643 sumus,
1710 2574 1844 2644 Sed
1893 2585 2067 2643 certe
2108 2578 2234 2644 vix

685 2681 1031 2750 invenitur
1067 2682 1217 2751 haec
1264 2683 1491 2748 unitas
1520 2679 1706 2747 utilis
1743 2681 2134 2768 etjucunda
2166 2683 2232 2748 in

682 2790 1191 2881 possidentibus
1228 2776 1519 2857 terrena.
1559 2786 1819 2855 Dicitur
1855 2790 2065 2868 enim,
2098 2788 2236 2856 Ge-

684 2920 829 2979 nes,
884 2921 999 2977 xv,
1065 2901 1171 2976 10,
1233 2896 1420 2988 quod
1464 2895 1790 2963 animalia
1826 2894 2100 2964 l'uerunt
2144 2896 2236 2965 di·

681 3006 827 3072 visa
890 3005 960 3072 in
1017 3003 1353 3072 sacrificio
1417 3000 1739 3080 Abrahae.
1807 3025 1969 3071 aves
2005 3011 2231 3071 autem

680 3110 914 3181 divisae
945 3133 1084 3180 non
1122 3110 1434 3179 fuerunt:
1476 3106 1609 3179 hoc
1636 3117 1761 3192 est,
1785 3109 2141 3179 saeculares
2171 3118 2236 3179 et

682 3226 947 3287 terrena
990 3216 1420 3308 possidentes
1457 3214 1653 3284 divisi
1713 3222 1875 3283 sunt
1928 3214 2012 3283 ab
2054 3217 2236 3284 invi-

681 3348 829 3393 cem
881 3326 1056 3393 sicut
1130 3323 1587 3415 possessione,
1656 3322 1753 3391 sic
1810 3334 1989 3392 certe
2072 3324 2235 3393 dile·

682 3435 929 3502 ctione.
964 3432 1211 3501 Genes.
1247 3453 1393 3511 xui,
1425 3431 1501 3497 7:
1543 3431 1730 3498 Rea-a
1764 3432 1960 3518 lacta
1989 3442 2084 3499 est
2122 3433 2234 3500 in-

683 3552 784 3608 ter
839 3552 1151 3632 pastores
1221 3560 1514 3628 qrcqum
1566 3537 1825 3605 Abram
1907 3549 1971 3606 et
2026 3541 2224 3608 Lotlz.

684 3646 821 3716 Sed
848 3671 1036 3727 aves,
1082 3647 1150 3714 id
1180 3653 1308 3722 est,
1352 3645 1480 3712 viri
1528 3645 2084 3737 contemplationi
2116 3669 2231 3715 va·

677 3764 931 3833 cantes,
975 3765 1245 3825 terrena
1274 3752 1722 3833 dimittentes,
1755 3775 1897 3821 non
1932 3763 2091 3822 sunt
2127 3755 2229 3823 di-

673 3883 826 3929 visi.

766 4203 801 4244 α
845 4177 1045 4247 Sicut
1074 4179 1533 4266 unquentum.
1571 4200 1605 4237 a·
1648 4172 1778 4243 llic
1818 4175 2217 4258 secundum,

676 4287 744 4353 in
773 4309 912 4376 quo
940 4284 1187 4376 probat
1219 4282 1650 4375 praemissam
1678 4285 2222 4355 commendatio-

671 4416 830 4462 nem
887 4414 1011 4485 per
1094 4388 1489 4481 exemplum
1555 4391 1806 4481 primo.
1872 4392 2212 4480 Secundo,

668 4522 790 4590 per
810 4499 1131 4578 fructum,
1176 4495 1300 4578 ibi,
1344 4497 1415 4564 in
1453 4496 1681 4566 medio
1717 4504 1781 4575 ἵ.
1816 4499 1856 4567 3
1898 4521 1915 4566 :
1954 4526 1986 4566 α
2024 4505 2217 4586 Quo-

661 4605 851 4673 niam
874 4604 1027 4673 illic
1053 4601 1440 4672 mandavit.
1476 4626 1510 4667 2
1554 4600 1961 4693 Exemplum
1987 4614 2210 4674 autem

661 4710 911 4803 duplex
963 4713 1180 4803 ponit.
1245 4709 1558 4779 Primum
1598 4717 1700 4778 est
1761 4709 1844 4778 de
1892 4713 2210 4782 unctione

661 4842 1092 4888 summorum
1144 4816 1601 4887 sacerdotum.
1665 4814 2085 4898 Secundum,
2127 4819 2208 4888 de

660 4928 1061 4996 irroratione
1111 4925 1479 5010 montium,
1532 4923 1651 5010 ibi,
1689 4933 1755 5002 ὴ.
1809 4926 1899 4994 3:
1946 4953 1981 4990 ι
2012 4928 2209 4996 Sicut

654 5059 766 5106 ros
792 5039 1121 5106 Hermon.
1160 5061 1194 5102 2

742 5143 986 5213 Unctio
1026 5142 1436 5234 impinguat,
1479 5147 1545 5209 et
1584 5142 1896 5211 irroratio
1943 5143 2205 5213 foecun-

651 5251 787 5320 dat.
832 5251 1145 5320 Primum
1187 5254 1262 5318 tit
1311 5250 1381 5316 in
1412 5250 1687 5340 signum
1739 5247 2043 5329 honoris,
2085 5276 2201 5319 sa-

647 5357 1005 5428 cerdotalis
1056 5356 1316 5428 scilicet
1354 5354 1728 5447 dignitatis,
1774 5354 2191 5442 Secundum,

640 5466 731 5543 ud
765 5465 1131 5537 utilitatem
1168 5464 1623 5536 fertilitatum.

710 5700 729 5735 ¹
769 5696 858 5754 ct.
886 5694 1069 5754 Levit.
1098 5708 1265 5764 xvm,
1301 5693 1388 5749 ¹2.

1716 340 1803 409 D.
1856 341 2054 410 ALB.
2108 332 2326 406 MAG.
2378 334 2585 405 ORD.
2637 335 2940 409 PRAED.

2466 531 2543 598 ln
2596 534 2815 624 prima
2873 535 3008 604 duo
3067 537 3407 604 dicuntur.
3480 536 3744 616 Primo,
3812 554 3938 625 per

2370 641 2760 729 exemplum
2828 644 3125 711 ostendit
3181 645 3291 712 cui
3348 644 3594 711 similis
3655 650 3758 710 est
3815 641 3933 708 illa

2367 744 2772 815 charitativa
2802 751 2995 817 unio.
3044 749 3390 829 Secundo,
3426 752 3495 817 in
3528 772 3667 841 quo
3697 750 3785 818 sit
3815 747 3933 815 illa

2367 854 2764 933 similitudo,
2812 857 2931 934 ibi,
2981 885 3014 920 α
3054 858 3257 942 Quod
3301 858 3671 925 descendit.
3716 882 3748 922 »

2453 964 2636 1031 Dicit
2663 987 2827 1054 ergo
2865 989 2880 1033 ε
2936 966 3053 1034 Sic
3090 967 3257 1046 dixi,
3330 968 3516 1058 quod
3579 967 3820 1034 fratres
3852 966 3923 1032 in

2364 1095 2579 1139 unum
2611 1073 2919 1143 habitare
2950 1085 3054 1143 est
3099 1077 3388 1155 bonum,
3434 1086 3503 1144 et
3543 1076 3735 1157 utile,
3770 1076 3933 1165 quia

2376 1188 2477 1246 est
2533 1209 2563 1242 α
2637 1182 2819 1248 sicut
2884 1193 3309 1274 unquentum
3358 1209 3391 1247 ι
3446 1184 3746 1250 existens
3778 1207 3812 1248 α
3857 1183 3930 1249 in

2370 1286 2594 1375 capite
2637 1311 2668 1351 n
2711 1290 2966 1354 summi
3008 1290 3381 1358 sacerdotis
3425 1316 3457 1356 α
3509 1292 3748 1359 Aaron
3778 1302 3825 1366 ¹,
3888 1313 3922 1354 2

2358 1392 2427 1457 in
2459 1392 2749 1482 liguram
2791 1396 3134 1464 unctionis
3164 1396 3562 1488 spiritualis,
3608 1418 3762 1487 quae
3794 1394 3924 1462 fuit

2358 1497 2426 1562 in
2473 1498 2767 1576 Clu-isto,
2813 1504 2931 1592 qui
2964 1510 3066 1569 est
3132 1512 3359 1593 caput.
3417 1502 3524 1569 Ad
3565 1501 3826 1570 Coloss.
3870 1523 3920 1582 1,

2363 1606 2439 1670 18
2503 1626 2518 1670 :
2572 1606 2727 1696 lpse
2775 1618 2874 1674 cst
2937 1620 3148 1699 caput
3190 1610 3499 1699 corporis
3555 1608 3909 1677 Ecclesiae.

2352 1710 2571 1803 Caput
2602 1714 2956 1782 inunctum
2992 1717 3314 1785 unctione
3336 1717 3702 1808 spirituali.
3728 1715 3916 1785 Psal.

2350 1841 2531 1903 xciv,
2565 1820 2631 1899 8,
2666 1843 2918 1911 supra:
2954 1824 3167 1892 Unxit
3186 1834 3253 1891 te
3275 1827 3491 1903 Deus,
3526 1827 3708 1892 Deus
3729 1833 3913 1904 tuuS,

2348 1928 2495 1994 oleo
2539 1928 2819 1996 laetitiae.
2857 1928 2988 1997 lsa.
3026 1953 3164 2011 mu,
3215 1933 3243 1998 1
3278 1953 3294 1997 :
3331 1932 3648 2021 Spiritus
3675 1931 3917 1999 Domi·

2346 2035 2422 2099 ni
2453 2056 2665 2124 super
2700 2056 2832 2115 me,
2877 2059 2953 2103 eo
3020 2037 3213 2128 quod
3249 2039 3536 2105 unxerit
3572 2039 3922 2106 Dominus

2346 2163 2451 2206 mc
2479 2151 2528 2219 ¹,
2567 2145 2886 2211 unctione
2961 2166 3087 2211 sua
3172 2144 3515 2213 odorifera
3572 2144 3795 2222 valde,
3850 2152 3918 2212 et

2344 2250 2730 2317 attractiva.
2795 2251 3057 2320 Cantic.
3128 2275 3174 2331 ι,
3234 2253 3273 2320 3
3328 2275 3342 2318 :
3413 2254 3783 2321 Curremus
3843 2253 3912 2318 in

2342 2355 2616 2423 odorem
2659 2368 3173 2448 unquentorum
3214 2369 3523 2428 tuorum.

2437 2598 2467 2629 «ι
2525 2568 2731 2651 Quod
2776 2568 3148 2638 descendit.
3198 2595 3229 2635 n
3293 2569 3420 2637 llic
3487 2569 3785 2637 ostendit
3832 2569 3902 2636 in

2341 2698 2476 2765 quo
2517 2676 2928 2757 similitudO,
2972 2678 3134 2767 quia
3175 2680 3244 2745 in
3290 2678 3590 2747 duobuS.
3634 2678 3711 2744 ln
3769 2676 3903 2745 dit'-

2342 2781 2604 2850 fusione
2660 2784 2866 2871 liujus
2917 2786 3252 2875 ungue-nti
3298 2785 3369 2851 in
3413 2789 3796 2876 proximoS,
3834 2792 3901 2853 et

2341 2892 2597 2979 priores
2643 2902 2943 2960 sanctos.
2989 2891 3335 2972 SecundO,
3382 2894 3450 2959 in
3499 2894 3899 2961 extensione

2342 3001 2544 3067 etiam
2593 3001 2660 3068 in
2691 3011 3106 3092 postremos,
3149 3001 3271 3085 ibi,
3309 3027 3343 3068 ι
3383 3003 3589 3087 Quod
3639 3001 3907 3071 descen-

2341 3107 2445 3176 dit
2476 3110 2546 3177 iu
2586 3133 2809 3181 oram.
2848 3138 2884 3175 n

2428 3217 2606 3285 llicit
2634 3240 2843 3309 ergo:
2881 3219 2998 3287 Sic
3025 3228 3128 3288 est
3156 3220 3333 3289 sicut
3359 3228 3796 3312 unguentum
3829 3219 3899 3287 in

2336 3324 2577 3414 capite,
2625 3351 2657 3391 α
2736 3326 2947 3416 quod,
3024 3353 3056 3390 ι
3100 3325 3368 3418 supple,
3433 3335 3894 3417 unguentum,

2339 3457 2371 3487 «ι
2417 3426 2758 3495 descendit
2801 3454 2835 3495 2
2896 3452 2937 3496 a
2973 3430 3220 3520 capite,
3273 3455 3305 3495 ι
3357 3430 3427 3496 iu
3480 3428 3769 3497 barbam
3802 3453 3826 3497 .·
3860 3458 3894 3491 a

2335 3536 2431 3604 sic
2458 3536 2543 3605 ud
2566 3536 2858 3605 litteram
2892 3537 3098 3607 tiebat
3127 3538 3196 3605 in
3226 3540 3480 3606 summi
3516 3539 3897 3607 sacerdotis

2335 3645 2669 3714 materiali
2707 3647 3054 3715 unctione.
3102 3648 3219 3715 Sic
3256 3668 3297 3714 a
3341 3645 3618 3716 Christo
3671 3647 3896 3738 capite

2335 3754 2564 3821 unctio
2590 3752 2942 3823 charitatis
2966 3755 3040 3822 in
3087 3753 3374 3823 barbam
3405 3755 3790 3838 descendit,
3823 3755 3896 3824 in

2330 3859 2822 3950 Apostolorum
2909 3861 3167 3932 scilicet
3253 3863 3894 3953 congregationem,

2332 3967 2448 4056 qui
2478 3976 2831 4059 tamquam
2873 3966 3161 4037 barbam
3192 3966 3646 4037 ostenderunt
3705 3967 3895 4038 Chri·

2329 4075 2413 4143 sti
2470 4074 2965 4145 tortitudinem.
3024 4076 3231 4145 Joan.
3294 4098 3394 4156 m,
3464 4076 3601 4143 34:
3679 4077 3896 4161 Quem

2328 4179 2517 4246 'nisit
2578 4181 2793 4262 Deus,
2862 4179 3068 4247 verba
3114 4179 3249 4247 Dei
3297 4179 3613 4270 quuitur
3668 4202 3692 4246 .·
3756 4203 3894 4248 non

2325 4287 2507 4353 enim
2545 4285 2646 4355 ad
2693 4309 3091 4357 mansuram
3135 4286 3260 4356 dat
3306 4288 3497 4355 Deus
3529 4287 3886 4377 spiritum,

2324 4391 2445 4460 sed
2497 4392 3021 4476 redundantem,
3056 4403 3132 4463 ut
3194 4393 3429 4462 effluat
3473 4393 3546 4460 in
3603 4391 3887 4463 barbam

2323 4499 2495 4587 ejus.
2527 4499 2821 4581 Quando
2853 4501 3064 4571 Filius
3093 4501 3393 4571 ostendit
3420 4523 3495 4570 se
3523 4497 3881 4570 hominem

2324 4605 2601 4701 factum,
2644 4609 2729 4675 ab
2777 4609 2929 4699 ipso
2983 4610 3201 4701 capite
3242 4607 3593 4677 descendit
3658 4608 3881 4699 gratia

2323 4714 2391 4780 in
2418 4723 2671 4782 coetum
2701 4714 3209 4807 Apostolicum.

2409 4847 2441 4887 α
2476 4821 2784 4891 Barbam
2810 4825 3072 4892 Aaron.
3115 4850 3148 4887 ο
3201 4821 3369 4893 naec
3397 4820 3629 4891 barbae
3670 4822 3880 4915 repli-

2315 4930 2492 4998 catio
2523 4930 2864 5023 duplicem
2904 4930 3224 5023 designat
3260 4930 3762 5009 tortitudinem,
3808 4930 3880 4998 in

2314 5037 2565 5104 sanctis
2601 5038 2864 5129 primis,
2912 5036 3130 5105 firmis
3174 5035 3436 5107 scilicet
3492 5035 3870 5127 Apostolis,

2313 5140 2381 5208 in
2411 5166 2642 5233 opere,
2693 5153 2760 5212 et
2820 5145 2888 5211 in
2948 5143 3102 5211 tidei
3143 5144 3599 5213 confessione.
3642 5143 3878 5211 Prima

2309 5263 2536 5318 carent
2566 5252 2798 5319 lide-les
2829 5253 3085 5320 iulii-mi
3123 5272 3142 5323 ε
3191 5252 3490 5321 secunda
3524 5275 3688 5320 vero
3727 5250 3875 5319 liu:-

2308 5359 2496 5429 retici
2557 5384 2574 5429 ε
2654 5360 2835 5430 unde
2901 5362 3122 5453 quasi,
3167 5361 3525 5431 dimidiam
3584 5360 3869 5430 barbam

2302 5462 2557 5536 habent
2585 5476 2880 5538 tantum.
2917 5466 2981 5535 11
3019 5465 3193 5562 Reg.
3223 5492 3296 5551 x,
3330 5468 3374 5537 4
3403 5476 3477 5537 et
3500 5490 3647 5561 seq.
3658 5519 3680 5556 ‚
3722 5467 3867 5537 Ha·

2367 5696 2392 5733 ⁸
2416 5695 2504 5755 ct.
2536 5676 2787 5767 Lucssiv,
2810 5678 2901 5754 ¹8.
