5008 6329
605 282 733 349 462

603 455 791 543 petii,
835 463 901 521 et
944 477 984 521 o
1012 476 1137 520 vos
1166 475 1432 534 omneS,
1477 454 1647 519 seire
1679 450 1937 519 debetis
1978 475 2156 542 quo-

605 561 788 628 niam
826 590 857 622 α
889 562 1041 626 dixi
1069 561 1396 638 Domino,
1445 586 1477 624 »
1539 584 1655 628 cor
1705 560 2007 652 dirigens
2070 561 2154 628 ad

604 669 888 756 ipsum.:
926 693 958 731 α
1006 670 1193 734 Deus
1247 691 1434 736 meus
1473 693 1541 737 es
1596 680 1694 735 tu.
1755 694 1786 734 n
1852 669 2147 749 Baruch,

602 795 699 850 ιιι,
738 776 777 841 6
812 800 826 840 :
876 776 972 842 Tu
1028 799 1095 842 es
1136 780 1485 846 Dominus
1539 782 1726 847 Deus
1767 788 1996 844 noster
2035 798 2050 844 ε
2091 787 2153 842 et

604 880 1050 953 laudabimus
1098 896 1184 967 te,
1248 888 1570 957 Domine.
1643 887 1918 951 Denter.
1958 906 2147 962 xxw,

607 992 686 1058 17
723 994 1141 1061 :Dominum
1198 995 1467 1084 eleqisti
1503 992 1729 1070 hodie,
1783 998 1860 1057 ut
1894 992 1986 1056 sit
2026 989 2152 1057 tibi

611 1101 815 1177 Deus,
851 1107 977 1168 etc.

690 1203 774 1271 Et
801 1204 931 1272 hoc
951 1206 1152 1272 etiam
1185 1203 1324 1271 dixi
1364 1226 1378 1269 :
1425 1232 1457 1265 «
1478 1203 1796 1282 Exaudi,
1820 1204 2142 1281 Domine,

599 1333 823 1377 vocem
869 1309 1360 1402 deprecationis
1406 1334 1593 1379 mese.
1636 1340 1667 1372 n
1711 1310 1887 1391 Quia
1925 1310 2148 1379 humi-

599 1412 691 1479 lio
730 1413 951 1480 mein
1007 1413 1133 1481 hac
1187 1416 1640 1496 confessione,
1708 1425 1775 1485 et
1834 1415 1966 1483 hoc
2021 1415 2146 1482 tibi

598 1518 839 1608 placet.
861 1519 899 1586 J
910 1520 1124 1600 udith,
1160 1545 1251 1605 ix,
1279 1525 1318 1590 (5
1344 1547 1365 1590 .·
1405 1524 1802 1591 Ilumilium
1842 1532 1908 1590 et
1940 1545 2146 1589 man-

590 1637 941 1696 suetorum
971 1653 1233 1722 semper
1259 1630 1389 1698 tibi
1410 1632 1684 1721 placuit
1730 1632 2137 1721 deprecatio.

593 1736 860 1807 Daniel.
904 1743 1115 1821 121,ss
1180 1764 1195 1808 :
1248 1728 1565 1818 Exaudi,
1639 1742 1825 1807 Deus
1890 1750 2139 1819 noster,

593 1846 970 1954 orationem
1004 1847 1183 1913 servi
1219 1847 1348 1912 tui.

685 2185 718 2225 α
757 2159 1070 2235 Domine,
1116 2159 1431 2235 Domine,
1505 2160 1743 2225 virtus.
1792 2183 1826 2224 a
1861 2159 1991 2227 Hic
2038 2181 2141 2227 as·

588 2269 811 2358 signat
876 2288 1111 2334 causas
1155 2288 1295 2332 suae
1353 2265 1825 2347 confessionis,
1886 2265 2141 2336 scilicet

587 2395 796 2463 quare
833 2372 1047 2440 Deum
1123 2394 1324 2439 suum
1382 2379 1446 2440 et
1512 2371 1884 2440 Dominum
1944 2396 2140 2464 repu-

583 2487 681 2548 tat
721 2502 737 2547 z
778 2487 847 2548 et
874 2488 1033 2546 sunt
1080 2478 1253 2546 duze.
1329 2477 1586 2556 Prima,
1635 2480 1796 2570 quia
1842 2483 2137 2570 gratiam

583 2589 899 2657 veniendi
937 2589 1022 2656 ad
1073 2588 1363 2657 salutem
1415 2598 1710 2680 praestat.
1791 2589 2131 2669 Secunda,

583 2701 742 2788 quia
776 2699 842 2764 in
882 2707 1048 2763 aestu
1080 2695 1627 2780 tribulationum,
1691 2706 1756 2764 et
1806 2701 2139 2767 tentatio-

581 2827 747 2872 num
786 2803 1026 2873 ardore
1087 2804 1456 2894 refrigerat,
1492 2805 1612 2884 ibi,
1661 2833 1689 2868 ι
1744 2805 2138 2874 Obumbra-

579 2914 675 2980 sti
709 2934 939 3003 super.
977 2936 1011 2977 ι

669 3021 850 3088 Dicit
886 3043 1050 3112 ergo
1096 3042 1112 3089 ε
1162 3020 1313 3088 Dixi
1356 3020 1543 3111 quod
1581 3021 1765 3089 Deus
1830 3045 2026 3091 meus
2064 3045 2136 3091 es

577 3136 678 3202 tu.
720 3139 786 3198 et
811 3151 1049 3197 verum
1084 3127 1221 3196 dixi
1256 3150 1272 3197 z
1311 3129 1469 3221 quia
1500 3151 1542 3197 o
1576 3156 1610 3191 «
1650 3130 1961 3209 Domine,
1996 3134 2138 3200 Do·

576 3239 759 3305 mine
790 3261 805 3305 ε
843 3262 877 3303 ι
914 3240 1208 3308 Domine
1240 3262 1359 3329 per
1397 3241 1843 3318 creationem,
1903 3243 2138 3309 Domi·

574 3367 659 3412 ne
729 3366 849 3436 per
931 3344 1448 3426 recreationem,
1520 3344 1786 3435 supple,
1885 3353 1959 3413 tu
2063 3370 2134 3414 es

585 3481 616 3517 α
672 3455 889 3522 virtus
951 3454 1208 3523 salutis
1257 3477 1445 3536 meae,
1506 3480 1540 3521 ι
1582 3458 1800 3524 virtus
1849 3455 2129 3539 scilicet,

573 3583 710 3652 qua
755 3562 1152 3653 pervenitur
1218 3561 1303 3630 ad
1357 3562 1676 3631 salutem.
1743 3563 2010 3632 Daniel.
2055 3587 2127 3643 ιι,

571 3669 658 3738 20
704 3669 1126 3759 :Sapientia
1181 3680 1245 3737 et
1307 3669 1654 3758 fortitudo
1720 3670 1876 3760 ejus
1937 3681 2124 3738 sunt.

574 3772 634 3840 11
669 3773 832 3866 Reg.
902 3797 1068 3855 χχιι,
1137 3778 1178 3843 2
1232 3799 1248 3844 :
1305 3778 1645 3845 Dominus
1692 3787 1894 3869 petra
1949 3801 2125 3858 meo,

570 3892 635 3950 et
669 3881 882 3951 robur
917 3904 1173 3964 meum,
1206 3892 1271 3951 et
1297 3883 1612 3952 salvator
1641 3907 1855 3953 meus.

662 4123 697 4165 ι
743 4098 1188 4170 obumbrasti
1235 4120 1465 4189 super.
1544 4125 1576 4160 n
1641 4096 1810 4165 Ecce
1878 4120 2130 4167 secun-

568 4207 766 4276 dum.
809 4206 1017 4287 Quasi
1058 4206 1308 4274 diceret
1345 4228 1361 4273 ε
1399 4204 1515 4272 Sic
1542 4207 1897 4273 veritatem
1964 4229 2128 4296 prae·

566 4322 803 4396 stas,et
832 4314 1037 4382 etiam
1072 4340 1107 4376 «
1147 4310 1601 4393 obumbrasti,
1628 4335 1662 4376 ι
1697 4312 2121 4405 refrigerium

565 4419 974 4513 praestanda,
1012 4449 1047 4485 α
1075 4443 1283 4512 super
1309 4430 1522 4513 caput
1567 4443 1820 4501 meum,
1859 4446 1891 4486 ι
1927 4445 2125 4490 men-

563 4536 705 4597 tem
735 4528 992 4596 seilicet
1021 4549 1275 4606 meam,
1324 4526 1536 4596 robur
1590 4528 1826 4619 gratim
1877 4537 1946 4597 et
2003 4552 2123 4598 ro-

565 4658 707 4704 rem
749 4633 1199 4714 infundendo,
1254 4662 1291 4699 ι
1344 4636 1416 4702 in
1474 4633 1589 4702 die
1637 4633 1826 4712 belli,
1884 4645 2121 4706 contra

563 4743 1017 4811 tentationum
1074 4750 1141 4810 et
1196 4740 1718 4808 tribulationum
1776 4740 2115 4812 ardorem.

569 4848 875 4940 Sapient.
929 4870 1072 4928 xxx,
1142 4849 1180 4916 ‘1
1238 4871 1255 4916 :
1306 4847 1539 4917 Nubes
1610 4859 1838 4917 castra
1884 4873 2120 4919 eorum

565 4954 1047 5025 obumbrabat.
1082 4954 1287 5022 Eccli.
1326 4977 1563 5036 xxxix,
1607 4956 1683 5022 19
1719 4978 1734 5023 ε
1770 4958 2123 5026 Protector

557 5064 901 5154 potentiae,
921 5062 1438 5153 firmamentum
1468 5064 1769 5145 virtutis,
1803 5074 2120 5158 tequmen

562 5170 857 5249 ardoris,
872 5180 936 5239 et
952 5168 1437 5238 umbraculum
1454 5170 1845 5240 meridiani.
1867 5173 2116 5256 Et,1sa.

562 5301 657 5360 ιν,
690 5280 731 5349 5
759 5288 823 5347 et
854 5278 895 5347 6
938 5300 955 5346 :
987 5279 1216 5371 Super
1240 5278 1591 5347 hominem
1616 5280 1865 5371 qtoriae
1888 5291 2122 5375 prote·

636 5535 654 5571 ¹
677 5529 845 5608 vulg.
877 5529 1079 5598 habet,
1113 5530 1222 5588 Isa.
1285 5547 1360 5601 iv,
1391 5534 1425 5590 δ
1457 5536 1519 5590 et
1553 5534 1588 5591 6
1632 5548 1650 5589 :
1697 5534 1878 5607 super
1903 5550 2116 5594 omnem

559 5625 796 5693 otoriam
819 5624 1116 5697 protectio.
1147 5624 1220 5679 Et
1259 5623 1678 5682 tabernaculum
1732 5630 1839 5685 erit
1896 5632 1956 5687 in
1994 5648 2114 5690 um-

1631 281 1716 348 D.
1769 279 1966 346 ALB.
2020 278 2236 349 MAG.
2292 281 2497 350 ORD.
2552 284 2846 353 PRAED.

2261 456 2486 535 ctio,et
2517 456 3035 525 tabernaculum
3065 460 3195 526 erit
3225 462 3295 526 in
3326 461 3811 532 umbraculum

2262 562 2398 629 diei
2425 564 2514 631 ab
2540 577 2711 632 aestu
2735 585 2776 633 ¹.
2814 566 2918 633 Ab
2940 577 3111 634 aestu
3142 566 3300 634 belli
3326 571 3805 653 tentationum,

2261 671 2883 741 ettrihulationum.
2934 674 3028 742 De
3060 675 3412 765 quo,Job,
3471 700 3575 752 ιιι,
3638 679 3722 744 27
3788 701 3803 745 :

2257 780 2591 847 Memento
2640 781 2827 856 belli,
2890 805 3008 849 nec
3061 784 3250 849 ultra
3308 784 3529 852 addas
3586 787 3801 875 loqui.

2259 886 2385 951 Isa.
2448 911 2683 962 xxvm,
2755 893 2793 956 5
2862 900 2927 957 et
2996 894 3035 958 6
3106 914 3121 958 ε
3193 896 3353 960 Erit
3388 897 3800 962 Dominus...

2253 993 2590 1079 fortitudo
2629 995 3107 1063 revertentibus
3163 998 3246 1064 de
3305 998 3483 1067 bello
3523 1002 3620 1068 ad
3647 1025 3807 1091 por-

2255 1107 2419 1166 tam.

2343 1440 2374 1478 ι
2410 1417 2509 1482 Ne
2546 1415 2784 1483 tradas
2812 1440 2940 1484 me.
3009 1443 3041 1483 n
3114 1419 3240 1486 Hic
3318 1431 3662 1510 quartum,
3726 1427 3795 1491 in

2252 1542 2387 1608 quo
2416 1522 2818 1590 determinat
2848 1524 3009 1613 quid
3049 1549 3088 1593 a
3119 1526 3261 1593 Deo
3294 1529 3581 1617 petierit,
3634 1532 3794 1620 quia

2249 1625 2405 1692 duo.
2461 1628 2718 1706 Primo,
2780 1651 2863 1696 ne
2911 1630 3215 1698 tradatur
3259 1656 3380 1723 per
3418 1636 3791 1703 recidivum

2249 1733 2485 1825 culpae,
2534 1737 2603 1803 in
2634 1760 2875 1805 manus
2945 1739 3223 1810 diaboli.
3307 1743 3647 1824 Secunde,
3705 1769 3789 1814 ne

2249 1842 2624 1910 dimittatur
2669 1846 2724 1912 si
2799 1845 2969 1913 forte
3000 1850 3353 1940 contingat
3393 1852 3786 1937 recidivam,

2249 1950 2366 2028 ibi,
2403 1978 2436 2014 α
2482 1952 2583 2019 Ne
2612 1952 3050 2044 derelinquas
3093 1978 3223 2022 me.
3262 1984 3295 2019 »

2335 2056 2411 2123 In
2484 2058 2704 2147 prima
2794 2059 2953 2128 duo.
3038 2062 3299 2142 Primo,
3388 2064 3792 2136 determinat

2248 2169 2408 2258 quid
2473 2178 2675 2260 petat.
2750 2170 3090 2251 Secunde,
3153 2198 3428 2243 causam
3486 2179 3790 2269 assignat

2246 2301 2451 2368 quare
2499 2279 2736 2348 debeat
2802 2281 3131 2366 exaudiri,
3193 2284 3311 2369 ibi,
3360 2314 3390 2346 «
3430 2289 3790 2376 Coqitave-

2245 2396 2406 2453 runt
2442 2397 2676 2454 contra
2704 2411 2829 2455 me.
2870 2415 2902 2455 ι»
3478 2407 3497 2424 ·

2332 2497 2504 2564 Dicit
2546 2519 2755 2588 ergo:
2818 2497 2930 2566 Sic
2982 2501 3353 2569 Dominum
3408 2506 3670 2595 rogavi,
3713 2513 3789 2573 ut

2244 2604 2612 2681 exaudiret,
2673 2627 2923 2673 vocans
2978 2609 3198 2698 ipsum
3256 2609 3472 2678 Deum
3526 2636 3783 2691 meum,

2243 2709 2470 2777 dicens
2502 2712 2917 2801 inpetitione
2967 2737 3117 2782 mea
3178 2714 3355 2783 hoc:
3429 2718 3484 2785 Ο
3538 2745 3571 2785 α
3640 2724 3788 2788 Do-

2243 2820 2446 2897 mine,
2488 2843 2571 2887 ne
2599 2821 2835 2888 tradas
2864 2845 2993 2904 me,
3039 2848 3072 2888 ι
3107 2823 3174 2890 id
3205 2833 3329 2903 est,
3383 2849 3466 2894 ne
3513 2832 3790 2917 permit-

2242 2935 2344 2993 tas
2377 2951 2483 2995 me
2514 2928 2709 3007 tradi,
2755 2961 2783 2991 a
2808 2935 3174 3021 peccatori,
3221 2963 3254 2997 »a
3300 2935 3366 3001 id
3395 2945 3520 3013 est,
3547 2938 3792 3006 diabo-

2241 3034 2308 3102 lo
2352 3058 2368 3103 :
2403 3046 2467 3103 et
2507 3035 2660 3115 hoc,
2708 3064 2741 3104 α
2784 3063 2827 3106 a
2865 3039 3199 3108 desiderio
3231 3064 3402 3120 meo,
3450 3069 3482 3108 ιο
3534 3044 3599 3111 id
3657 3054 3783 3124 est,

2243 3163 2362 3231 per
2433 3141 2836 3211 desiderium
2897 3169 3151 3214 meum.
3200 3145 3406 3227 Quasi
3484 3149 3782 3222 diceret:

2242 3246 2345 3314 Ad
2383 3245 2513 3315 boc
2543 3259 2615 3316 ut
2647 3250 2889 3317 iterum
2924 3273 3060 3318 non
3093 3253 3320 3321 tradar
3356 3256 3657 3339 diabole,
3729 3262 3787 3329 si

2241 3367 2508 3447 ereptus
2546 3381 2586 3426 a
2615 3368 2678 3428 te
2707 3359 2921 3444 fuero,
2966 3373 3232 3453 oportet
3272 3366 3455 3457 quod
3485 3369 3775 3438 interve-

2241 3464 2379 3531 niat
2425 3464 2830 3534 desiderium
2862 3490 3118 3539 meum.
3187 3470 3272 3539 Et
3345 3471 3477 3541 hoc
3544 3498 3786 3545 verum

2238 3580 2358 3638 est.
2399 3570 2603 3640 Eccli.
2638 3594 2825 3656 xvnt,
2878 3576 2988 3657 30,
3014 3575 3258 3645 dieitur
3296 3588 3570 3670 propter
3606 3581 3779 3651 hoc:

2238 3677 2405 3757 Fili,
2437 3689 2600 3772 post
2647 3684 3226 3774 concupiscentias
3250 3696 3409 3756 tuas
3450 3711 3584 3756 non
3640 3714 3778 3760 eas.

2241 3784 2344 3863 Et,
2389 3785 2570 3853 Psal.
2601 3809 2863 3869 xxxvu,
2913 3790 2991 3859 10
3026 3812 3041 3856 :
3092 3793 3267 3859 Ante
3308 3802 3373 3860 te
3421 3816 3618 3862 omne
3662 3796 3786 3865 de-

2232 3891 2563 3959 siderium
2661 3915 2912 3961 meum.
2964 3893 3073 3975 Et,
3134 3896 3263 3965 lsa.
3314 3921 3405 3981 u,
3458 3903 3544 3968 23
3588 3923 3603 3968 ε
3663 3904 3782 3971 In-

2233 4020 2516 4067 curcare
2562 4008 2638 4066 ut
2692 4008 3143 4072 transeamus.
3215 4004 3427 4085 Quasi
3483 4006 3776 4078 diceret:

2237 4106 2387 4173 Non
2428 4129 2790 4199 possumus
2827 4112 3140 4192 transire,
3174 4115 3302 4182 nisi
3335 4125 3399 4185 te
3439 4117 3775 4187 incurves.

2234 4213 2316 4282 Et
2345 4224 2445 4283 est
2472 4227 2981 4309 argumentum,
3025 4221 3210 4311 quod
3267 4222 3579 4294 diabolus
3640 4249 3780 4297 non

2231 4331 2332 4390 est
2371 4324 2716 4393 immissor
2742 4324 3078 4396 malarum
3108 4330 3628 4421 cogitationum,
3663 4335 3782 4403 sed

2230 4440 2492 4501 tantum
2525 4434 2840 4503 incensor
2877 4436 3216 4507 malorum
3256 4440 3774 4513 desideriorum.

2230 4538 2359 4607 isa.
2394 4563 2527 4623 mv,
2574 4543 2655 4610 16
2680 4564 2696 4611 z
2720 4546 2876 4632 qu
2906 4548 3133 4615 creavi
3164 4548 3452 4638 fabrum
3478 4555 3783 4643 sufflan-

2227 4660 2361 4716 tem
2393 4651 2462 4717 in
2496 4652 2652 4741 iqne
2662 4675 2953 4743 prunas.

2318 4780 2352 4819 ι
2389 4756 2896 4847 Coqitaverunt.
2934 4785 2969 4827 ι
3004 4761 3173 4831 Ecce
3214 4766 3386 4835 ratio
3425 4790 3635 4858 quare
3666 4770 3779 4838 de·

2225 4862 2341 4933 bet
2368 4867 2698 4937 exaudiri.

2316 4974 2429 5042 Ait
2456 4976 2638 5044 enim
2674 4999 2689 5045 :
2728 4977 2842 5049 Sic
2880 5002 3021 5049 non
3061 5004 3169 5050 me
3199 4984 3451 5069 tradas,
3492 5010 3618 5058 nec
3654 4990 3772 5059 de·

2224 5080 2344 5150 bes
2427 5095 2704 5175 propter
2808 5110 3046 5157 eorum
3123 5091 3455 5163 malitiam
3500 5120 3515 5164 :
3612 5098 3773 5189 quia

2228 5214 2261 5254 α
2311 5193 2779 5281 cogitat-erunt
2812 5204 3049 5264 contra
3087 5220 3195 5266 me
3224 5223 3249 5268 .·
3273 5225 3307 5266 ι
3332 5209 3401 5269 et
3443 5224 3582 5270 non
3612 5204 3775 5274 dicit

2224 5297 2408 5386 quid,
2454 5308 2527 5367 ut
2564 5301 2803 5368 innuat
2847 5302 3032 5394 quod
3085 5326 3291 5376 omne
3342 5306 3601 5377 malum
3657 5333 3771 5381 co·

2221 5545 2507 5604 brucum
2529 5547 2643 5604 diei
2676 5549 2748 5605 ab
2774 5558 2932 5621 estis,
2971 5558 3085 5611 etc.
