5008 6329
579 367 707 434 286

574 537 829 624 siderii,
869 561 953 605 ex
985 535 1397 603 intentione.
1425 532 1579 599 Duo
1614 554 1777 623 ergo
1802 531 2143 602 dicuntur.

584 647 848 727 Primo,
886 650 1310 712 monstratur
1339 640 1773 710 vehementia
1805 642 2142 709 desiderii.

581 753 924 836 Secunde,
961 752 1144 833 finis,
1193 750 1313 831 ibi,
1352 779 1385 815 ι(
1427 752 1745 818 Dicente-s·
1785 773 1806 815 .·
1853 749 2146 834 Quando

588 858 1049 928 consolaberis
1087 882 1195 927 me
1222 858 1263 926 ?
1293 887 1328 922 »

668 968 848 1035 Dicit
907 990 1133 1059 ergo:
1204 967 1320 1036 Sic
1379 964 1719 1045 desidero,
1781 969 1858 1028 ut
1917 963 2148 1029 anima

580 1094 733 1139 mea
772 1072 965 1162 quasi
1008 1093 1150 1161 prae
1209 1069 1602 1160 prolixitate
1659 1068 1979 1137 desiderii
2036 1068 2149 1135 de-

580 1182 814 1250 fecerit
849 1204 864 1248 :
912 1190 980 1249 et
1019 1182 1251 1259 etiam,
1290 1203 1323 1243 α
1358 1179 1546 1244 oculi
1582 1179 1740 1261 mei,
1788 1204 1823 1240 »
1874 1178 2150 1245 interio-

581 1313 687 1358 res
717 1289 975 1357 scilicet
1005 1284 1522 1363 intellectuales,
1556 1293 1833 1376 propter
1850 1308 2145 1376 quorum

578 1395 1063 1486 limpiditatem
1113 1392 1494 1481 antiquitus
1532 1391 1931 1460 dicebantur
1970 1392 2148 1459 Pro-

577 1503 802 1595 phetae
843 1501 1146 1569 videntes
1188 1521 1236 1579 ¹,
1273 1501 1410 1579 isti,
1454 1501 1763 1590 inquam,
1821 1499 2147 1577 deficiunt

578 1612 652 1677 in
683 1609 962 1692 sanctiS,
988 1630 1143 1676 cum
1175 1607 1536 1675 intendunt
1568 1608 1636 1673 in
1663 1606 1956 1674 verbum
1986 1605 2138 1683 Dei,

579 1724 645 1784 et
682 1715 1038 1807 eloquium
1081 1716 1228 1803 ejus
1264 1737 1281 1782 ε
1317 1714 1498 1781 unde
1528 1714 1714 1782 addit
1757 1736 1771 1780 :
1818 1741 1848 1777 α
1883 1714 1968 1782 In
1997 1712 2145 1780 elo-

578 1826 824 1914 quium
886 1833 1112 1901 tuum,
1161 1847 1194 1887 ιο
1259 1821 1531 1912 quando
1589 1830 1945 1912 penetrare
2001 1844 2141 1889 non

575 1937 864 2021 possunt
903 1928 990 1995 ad
1049 1927 1365 1994 intimam
1427 1929 1810 1995 veritatem.
1881 1927 2133 1994 Jerem.

574 2059 715 2117 xiv,
750 2038 791 2104 9
830 2059 845 2104 :
880 2037 1297 2126 Defecerant
1325 2034 1515 2102 oculi
1532 2057 1796 2119 eorum,
1828 2035 2138 2103 virorum

574 2145 830 2212 scilicet
866 2143 1350 2234 perfectorum,
1377 2143 1612 2210 omnia
1642 2151 1919 2233 propter
1951 2140 2142 2209 Chri-

574 2262 758 2320 stum
800 2253 1364 2343 relinquentium,
1417 2260 1483 2319 et
1540 2274 1580 2318 a
1628 2251 1847 2319 turbis
1904 2250 2139 2318 homi-

574 2384 740 2429 num
772 2362 1237 2431 recedentium
1273 2382 1290 2427 :
1345 2362 1515 2451 quia
1545 2383 1681 2427 non
1719 2370 1870 2427 erat
1898 2359 2133 2438 lzerba,

573 2467 639 2534 id
699 2476 823 2549 est,
885 2468 1220 2557 scriptura
1272 2467 1371 2535 eis
1427 2469 1862 2537 manifestata
1917 2490 1933 2534 ε
1977 2476 2138 2535 tunc

573 2575 761 2642 enim
804 2575 998 2665 quasi
1048 2596 1133 2643 ex
1172 2584 1355 2643 terra
1384 2574 1610 2666 prodit
1645 2574 1884 2655 herba,
1919 2597 2136 2667 quan-

1661 360 1740 428 D.
1793 360 1994 429 ΑΕΒ.
2047 361 2262 430 MAG.
2314 361 2520 432 ORD.
2569 363 2864 434 PRAED.

2347 558 2380 597 α
2446 535 2626 619 Quia
2687 536 2917 623 sactus
2971 556 3149 600 sum.
3209 557 3242 598 ι»
3304 534 3433 602 Hic
3501 533 3799 602 secunda

2254 662 2434 730 parS,
2485 641 2553 708 in
2613 664 2744 731 qua
2798 649 3157 731 postquam
3200 639 3499 707 ostendit
3542 639 3801 707 deside-

2254 752 2430 818 rium
2472 758 2538 818 et
2572 751 2933 835 fervorem,
2985 749 3281 818 ostendit
3326 750 3428 816 sui
3471 746 3800 839 aptitudi-

2251 880 2409 925 nem
2441 857 2525 924 ad
2567 858 3044 946 recipiendum.
3081 857 3340 937 Prim0,
3384 879 3506 947 per
3542 854 3797 922 bonam

2252 965 2763 1055 dispositionem
2826 965 3396 1055 concupiscibiliS,
3468 963 3798 1055 quoniam

2254 1071 2640 1162 refrigerata
2670 1080 2769 1138 est
2799 1070 2880 1137 ab
2920 1072 3160 1140 ardore
3198 1072 3481 1162 peccati.
3530 1070 3799 1138 Secun-

2250 1178 2363 1258 do,
2399 1200 2482 1245 ex
2512 1186 2697 1269 parte
2739 1178 3175 1257 rationabilis,
3209 1178 3376 1268 vigil
3416 1186 3518 1246 est
3564 1177 3651 1245 ad
3690 1200 3801 1244 re-

2245 1285 2627 1368 tinendum,
2679 1285 2794 1363 ibi,
2851 1313 2881 1349 α
2915 1285 3485 1373 Justificationes.
3546 1313 3578 1346 »
3626 1283 3799 1351 Ter·
3901 1288 3919 1307 ⁹

2248 1396 2369 1473 tio,
2403 1416 2488 1461 ex
2519 1402 2703 1483 parte
2735 1393 3107 1472 irascibiliS‚
3148 1415 3298 1483 quae
3339 1390 3605 1460 laborat
3651 1412 3797 1457 sus-

2246 1501 2523 1568 tinendo
2588 1501 2921 1590 patienter
2972 1498 3230 1567 malum
3291 1498 3587 1581 illatum,
3667 1495 3790 1576 ibi,

2246 1615 2310 1685 ᾗ.
2347 1609 2432 1676 84
2477 1630 2493 1676 z
2544 1634 2572 1670 α
2604 1609 2785 1693 Quot
2812 1616 2972 1675 sunt
3011 1606 3178 1674 dies.
3220 1633 3251 1672 »
3626 1588 3633 1596 ⁴

2338 1714 2514 1783 Dicit
2561 1737 2722 1804 ergo
2767 1738 2781 1782 ε
2821 1713 2935 1782 Sic
2984 1712 3293 1781 desidero
3327 1710 3496 1780 mihi
3536 1711 3796 1778 verita-

2246 1830 2384 1890 tem
2442 1821 2710 1912 aperiri,
2753 1828 2818 1889 et
2857 1820 3145 1898 infundi,
3188 1828 3255 1888 et
3292 1826 3572 1910 paratus
3639 1839 3792 1884 sum

2245 1929 2331 1997 ad
2395 1928 2895 2019 suscipiendum
2937 1927 3120 1996 illam
3165 1950 3179 1994 ε
3253 1956 3285 1990 α
3346 1929 3530 2013 Quia
3557 1927 3795 2016 sactus

2242 2061 2397 2107 sum
2442 2039 2620 2105 sicut
2675 2046 2823 2104 uter
2883 2038 2953 2103 in
3010 2038 3294 2127 pruina.
3361 2060 3394 2100 ι)
3469 2033 3636 2102 Uter
3691 2042 3794 2101 est

2243 2146 2438 2237 pellis
2468 2152 2736 2213 mortua
2776 2145 2859 2213 ad
2906 2143 3373 2236 reponendum
3412 2142 3783 2233 liquorem,

2244 2263 2313 2324 et
2351 2254 2686 2345 significat
2731 2276 3001 2321 carnem
3053 2253 3413 2322 mortalem
3443 2258 3783 2329 nostram,

2245 2387 2394 2455 quae
2424 2372 2527 2432 est
2563 2370 2714 2430 uter
2748 2385 2989 2440 novuS,
3034 2362 3306 2455 quando
3335 2384 3459 2452 per
3494 2363 3788 2453 gratiam

2244 2470 2441 2540 fuerit
2473 2479 2793 2538 renovata
2832 2492 2846 2536 :
2903 2469 3019 2538 sed
3050 2478 3271 2548 vetuS,
3332 2466 3608 2561 quando
3648 2489 3790 2535 non

2243 2585 2344 2647 est
2372 2601 2410 2645 a
2456 2578 2669 2645 veteri
2707 2578 2847 2644 vita
2895 2575 3238 2644 translata.
3283 2574 3447 2642 Luc.
3491 2597 3562 2654 v,
3598 2575 3680 2641 37
3721 2579 3788 2640 et

2244 2686 2328 2754 38
2485 2687 2699 2754 Nemo
2730 2686 2941 2752 mittit
2971 2686 3202 2752 vinum
3223 2705 3478 2751 novum
3509 2683 3580 2751 in
3604 2690 3787 2749 utres
3815 2699 4008 2801 33:333
4028 2701 4136 2799 033

2242 2805 2569 2863 veteres...
2606 2794 2770 2862 :sed
2787 2796 3015 2861 vinum
3047 2814 3295 2861 novum
3327 2794 3397 2859 in
3440 2800 3621 2860 utres
3657 2814 3788 2859 no-
3828 2808 4125 2919 'arg-7133.

2242 2927 2357 2973 vos
2393 2902 2799 2972 mittendum
2838 2913 2957 2985 est,
2990 2911 3116 2972 etc.
3150 2901 3326 2983 Quia
3364 2909 3528 2970 tunc
3567 2907 3669 2969 est
3714 2900 3784 2968 in
3865 2916 4089 2973 eoncupi-

2243 3010 2507 3101 pruina‚
2550 3008 2819 3100 quando
2849 3009 2917 3075 in
2949 3030 3028 3076 ea
3059 3007 3494 3099 refrigeratur
3521 3028 3644 3099 per
3681 3005 3785 3072 in·
3851 2969 4108 3019 mcum.

574 2681 661 2750 do
697 2681 945 2749 veritas
984 2683 1125 2749 exit
1181 2689 1250 2750 et
1303 2681 1570 2750 elicitur
1623 2681 1705 2750 de
1754 2681 2130 2772 Scriptura.

574 2786 659 2853 111
690 2795 848 2855 sunt
887 2786 1094 2866 oculi,
1148 2810 1324 2880 quos
1373 2786 1630 2855 Paulus
1669 2789 1842 2879 petit
1883 2787 2136 2855 illumi-

573 2894 719 2959 nari
753 2892 821 2960 in
854 2892 1164 2982 Ephesiis
1204 2892 1253 2959 ¹.

663 3130 697 3172 ι
746 3106 1085 3174 Dicentes.
1139 3131 1175 3169 ιο
1229 3102 1359 3174 Hic
1408 3102 1814 3188 secundum,
1874 3103 1947 3171 in
1995 3125 2133 3194 quo

571 3214 875 3305 tangitur
931 3213 1086 3280 finis
1151 3210 1499 3297 desiderii,
1574 3209 1831 3280 scilicet
1902 3210 2133 3279 divina

573 3319 980 3389 consolatio.

663 3427 779 3494 Ait
816 3428 1000 3495 enim
1038 3448 1053 3492 ε
1104 3424 1220 3494 Sic
1255 3425 1434 3495 oculi
1477 3448 1615 3517 prae
1639 3423 1978 3494 desiderio
2008 3424 2134 3494 de-

570 3539 831 3619 ficiunt,
889 3562 923 3603 ι
979 3536 1279 3605 dicentes
1317 3558 1341 3604 .·
1392 3565 1423 3598 ι
1478 3535 1730 3603 horum
1770 3533 1992 3604 dicere
2031 3544 2134 3603 est

571 3648 978 3727 desiderare,
1012 3648 1209 3737 quasi
1258 3644 1595 3714 desiderio
1641 3644 2024 3726 tendentes,
2066 3652 2134 3714 et

567 3779 694 3825 suo
725 3754 931 3824 modo
961 3761 1361 3846 appetentes
1404 3776 1422 3821 :
1468 3781 1502 3817 κ
1558 3752 1854 3837 Quando
1901 3776 2134 3822 conso-

570 3862 820 3930 laberis
875 3867 1038 3931 me?
1093 3886 1127 3925 ι
1181 3860 1473 3928 sienim
1540 3859 1902 3930 interiores
1954 3859 2135 3929 oculi

566 3993 709 4039 non
757 3969 1230 4060 loquerentur,
1272 3989 1413 4035 non
1459 3966 1829 4050 diceretur,
1876 3966 2126 4038 Thren.

573 4103 645 4164 ιι,
693 4080 773 4146 18
818 4100 834 4145 :
895 4077 1131 4169 Neque
1186 4085 1410 4145 taceat
1438 4075 1727 4168 pupilla
1766 4075 1955 4144 oculi
1996 4076 2127 4147 tui.

576 4187 721 4256 llac
750 4185 1093 4254 locutione
1123 4191 1394 4253 tantum
1426 4182 1632 4252 locuti
1663 4182 1934 4253 fuerant
1963 4205 2133 4254 ocu-

576 4294 625 4362 li
709 4290 1038 4373 Ezechiae,
1113 4299 1191 4360 ut
1262 4311 1438 4382 pene
1519 4289 1908 4360 deficerent.
1997 4292 2127 4363 lsa.

579 4425 817 4487 xxx-111,
880 4400 962 4469 14
1025 4421 1042 4468 ε
1103 4398 1472 4469 Attenuati
1529 4407 1693 4466 sun!
1729 4398 1920 4467 oculi
1970 4399 2129 4479 mei,

575 4509 1013 4603 suspiciemes
1055 4508 1126 4575 iu
1179 4507 1549 4577 excelsum.
1612 4505 1749 4576 Sed
1792 4505 2132 4576 Dominus

577 4617 969 4690 consolatur
1012 4640 1132 4686 eos
1169 4617 1288 4708 qui
1340 4614 1595 4685 habent
1638 4614 1876 4686 oculos
1902 4615 2000 4684 sic
2036 4614 2137 4685 lo-

578 4736 892 4820 quentes,
923 4725 1057 4794 lsa.
1101 4747 1190 4807 ιι,
1223 4726 1265 4793 3
1298 4746 1316 4792 :
1369 4724 1859 4795 Consolabilur
1886 4726 2135 4794 Domi-

576 4857 706 4903 nus
750 4835 948 4918 Sion,
1002 4842 1134 4902 etc.
1183 4833 1293 4913 Et,
1336 4833 1407 4900 in
1437 4830 1707 4910 ultimo,
1750 4855 1935 4917 xxvi,
1983 4834 2063 4901 13
2109 4854 2126 4900 :

582 4940 939 5027 Quomodo
994 4940 1058 5008 si
1111 4941 1229 5008 cui
1282 4948 1504 5007 mater
1553 4937 1989 5023 blandiatur,
2031 4940 2133 5007 ita

577 5070 700 5138 eqo
740 5045 1146 5117 consolabor
1194 5069 1333 5114 vos.
1389 5044 1523 5113 Sed
1571 5044 1914 5115 malorum
1952 5044 2132 5115 oculi

580 5156 1015 5239 frustrantur,
1073 5163 1141 5225 et
1212 5154 1536 5224 deficiunt
1592 5155 1903 5235 omnino,
1969 5153 2128 5235 Job,

579 5288 651 5346 x,
684 5267 768 5333 20
801 5286 818 5334 t
866 5265 1073 5334 Oculi
1101 5265 1473 5357 impiorum
1505 5263 1841 5352 deficient.

655 5534 673 5571 ¹
704 5530 789 5589 cf.
821 5532 847 5589 1
875 5532 1016 5607 Reg.
1047 5549 1129 5602 ιι,
1160 5536 1216 5594 9.

653 5622 676 5659 ⁸
704 5621 794 5680 Ad
822 5622 1037 5696 Ephes.
1071 5641 1109 5693 ι,
1143 5627 1209 5680 ¹6
1242 5629 1303 5681 et
1344 5641 1470 5698 seq.
1518 5641 1535 5682 ε
1582 5627 1702 5684 Non
1748 5639 1893 5682 cesso
1919 5629 2132 5698 qratia:

582 5728 751 5783 aqens
785 5729 891 5785 pro
919 5714 1163 5784 vobi.‹‚...
1204 5721 1265 5770 ut
1298 5718 1509 5774 Deus...
1538 5714 1631 5771 det
1667 5714 1839 5771 vobis.
1875 5753 1890 5770 .
1919 5716 2131 5774 illumi·

2241 3115 2577 3184 fusionem
2632 3115 2916 3185 coelestis
2965 3118 3137 3184 roris
3183 3113 3474 3186 carnalis
3530 3135 3785 3184 concu-

2243 3221 2588 3314 piscentia.
2624 3220 2835 3290 Exod.
2868 3245 3007 3300 xvi,
3047 3222 3127 3289 14
3162 3245 3178 3290 ε
3212 3221 3509 3300 Manlau,
3554 3219 3622 3287 id
3652 3224 3781 3304 est,

2242 3330 2363 3398 Dei
2401 3329 2643 3421 gratia,
2683 3330 3091 3423 apparuit...
3148 3331 3219 3397 in
3246 3326 3785 3396 similitudinem

2233 3439 2507 3530 pruinae
2555 3460 2760 3529 super
2819 3446 3097 3507 terram.
3169 3436 3250 3505 Et
3301 3436 3450 3505 haec
3509 3435 3782 3527 pruina,

2241 3546 2365 3614 iste
2406 3568 2517 3613 ros
2554 3543 2862 3613 ardorem
2893 3544 3244 3635 refrigerat
3290 3541 3586 3612 carnalis
3625 3562 3788 3610 con·

2240 3652 2690 3744 cupiscentiae.
2736 3650 2933 3720 Eccli.
2978 3673 3167 3731 xvm,
3208 3652 3287 3717 16
3325 3673 3340 3718 :
3382 3650 3625 3719 Nonne
3660 3669 3787 3716 ar-

2240 3759 2468 3829 dorem
2489 3760 2920 3850 refriqeravit
2945 3782 3054 3827 ros
3078 3758 3119 3825 P
3144 3757 3252 3841 Et,
3286 3758 3560 3834 iterum,
3595 3777 3782 3835 κιιιι,

2240 3869 2326 3936 24
2361 3890 2376 3936 :
2405 3870 2542 3937 Ros
2571 3867 2849 3936 obvians
2875 3866 2964 3935 ab
3001 3866 3247 3935 ardore
3290 3865 3610 3944 venienti,
3652 3863 3790 3931 lm-

2242 3975 2475 4044 milem
2503 3975 2743 4065 efficiet
2773 3996 2952 4043 eum.

2333 4218 2367 4259 ιι
2442 4192 2999 4282 Justificatioues.
3061 4216 3096 4257 ι
3174 4189 3301 4258 llic
3375 4186 3782 4266 secundum,

2242 4297 2452 4379 Quasi
2489 4297 2739 4366 diceret
2788 4321 2804 4365 ε
2849 4296 2965 4364 Sic
3023 4294 3455 4385 refrigeratus
3504 4316 3658 4361 sum
3697 4292 3784 4361 ab

2242 4404 2481 4473 ardore
2518 4402 3074 4494 concupiscentie
3123 4423 3242 4493 per
3270 4399 3586 4492 pruinam
3633 4421 3788 4491 gra·

2244 4511 2353 4580 tiae
2382 4517 2515 4579 tuae
2555 4532 2573 4578 z
2608 4517 2674 4580 et
2718 4511 2920 4577 etiam
2972 4533 3006 4574 ιι
3047 4531 3181 4577 non
3219 4528 3376 4575 sum
3416 4505 3701 4586 oblitus,
3746 4531 3782 4570 n

2244 4618 2507 4687 fortiter
2568 4615 2719 4686 illas
2773 4618 2841 4684 in
2898 4638 3049 4685 mea
3100 4623 3340 4683 tenens
3421 4613 3782 4694 memoria,

2253 4757 2287 4790 α
2311 4725 2857 4817 justificationes
2890 4734 3051 4792 tuas
3075 4745 3103 4791 .·
3129 4750 3164 4783 ι
3202 4729 3271 4789 et
3304 4722 3406 4790 sic
3453 4720 3788 4813 disposita

2245 4842 2347 4904 est
2416 4856 2570 4902 mea
2632 4831 3074 4901 rationabilis,
3148 4827 3354 4909 Infra,
3414 4831 3484 4898 in
3542 4828 3785 4896 eodem

2248 4942 2520 5012 Psalmo
2549 4965 2776 5020 cxviii,
2808 4941 2894 5008 93
2928 4959 2946 5009 ε
2982 4940 3063 5006 In
3089 4948 3419 5006 aeternum
3450 4961 3584 5005 non
3614 4934 3792 5004 obli-

2246 5052 2465 5119 viscar
2487 5048 3023 5141 justificationes
3067 5056 3247 5127 tuas,
3289 5046 3458 5136 quia
3510 5044 3583 5110 in
3622 5043 3788 5135 ipsis

2247 5159 2611 5251 vivificasti
2644 5180 2770 5227 me.
2813 5155 2874 5223 11
2925 5154 3233 5225 Machab.
3289 5177 3363 5234 ιι,
3414 5155 3454 5221 2
3514 5176 3531 5222 :
3573 5152 3788 5221 Dedit

2249 5269 2396 5337 illis
2445 5267 2660 5358 leqem
2731 5287 2814 5333 ne
2857 5264 3416 5334 obliviscerentur
3443 5270 3789 5356 pra-cepta

2244 5543 2404 5593 natos
2432 5533 2615 5592 oculos
2643 5535 2823 5591 cordis
2869 5534 3055 5604 vestri,
3084 5538 3147 5589 ut
3190 5533 3380 5590 sciatis
3408 5549 3532 5606 qun
3561 5536 3634 5592 m
3668 5548 3790 5606 opes

2243 5627 2546 5687 vocationis
2568 5627 2707 5699 ejus,
2732 5630 2844 5682 etc.
