5008 6329
667 360 793 427 358

1641 358 1726 426 D.
1777 357 1977 424 ALB.
2032 356 2250 424 MAG.
2304 354 2509 423 ORD.
2559 354 2854 420 PRAED.

1825 889 2294 962 PSALMUS
2369 888 2707 959 CXXIII.

1240 1227 1600 1297 Hortatio
1631 1226 1729 1296 ad
1760 1226 2062 1319 gratias
2099 1222 2452 1317 agendum
2491 1222 2666 1308 Deo,
2692 1222 2834 1292 soli
2865 1221 3273 1291 liberatori.

715 1588 772 1633 1.
829 1562 1216 1635 Canticum
1255 1563 1639 1656 graduum.

841 1672 1004 1743 Nisi
1050 1670 1223 1765 quia
1257 1670 1616 1741 Dominus
1659 1685 1808 1736 erat
1849 1666 1921 1736 in
1964 1665 2204 1745 nobis,

923 1777 1115 1847 dicat
1154 1797 1346 1846 nunc
1389 1773 1635 1859 lsrael,

705 1884 772 1956 2:
826 1885 989 1956 Nisi
1054 1883 1226 1977 quia
1296 1882 1657 1953 Dominus
1734 1898 1883 1951 erat
1943 1880 2013 1950 in
2076 1901 2213 1948 no-

922 1993 1072 2063 bis:
1101 2013 1271 2062 cum
1293 2007 1757 2082 exsurgerent
1775 1987 2108 2056 homines
2132 1986 2204 2055 in

924 2123 1083 2170 nos.

699 2210 765 2278 3.
827 2209 1045 2278 Forte
1067 2206 1270 2276 vivos
1312 2203 1823 2298 degluttissent
1853 2225 1984 2272 nos
2032 2222 2049 2271 t

831 2314 1025 2385 Cum
1078 2311 1507 2382 irasceretur
1563 2309 1764 2380 furor
1816 2330 2070 2379 eorum
2133 2308 2205 2377 in

911 2443 1074 2503 nos,

701 2552 772 2618 4.
831 2528 1160 2599 Forsitan
1223 2548 1410 2619 aqua
1467 2523 1968 2595 absorbuisset
2044 2545 2206 2595 nos.

710 2641 776 2708 5.
826 2636 1258 2707 Torrentem
1291 2630 1754 2726 pertransivit
1796 2631 2038 2701 anima
2088 2653 2216 2700 no·

909 2764 1110 2815 stra:
1158 2742 1454 2814 forsitan
1489 2740 2002 2834 pertransisset
2059 2738 2213 2810 ani-

981 3187 1075 3257 lN
1125 3186 1562 3257 PSALMUM
1612 3184 1866 3254 CXXII

1172 3421 1705 3468 murmuramus.

970 3754 1003 3788 α
1050 3726 1411 3797 Canticum
1438 3726 1821 3818 qraduum.
1858 3753 1892 3793 s

751 4069 785 4109 α
827 4044 987 4113 Nisi
1012 4045 1180 4135 quia
1208 4045 1553 4114 Dominus
1577 4054 1727 4113 erat
1754 4046 1826 4112 in
1864 4042 2061 4113 nobis
2091 4046 2137 4140 .¹·
2172 4071 2209 4108 n

659 4149 784 4218 llic
850 4157 954 4219 est
1008 4148 1324 4220 Psalmus
1379 4152 1791 4221 centesimus
1838 4150 2214 4242 vigesimus

729 4418 748 4454 ¹
775 4420 929 4477 Dans
958 4418 1017 4477 le
1044 4425 1204 4478 texte
1232 4418 1478 4489 hebreu,
1512 4419 1601 4476 dit
1627 4421 1699 4475 ll.
1731 4418 1926 4478 l’abbe
1953 4420 2213 4486 Lesetre.

658 4526 726 4566 ce
775 4525 1027 4583 psnume
1081 4515 1250 4584 porte
1303 4528 1378 4567 en
1438 4508 1575 4566 titre
1612 4508 1669 4566 le
1701 4527 1844 4567 nom
1883 4508 1959 4567 de
2006 4508 2212 4581 David,

657 4611 889 4653 comme
919 4594 976 4652 le
1003 4596 1257 4653 Psaume
1283 4596 1475 4653 cxxt.
1515 4595 1791 4652 L’auteur
1817 4612 1856 4669 y
1902 4597 2216 4653 reconnalt

658 4686 802 4758 qu’il
831 4701 867 4742 a
894 4686 989 4742 ete
1019 4701 1095 4743 en
1121 4684 1291 4743 butte
1314 4686 1352 4743 a
1380 4701 1497 4742 une
1525 4684 1783 4742 violente
1828 4686 2212 4759 persecution

669 4777 704 4829 a
736 4772 995 4846 laquelle
1021 4775 1062 4831 il
1093 4777 1197 4831 eut
1220 4774 1561 4844 succumbe,
1590 4774 1637 4830 si
1669 4774 1817 4831 Dieu
1838 4792 1913 4831 ne
1942 4775 2032 4832 sut
2060 4792 2213 4833 venu

655 4863 693 4920 a
722 4880 829 4919 son
860 4880 1124 4921 secours.
1154 4865 1265 4921 Ces
1296 4864 1460 4921 idees
1490 4870 1747 4937 peuvent
1790 4865 2217 4938 parsaitement

658 4954 941 5011 convenit
962 4955 998 5011 a
1027 4953 1233 5022 David.
1265 4956 1381 5012 soit
1408 4954 1582 5029 apres
1614 4955 1671 5011 la
1702 4956 2080 5028 persecution
2139 4956 2214 5012 de

661 5043 796 5101 Saul
842 5065 917 5104 ou
971 5044 1031 5102 la
1086 5043 1311 5101 rot-volte
1368 5042 1713 5114 d’Absalon,
1771 5047 1890 5102 soit
1934 5045 2111 5120 apres
2156 5046 2218 5104 la

660 5156 867 5215 guerre
897 5143 1104 5195 contre
1131 5134 1221 5192 les
1251 5134 1493 5207 Syriens
1523 5140 1583 5189 et
1610 5133 1699 5191 les
1728 5136 2124 5204 Ammonites,
2155 5141 2216 5193 et

661 5248 742 5288 un
771 5227 997 5286 certain
1027 5224 1278 5282 nombre
1306 5223 1381 5279 de
1427 5230 1936 5283 commentateurs
1972 5225 2207 5283 admet-

664 5325 789 5378 tent
825 5316 970 5391 qu'il
1001 5323 1089 5372 est
1120 5314 1373 5372 l'auteur
1402 5311 1481 5369 du
1520 5330 1790 5387 psaume.
1822 5317 1982 5374 Nous
2005 5316 2209 5373 serons

664 5423 1012 5480 remarquer
1049 5408 1331 5478 pourtant
1358 5420 1474 5476 que
1513 5402 1666 5460 dans
1694 5402 1783 5461 les
1826 5422 2107 5478 psnumes
2137 5409 2212 5461 ou

664 5500 707 5557 il
734 5496 897 5571 parle
945 5494 1018 5551 de
1057 5509 1154 5549 ses
1206 5492 1492 5566 epreuves
1517 5509 1593 5550 au
1624 5498 1819 5568 temps
1849 5493 1924 5550 de
1969 5494 2107 5553 Saul
2136 5511 2215 5551 ou

664 5584 1003 5650 d'Absalon,
1042 5579 1224 5640 David
1256 5597 1332 5637 ne
1358 5581 1487 5655 prie
1515 5582 1990 5641 ordinairement
2017 5601 2095 5640 ou
2140 5600 2215 5640 ne

663 5674 952 5738 remercie
1009 5671 1188 5746 qu'en
1257 5686 1366 5728 son
1416 5688 1556 5729 nom
1607 5673 1952 5746 personnel,
1973 5675 2024 5732 11
2073 5675 2216 5749 neg.

2589 1575 2705 1623 ma
2772 1572 3013 1623 nostra
3088 1575 3351 1646 aquam
3444 1551 3860 1624 intolerabi-

2587 1662 2748 1729 lem.

2368 1769 2435 1838 6.
2493 1767 2921 1837 Benedictus
2956 1767 3340 1852 Dominus,
3385 1768 3687 1860 quinon
3732 1767 3863 1837 de-

2588 1873 2693 1943 dit
2743 1896 2872 1943 nos
2930 1872 3001 1943 in
3055 1874 3464 1966 captionem
3522 1873 3863 1944 dentibus

2585 2003 2861 2051 eorum.
2900 2053 2925 2068 ,

2369 2112 2435 2181 7.
2487 2088 2751 2157 Anima
2804 2105 3046 2157 nostra
3093 2088 3277 2158 sicut
3319 2109 3569 2182 passer
3623 2104 3864 2180 erepta

2585 2214 2692 2265 est
2743 2195 2831 2265 de
2900 2196 3157 2289 laqueo
3212 2197 3634 2268 venantium
3693 2220 3708 2265 :
3760 2197 3862 2266 la-

2586 2325 2816 2395 queus
2854 2305 3207 2376 contritus
3239 2324 3373 2386 est,
3416 2323 3487 2376 et
3518 2329 3649 2376 nos
3682 2304 3866 2376 libe-

2588 2414 2717 2485 rati
2750 2436 3025 2486 sumus.

2365 2522 2427 2589 8.
2477 2520 2940 2610 Adiutorium
3025 2542 3355 2594 nostrum
3422 2524 3496 2595 in
3566 2524 3862 2597 nomine

2562 2629 2910 2727 Domini,
2954 2633 3075 2723 qui
3125 2632 3286 2703 sccit
3328 2632 3590 2716 coelum
3622 2651 3692 2705 et
3723 2651 3862 2706 ter-

2592 2758 2768 2807 ram.

2319 3075 2559 3145 tertius
2600 3075 2666 3142 in
2697 3081 2841 3144 toto
2882 3074 3081 3157 libro,
3124 3078 3196 3145 in
3225 3078 3427 3146 tertia
3454 3084 3645 3170 parte
3702 3075 3856 3145 libri

2314 3182 2688 3274 vigesimus
2760 3184 3021 3261 tertius,
3099 3196 3168 3253 et
3247 3185 3319 3253 in
3403 3184 3858 3253 Gradualibus

2317 3290 2616 3382 quintus,
2663 3288 2944 3357 ultimus
2974 3291 3150 3359 inter
3204 3293 3508 3383 quinque
3571 3292 3854 3383 primos,

2321 3398 2435 3489 qui
2473 3398 2808 3488 pertinent
2837 3397 2920 3466 ad
2951 3421 3290 3467 recessum
3329 3421 3370 3467 a
3408 3398 3619 3470 malo.

2409 3504 2779 3595 Postquam
2804 3506 2984 3574 enim
3013 3505 3335 3575 clamavit
3360 3507 3445 3575 ad
3483 3506 3860 3576 Dominum

2322 3634 2444 3704 pro
2491 3609 2891 3681 liberatione
2922 3614 3026 3682 sui
3093 3636 3132 3682 a
3173 3614 3383 3695 malo,
3415 3615 3860 3707 postmodum

2322 3719 2622 3789 ascendit
2646 3720 2730 3788 ad
2776 3721 3253 3792 confidentiam
3301 3723 3386 3792 de
3430 3722 3858 3804 liberatione,

2321 3833 2388 3895 et
2415 3825 2699 3895 ulterius
2756 3827 2840 3896 ad
2895 3827 3199 3898 laetitiam
3256 3851 3383 3921 pro
3438 3828 3862 3899 liberationis
3929 3851 4190 3917 proph-«a,

2323 3938 2480 4016 line,
2524 3945 2590 4005 et
2650 3935 2870 4006 adhuc
2912 3937 3066 4030 plus
3124 3938 3211 4007 ad
3256 3940 3592 4009 orationis
3637 3940 3863 4010 conti·
3887 3910 4216 4074 zffiuiffl

2322 4044 2717 4113 nuationem
2776 4053 2842 4113 et
2897 4043 3262 4125 fervorem,
3332 4045 3448 4117 hic
3507 4047 3735 4139 agitur
3778 4046 3864 4117 de
3941 4069 4113 4116 eorus·
4140 4078 4171 4131 q

2322 4172 2405 4219 eo
2450 4150 2635 4243 quod
2673 4150 3016 4234 ultimum,
3056 4151 3312 4224 scilicet
3356 4154 3442 4225 de
3488 4153 3863 4246 gratiarum
3917 4122 4193 4235 ωᾶιιιῖιιὲ.

2323 4431 2457 4484 xxii,
2489 4418 2600 4488 2-7,
2631 4421 2767 4484 etc„
2801 4418 2994 4475 tendis
3037 4418 3216 4492 qu'ici
3266 4417 3323 4475 le
3360 4419 3675 4494 psalmiste
3712 4421 3865 4483 s'ex-

2324 4503 2516 4576 prime
2543 4521 2618 4561 nu
2651 4502 2865 4577 pluriel
2889 4529 2906 4573 ς
2936 4503 3171 4563 ensuite
3200 4505 3259 4564 la
3303 4523 3517 4581 guerre
3541 4515 3747 4566 contre
3774 4508 3862 4566 les

2324 4594 2598 4652 ennemis
2634 4593 2715 4652 du
2763 4592 2978 4652 debors
3024 4596 3247 4654 n'oss'rit
3274 4599 3579 4673 peut-etro
3620 4618 3727 4675 pas
3755 4600 3864 4658 des

2323 4684 2576 4761 danger-s
2621 4702 2783 4743 assez
2827 4685 3102 4745 terribles
3146 4705 3300 4762 pour
3345 4690 3615 4764 justiller
3672 4699 3867 4750 tontes

2324 4778 2413 4834 les
2439 4777 2813 4851 expressions
2839 4772 2915 4836 de‘
2941 4796 3010 4837 ce
3037 4780 3338 4853 cantique.
3371 4781 3447 4839 Le
3476 4797 3618 4840 nom
3644 4781 3721 4840 de
3749 4786 3865 4842 Da·

2324 4866 2420 4921 vid
2453 4866 2680 4923 n'etant
2707 4868 2875 4940 point
2893 4867 3042 4924 dans
3073 4868 3159 4925 les
3188 4869 3480 4941 versions,
3513 4869 3556 4927 il
3586 4888 3738 4928 nous
3775 4878 3869 4930 est

2326 4955 2548 5028 permis
2573 4954 2646 5011 de
2677 4956 2819 5012 tirer
2845 4955 2918 5012 de
2948 4974 3015 5013 ce
3045 4957 3269 5015 silence
3299 4957 3356 5015 la
3387 4961 3584 5017 meme
3622 4962 3865 5019 conclu·

2324 5045 2455 5100 sion
2509 5045 2684 5118 qu’au
2742 5048 2992 5102 Psaume
3044 5045 3234 5106 CXXI.
3282 5047 3558 5107 L'auteur
3584 5066 3647 5107 se
3685 5053 3869 5109 serait

2324 5136 2601 5191 contente
2655 5133 2912 5191 d'imiter
2959 5134 3160 5206 David,
3192 5137 3411 5210 auquel
3465 5137 3509 5194 il
3552 5150 3868 5215 emprunte

2328 5223 2623 5296 plusieurs
2651 5223 2726 5280 de
2758 5239 2853 5280 ses
2882 5223 3062 5281 idees.
3095 5225 3204 5282 Les
3231 5225 3417 5299 perils
3444 5226 3592 5284 dont
3629 5230 3672 5286 il
3702 5232 3868 5306 parle

2328 5317 2464 5369 sont
2490 5328 2635 5369 ceux
2678 5311 2751 5369 de
2782 5310 2838 5369 la
2881 5312 3177 5388 captivae,
3207 5319 3266 5369 et
3313 5314 3401 5371 les
3457 5318 3869 5388 persecutione

2327 5403 2425 5475 qui
2455 5404 2866 5462 accueillirent
2894 5405 2979 5461 les
3006 5404 3156 5460 Juil's
3183 5403 3217 5459 ἰι
3256 5402 3389 5460 leur
3413 5413 3619 5464 retour
3646 5409 3721 5467 de
3759 5412 3869 5469 Ba·

2325 5488 2563 5566 bylone.
2594 5492 2693 5550 Tel
2724 5499 2814 5550 est
2837 5493 2892 5549 le
2923 5492 3246 5550 sentiment
3285 5491 3360 5550 de
3407 5495 3761 5572 Theodoret,
3794 5499 3867 5559 de

2325 5582 2383 5639 S.
2412 5584 2554 5642 Jean
2582 5568 3019 5659 Chrys‘ostome.
3049 5581 3125 5638 de
3156 5582 3504 5657 Bellarmin,
3535 5594 3598 5646 et
3621 5588 3703 5648 du
3731 5590 3868 5666 plus

2327 5674 2513 5748 grand
2543 5675 2789 5733 nombre
2815 5673 2919 5731 des
2954 5671 3294 5733 moder-nes.
