5008 6329
1831 345 2543 415 COMMENTARIUS
2594 346 2685 413 IN
2732 347 3165 418 PSALMUM
3216 350 3477 420 CXLV.

1045 517 1618 606 compeditorum,
1674 517 1790 598 ibi,
1840 544 1871 583 «
1917 522 2251 586 Dominus
2290 518 2516 585 solvit.
2569 547 2600 578 »

1049 622 1411 706 Quartum,
1488 627 1955 717 ignorantium
2033 627 2413 702 instructi0‚
2482 623 2602 701 ibi,

1043 738 1108 807 ἵ.
1144 733 1184 800 8
1221 755 1235 798 :
1276 761 1309 797 α
1356 736 1700 802 Dominus
1741 732 2128 799 illuminat.
2171 761 2203 793 »
2246 729 2601 809 Quintum,

1045 843 1549 912 confractorum
1610 845 1886 921 erectiO,
1968 842 2087 919 ibi,
2163 868 2197 903 «
2267 841 2607 907 Dominus

1042 952 1267 1040 eriqit.
1317 978 1351 1015 n
1391 951 1710 1030 Sextum,
1745 948 2026 1016 directio
2050 948 2197 1036 jam
2229 948 2601 1036 justorum,

1038 1060 1156 1143 ibi,
1191 1087 1224 1127 et
1251 1062 1598 1129 Dominus
1628 1058 1896 1147 diriqit.
1938 1081 1970 1120 n
2009 1057 2421 1147 Septimum,
2447 1079 2606 1125 con-

1027 1169 1330 1235 servatio
1363 1165 1819 1244 advenarum,
1863 1162 1982 1239 ibi,
2026 1171 2091 1240 y.
2135 1165 2175 1232 9
2213 1185 2228 1233 :
2263 1165 2604 1233 Dominus

1033 1275 1332 1342 custodit
1385 1273 1711 1340 adcenaS.
1762 1296 1796 1338 ι»
1842 1269 2207 1355 Octavum,
2265 1271 2599 1361 susceptio

1040 1379 1483 1473 pupillorum,
1531 1387 1597 1446 et
1636 1379 2028 1464 viduarum,
2081 1379 2201 1458 ibi,
2258 1404 2291 1443 α
2344 1375 2602 1467 Pupil-

1036 1490 1184 1556 lum
1223 1497 1288 1554 et
1320 1485 1638 1553 viduam.
1684 1512 1713 1547 n

1122 1596 1301 1662 Dicit
1332 1615 1496 1684 ergo
1553 1615 1568 1660 :
1627 1593 1743 1661 Sic
1780 1594 2146 1661 veritatem
2202 1591 2494 1659 custodit
2527 1592 2597 1657 in

1033 1713 1394 1782 internum,
1439 1711 1507 1772 et
1558 1729 1591 1769 et
1641 1705 1820 1791 lacit
1845 1700 2235 1791 judicium,
2284 1727 2315 1761 »ι
2368 1698 2598 1767 vindi-

1032 1810 1251 1880 cando
1283 1833 1401 1878 eos
1433 1809 1518 1877 ab
1553 1806 2065 1898 injuriantibuS,
2102 1831 2135 1872 «
2171 1804 2596 1898 patientibus

1013 1917 1409 2007 injuriam,
1457 1942 1489 1980 ι
1533 1915 1733 1982 aliter
1780 1915 2077 2002 injustus
2117 1921 2321 1991 esset,
2363 1914 2420 1980 si
2455 1921 2602 1979 tan-

1028 2024 1185 2093 dem
1244 2045 1385 2091 non
1461 2022 1712 2090 faceret
1764 2021 2129 2112 judicium.
2204 2018 2361 2096 Sed,
2433 2017 2594 2097 Job,

1029 2155 1265 2211 xxxiv,
1307 2132 1386 2197 12
1434 2152 1448 2196 :
1499 2131 1659 2197 Vere
1703 2132 1885 2196 Deus
1931 2151 2071 2196 non
2116 2125 2597 2196 condemnabit

1022 2241 1318 2329 frustra,
1381 2261 1502 2305 nec
1536 2237 1985 2327 Omnipotens
2020 2234 2361 2303 subvertet
2378 2233 2595 2323 judi-

1025 2348 1235 2417 cium.
1288 2344 1420 2412 Isa.
1468 2367 1654 2423 xcix,
1691 2345 1776 2412 25
1815 2366 1829 2411 :
1875 2346 2019 2411 Eos
2066 2344 2190 2433 qui
2225 2341 2596 2431 judicave-

1034 2463 1196 2522 runt
1234 2465 1319 2529 te,
1360 2476 1484 2543 eqo
1505 2448 1874 2541 judicabo,
1911 2447 2169 2517 Omnes
2199 2449 2381 2516 enim
2414 2449 2593 2538 inju-

1034 2565 1204 2631 riam
1226 2560 1644 2652 patientibus
1666 2559 1988 2628 facientes
2015 2558 2336 2647 injuriam
2367 2556 2598 2624 Domi-

1028 2693 1155 2738 nus
1193 2669 1590 2737 vindicabit.
1649 2667 1976 2736 Proverb.
2031 2689 2222 2743 xxiii,
2267 2667 2351 2731 22
2396 2688 2410 2731 :
2446 2664 2596 2733 Non

1019 2779 1250 2869 facias
1307 2776 1715 2844 violentiam
1785 2775 2109 2866 pauperi,
2182 2776 2350 2864 quia
2422 2794 2598 2865 pau-

1031 2908 1157 2979 per
1184 2893 1281 2952 est
1308 2907 1333 2953 .·
1364 2907 1582 2976 neque
1608 2891 1916 2951 conteras
1943 2903 2233 2973 eqenum
2268 2883 2337 2948 in
2362 2888 2592 2973 porta,

1035 2995 1203 3084 quia
1251 2993 1594 3060 Dominus
1620 2988 1982 3081 judicabit
2029 3010 2315 3058 causam
2368 2987 2523 3077 ejus
2572 3010 2595 3055 .·

1036 3108 1105 3169 et
1140 3100 1439 3169 maxime
1497 3096 1850 3179 Praelatos‚
1896 3098 2014 3189 qui
2079 3119 2163 3166 ex
2212 3095 2437 3166 officio
2493 3104 2599 3163 te-

1035 3216 1285 3277 nentur
1319 3208 1541 3276 iacere
1582 3207 1949 3297 justitiam.
1989 3204 2302 3296 Sapient.
2355 3226 2447 3283 vi,
2491 3205 2533 3270 6
2577 3229 2593 3271 ε

1036 3317 1508 3386 Duri-ssimum
1527 3314 1894 3403 judicium
1942 3314 2051 3381 leis
2098 3315 2225 3404 qui
2262 3321 2593 3405 praesunt,

1034 3425 1179 3514 fiet.

1130 3667 1164 3704 «
1203 3640 1340 3708 Dat
1376 3658 1623 3706 escam.
1681 3663 1711 3700 α
1768 3632 1896 3705 llic
1922 3635 2326 3706 secundum.
2389 3631 2598 3713 Quasi

1038 3746 1291 3817 diceret
1334 3768 1350 3814 ι
1414 3743 1531 3812 Sic
1580 3742 1921 3833 judicabis
1972 3765 2097 3834 pro
2154 3740 2594 3833 patientibus,

1038 3865 1105 3925 et
1140 3858 1345 3925 etiam
1378 3856 1523 3946 ipse
1560 3881 1590 3919 α
1627 3854 1751 3923 dat
1789 3876 2008 3923 escam
2043 3881 2076 3915 υ
2118 3850 2592 3943 temporalem.

1042 3963 1292 4054 Supra,
1335 3965 1407 4031 in
1447 3961 1631 4032 Psal.
1676 3984 1928 4049 cxxxv,
1971 3963 2057 4029 25
2092 3982 2108 4029 t
2160 3960 2300 4046 Qui
2326 3959 2450 4028 dat
2493 3982 2599 4027 cs-

1041 4093 1192 4138 cam
1239 4071 1430 4136 omni
1474 4069 1693 4135 carni.
1750 4091 1784 4133 ι
1827 4065 2338 4137 Esurientibus.
2385 4092 2419 4127 υ
2461 4064 2597 4149 Isti,

1037 4199 1226 4257 mm,
1261 4176 1299 4243 Ἰ
1345 4196 1363 4246 t
1405 4177 1686 4264 Franqe
1712 4174 2065 4254 esurienti,
2107 4180 2236 4242 etc.
2282 4170 2362 4239 Et
2394 4172 2600 4240 etiam

1037 4281 1461 4376 spiritualem
1493 4280 1951 4350 esurientibus
1961 4279 2329 4368 justitiam.
2355 4275 2597 4346 Matth.

1038 4414 1109 4472 v,
1143 4394 1185 4460 6
1220 4412 1236 4460 ε
1271 4391 1478 4460 Beati
1504 4390 1631 4482 qui
1667 4390 1981 4457 esuriunt
2017 4395 2080 4455 et
2105 4387 2351 4454 sitiunt
2375 4384 2605 4474 justi-

1038 4501 1239 4579 tiam,
1281 4498 1615 4591 quoniam
1664 4493 2378 4588 ipsisaturabuntur,
2424 4514 2601 4584 pane

1040 4607 1321 4677 coelesti.
1376 4606 1688 4696 Sapient.
1721 4626 1864 4685 xvi,
1900 4604 1986 4672 20
2021 4625 2036 4670 ι
2084 4587 2427 4672 Paratum
2457 4622 2604 4693 pa-

1038 4739 1191 4785 nem
1221 4716 1304 4785 de
1328 4714 1498 4783 coelo
1535 4713 1924 4806 praestitisti
1960 4712 2133 4780 illis.
2187 4710 2480 4791 Baruch‚
2525 4733 2595 4790 ιι,

1046 4824 1126 4892 18
1189 4845 1204 4892 :
1266 4824 1526 4893 Anima
1575 4820 1877 4889 esuriens
1923 4819 2047 4888 dat
2092 4819 2224 4888 tibi
2267 4817 2595 4911 pieriam.

1035 4930 1289 5000 Jerem.
1345 4951 1536 5012 xxxi,
1605 4931 1684 4997 12
1751 4951 1766 4996 z
1839 4928 1998 4996 Erit
2062 4926 2303 4995 anima
2367 4948 2599 4994 eorum

1036 5039 1242 5131 quasi
1275 5039 1519 5107 liortus
1559 5037 1897 5128 iniquus,
1930 5044 1995 5103 et
2043 5033 2237 5103 ultra
2283 5055 2420 5103 non
2458 5056 2607 5103 esu-

1038 5147 1242 5216 rient.

1131 5389 1167 5432 ι
1212 5364 1560 5435 Dominus
1585 5361 1818 5432 solvit.
1857 5391 1891 5427 ι»
1925 5362 2056 5431 llic
2086 5361 2391 5432 tertium.
2425 5357 2604 5442 Qua-

1036 5474 1094 5541 si
1152 5473 1411 5544 diceret
1481 5496 1497 5542 ε
1570 5471 1688 5540 Sic
1744 5470 2045 5540 vindicat
2110 5480 2178 5540 et
2237 5470 2474 5549 reficit,
2535 5478 2602 5539 et

1039 5583 1246 5652 etiam
1310 5606 1343 5647 «
1401 5584 1750 5651 Dominus
1802 5581 2014 5649 solvit
2066 5579 2507 5673 compeditos,
2561 5607 2598 5645 n

1040 5693 1217 5760 sicut
1265 5689 1471 5759 solvit
1525 5698 1663 5760 tres
1721 5712 1998 5781 puerOS,
2050 5689 2168 5781 qui
2219 5689 2408 5757 missi
2447 5689 2601 5757 sue-

4137 349 4268 418 515

2713 528 2865 585 rant
2894 521 2962 585 in
2992 519 3433 608 compedibus
3466 522 3534 585 in
3574 520 3966 590 fornacem.·
3991 518 4261 587 Daniel.

2713 647 2811 707 111,
2854 628 2938 693 92.
3000 630 3233 695 :Ecce
3270 652 3390 718 eqo
3460 628 3654 695 video
3713 641 4016 720 quatuor
4082 631 4265 695 viros

2709 731 2992 811 solutos,
3036 743 3100 800 el
3129 734 3562 802 ambulantes
3594 737 3664 801 in
3696 736 3918 802 medio
3953 737 4158 825 iqnis,
4203 744 4267 802 et

2712 840 2894 907 nili-il
2948 845 3405 933 corruptionis
3466 846 3533 909 in
3600 845 3695 909 eis
3752 853 3871 910 est.
3928 843 4011 908 Et
4071 851 4259 919 nota,

2713 950 2898 1040 quod
2939 960 3097 1019 sunt
3154 953 3516 1044 compedes
3575 975 3817 1043 poenae,
3851 952 4104 1020 Thren.
4158 974 4257 1029 ιιι,

2710 1059 2746 1124 7
2775 1078 2790 1124 ι
2828 1060 3254 1148 Aqqravavit
3272 1063 3655 1151 compedem
3675 1082 3880 1128 suum
3899 1082 4105 1152 super
4125 1082 4253 1127 me.

2710 1163 2793 1230 Et
2825 1172 2984 1232 sunt
3011 1166 3371 1257 compedes
3401 1167 3638 1259 culpae,
3686 1166 3933 1258 Supra,
3970 1169 4039 1233 in
4070 1165 4253 1233 Psal.

2708 1293 2837 1349 civ,
2878 1272 2957 1339 18
3021 1293 3036 1340 t
3079 1274 3643 1342 Humiliaverunt
3691 1277 3763 1343 in
3818 1272 4260 1365 compedibus

2698 1378 2905 1468 pedes
2944 1379 3121 1467 ejus,
3154 1381 3408 1451 Jerem.
3441 1404 3677 1460 xxxa,
3711 1383 3777 1460 7,
3832 1381 3979 1449 Rex
4019 1380 4258 1471 Baby-

2704 1486 2880 1553 lonis
2920 1485 3154 1555 oculos
3188 1487 3484 1557 Sedeciae
3525 1491 3723 1568 eruit,
3765 1497 3831 1556 et
3856 1489 4081 1555 vinxit
4100 1509 4256 1554 eum

2702 1592 3137 1681 compedibus
3167 1603 3243 1661 ut
3281 1594 3638 1662 duceretur
3681 1596 3752 1661 in
3794 1593 4249 1683 Babylonem·

2706 1698 2847 1764 Sub
2889 1698 2995 1768 liis
3052 1703 3495 1793 compedibus
3550 1711 3617 1770 et
3671 1701 3889 1793 culpae
3930 1708 3996 1769 et.
4033 1722 4253 1792 poenae

2703 1806 3016 1895 gemebat
3047 1808 3325 1890 PauluS‚
3369 1809 3454 1877 ad
3477 1809 3766 1877 Roman.
3801 1831 3921 1892 vu,
3947 1809 4032 1875 24
4081 1832 4095 1875 :
4131 1809 4255 1874 In·
4328 1863 4355 1880 ..

2699 1914 2881 2003 felia:
2917 1939 3038 2007 eqo
3097 1918 3299 1985 liomo
3330 1922 3360 1985 Ι
3413 1920 3564 2009 quis
3619 1941 3726 1986 me
3786 1917 4107 1985 liberabit
4170 1917 4254 1984 de

2700 2043 2976 2112 corpore
3012 2025 3251 2091 mortis
3301 2024 3519 2114 liujus
3544 2023 3585 2091 Ρ
3624 2024 3959 2091 Dominus
4017 2033 4249 2092 autem

2701 2126 2939 2196 liberat
2976 2152 3017 2196 a
3044 2131 3486 2222 compedibus
3541 2132 3759 2221 culpae
3819 2132 3888 2198 in
3931 2131 4246 2222 praesenti

2700 2258 2819 2324 per
2847 2239 3160 2325 gratiam.
3224 2237 3463 2307 Matth.
3526 2261 3667 2318 xxi,
3702 2240 3742 2304 2
3796 2237 4138 2316 :Solvile,
4184 2246 4250 2304 et

2698 2341 3021 2425 adducite
3065 2345 3260 2423 milei,
3324 2345 3587 2437 supple,
3623 2368 3803 2413 eum.
3876 2345 4059 2413 Psal.
4111 2368 4245 2426 civ,

2701 2452 2784 2518 20
2830 2472 2845 2519 :
2897 2452 3091 2518 Misit
3137 2475 3283 2534 rex,
3340 2463 3403 2520 et
3428 2453 3634 2522 solvit
3673 2475 3853 2521 eum.
3896 2452 3976 2520 ln
4015 2453 4246 2520 futuro

2703 2580 2862 2626 vero
2902 2558 3119 2627 solvet
3146 2583 3186 2628 a
3215 2562 3655 2652 compedibus
3696 2583 3912 2653 poenae
3949 2582 4071 2651 per
4100 2560 4251 2651 glo-

2702 2669 2898 2735 riam.
2934 2668 3061 2735 lsa.
3098 2692 3183 2748 ιι,
3225 2673 3297 2738 11
3350 2691 3367 2740 ε
3400 2674 3649 2762 Fuqiet
3688 2671 3891 2738 dolor
3924 2679 3989 2738 et
4022 2670 4252 2761 qemi-

2702 2786 2833 2844 tus.
2896 2774 2923 2840 Ι
2966 2775 3048 2843 ad
3080 2776 3387 2846 Corinth.
3442 2801 3555 2856 xv,
3590 2780 3674 2847 53
3713 2800 3728 2845 ε
3767 2777 4046 2870 Oportet
4099 2800 4249 2846 cor-

2701 2881 3032 2974 ruptibile
3082 2884 3207 2951 lioc
3260 2885 3544 2954 induere
3625 2887 4245 2976 incorruptionem,

2701 3000 2764 3057 et
2828 2990 3122 3057 mortale
3185 2991 3312 3060 hoc
3377 2992 3655 3060 induere
3747 2991 4251 3061 immortalita-

2703 3107 2861 3164 lem.

2801 3449 2831 3486 a
2859 3423 3198 3491 Dominus
3225 3422 3608 3493 illuminat.
3648 3452 3679 3488 n
3710 3422 3880 3494 Ecce
3902 3433 4248 3516 quartum.

2703 3527 2910 3608 Quasi
2950 3530 3199 3601 diceret
3232 3553 3248 3600 ε
3288 3531 3403 3601 Sic
3430 3533 3655 3615 solvit,
3688 3532 3869 3601 unde
3908 3533 4254 3603 confiden-

2702 3637 2864 3707 dum
2897 3640 2964 3708 in
3004 3663 3085 3708 eo
3130 3663 3146 3708 ι
3191 3648 3258 3708 et
3300 3666 3331 3707 α
3384 3643 3722 3709 Dominus
3762 3666 3796 3708 ι»
3840 3643 4046 3710 etiam
4081 3668 4115 3706 α
4168 3639 4256 3708 it-

2706 3746 3004 3813 luminat
3029 3768 3257 3831 coecoS,
3303 3771 3336 3813 ι
3378 3746 3779 3838 sapientiam
3829 3745 4252 3816 infundendo

2702 3851 3042 3921 cordibus·
3085 3854 3287 3921 Joan.
3324 3876 3420 3936 ix,
3473 3855 3584 3935 39,
3625 3853 3788 3922 dicit
3835 3851 4188 3945 Sapientia
4231 3876 4248 3922 :

2704 3960 2783 4027 ln
2811 3959 3170 4049 judicium
3209 3982 3331 4052 eqo
3369 3961 3521 4028 veni
3551 3961 3620 4029 in
3665 3961 3849 4029 hunc
3885 3960 4251 4042 mundum,

2706 4078 2780 4135 ut
2836 4069 2959 4159 qui
3013 4092 3148 4136 non
3206 4068 3460 4152 vident,
3493 4068 3790 4145 videant,
3824 4077 3950 4137 etc.
3986 4067 4257 4160 Quippe

2704 4175 2845 4266 ipse
2877 4182 2979 4242 est
3015 4172 3162 4260 lux,
3195 4173 3398 4256 Joan,
3443 4198 3491 4257 ι,
3531 4175 3571 4243 9
3614 4196 3631 4241 :
3682 4174 4057 4244 Iltuminat
4102 4197 4258 4243 om-

2704 4303 2854 4349 nem
2904 4283 3246 4351 leominem
3285 4283 3655 4352 venientem
3708 4284 3779 4351 in
3823 4282 4005 4352 leuno
4046 4305 4260 4352 mun-

2707 4388 2898 4460 dum.

2794 4636 2828 4671 a
2887 4609 3229 4678 Dominus
3281 4607 3509 4697 eriqit.
3572 4631 3605 4672 ι
3666 4604 3838 4676 Ecce
3903 4608 4249 4700 quintum,

2702 4713 2957 4784 scilicet
2991 4712 3315 4783 elisorum
3348 4713 3620 4783 erectim
3709 4750 3721 4760 ·

2792 4820 3000 4902 Quasi
3040 4821 3292 4891 diceret
3326 4843 3343 4890 t
3390 4820 3506 4890 Sic
3540 4842 3754 4890 caecos
3782 4819 4149 4902 illuminat.
4182 4829 4252 4892 et

2703 4931 2903 4998 etiam
2948 4954 2982 4996 α
3022 4930 3364 4998 Dominus
3413 4929 3614 5019 eriqit
3660 4928 3888 5014 elisos,
3931 4953 3967 4994 ι
4001 4928 4072 4998 in
4112 4936 4260 4997 ter-

2703 5060 2874 5107 ram.
2909 5034 3071 5104 Elisi
3112 5045 3271 5106 sunt
3312 5037 3381 5104 in
3428 5043 3704 5116 terram,
3747 5058 3869 5127 per
3915 5034 4253 5127 cupidita·

2702 5156 2838 5214 tem
2868 5143 2949 5212 ad
2986 5152 3249 5212 terrena
3280 5142 3608 5212 inclinati.
3645 5140 3949 5225 Nahum,
3981 5161 4083 5227 ιιι,
4114 5143 4195 5212 10
4234 5165 4252 5213 :

2700 5250 3005 5322 Parvuli
3044 5248 3281 5320 eorum
3314 5246 3484 5319 ⁴elisi
3524 5257 3685 5318 sunt
3725 5251 3797 5317 in
3842 5250 4069 5342 capite
4104 5270 4260 5317 om-

2701 5362 2896 5430 nium
2961 5363 3260 5429 viarum.
3354 5360 3513 5441 Job,
3570 5382 3736 5442 xxx,
3813 5359 3899 5427 22
3955 5381 3971 5427 ε
4037 5360 4261 5447 Quasi

2697 5493 2903 5562 super
2936 5479 3211 5540 ventum
3254 5492 3514 5561 potiens
3565 5467 3812 5538 elisisti
3857 5490 3966 5536 me
3995 5467 4252 5538 valide.

2700 5579 2843 5648 llos
2902 5579 3106 5672 erigit
3144 5578 3230 5647 ad
3284 5577 3609 5658 coelestia,
3677 5576 3930 5647 faciens
3977 5570 4260 5646 *terrena

2698 5688 3106 5780 relinquere.
3150 5687 3311 5768 Job,
3380 5709 3450 5769 v,
3513 5687 3585 5754 11
3638 5708 3656 5756 ε
3695 5684 4016 5756 Humiles
4053 5686 4260 5778 ponit
