5008 6329
626 351 754 421 332
1627 357 1713 426 D.
1765 358 1967 427 ALB.
2021 357 2245 428 MAG.
2296 355 2502 429 ORD.
2552 357 2850 424 PRAED.

714 563 749 599 α
780 539 877 604 Et
927 536 1264 605 mandata
1320 544 1466 601 tua.
1518 562 1550 595 »
1600 533 1728 602 Hic
1770 533 2171 613 secundum,
2292 534 2671 626 colliqitur,
2735 533 3342 625 multiplicabitur.
3415 535 3525 615 Et,
3594 559 3831 614 xxvm,

622 644 1045 711 enumeratio
1113 641 1455 709 bonorum
1514 665 1596 710 ex
1648 643 1774 709 hac
1823 648 2178 732 exspecta—
2291 645 2425 710 20:
2461 645 2598 726 Qui
2631 646 2919 734 festinat
2975 644 3213 723 ditari,
3265 666 3401 710 non
3459 647 3587 710 erit
3635 646 3829 711 inno-

622 751 809 817 tione
880 751 1314 840 sequentium
1392 775 1406 819 ε
1469 761 1536 819 et
1611 751 1930 817 dicuntur
2007 749 2169 815 duo.
2290 774 2466 819 cens.

620 856 881 941 Primo,
952 868 1311 927 enumerat
1371 858 1485 926 illa
1549 859 1754 925 bona.
1822 855 2168 938 Secunde,

618 966 862 1056 probat
894 969 1075 1059 quod
1108 993 1269 1038 vere
1318 968 1526 1036 habet
1582 965 1721 1041 illa,
1758 963 1874 1041 ibi,
1913 966 1983 1031 in
2034 988 2174 1032 me-

618 1073 730 1142 dio
768 1082 831 1151 5.
873 1076 997 1145 168
1035 1100 1112 1147 2«
1151 1076 1335 1160 Quia
1365 1096 1593 1141 omne-5
1622 1072 1769 1139 viae·
1807 1099 1839 1133 ’²
2374 1106 2407 1147 ι
2462 1081 2845 1151 Custodivit
2883 1083 3119 1149 anima
3146 1103 3321 1149 mea.
3354 1108 3386 1146 a>
3429 1082 3559 1150 Hic
3586 1102 3832 1149 secun-
3923 1082 4110 1151 107

311 2688 403 2742 Qut
430 2699 524 2732 non

325 2745 528 2802 potsunt

274 2802 561 2897 ‘ffiffiss
605 2803 815 2871 lutem
847 2799 1298 2877 formidolosi,
1348 2799 1467 2867 sed
1496 2800 1723 2866 statim
1767 2799 2041 2868 tradunt
2083 2821 2155 2867 se

706 1184 784 1252 In
857 1187 1079 1275 prima
1160 1184 1313 1251 tria.
1386 1182 1645 1260 Primo,
1725 1180 2021 1250 charitas
2105 1190 2172 1250 et
2283 1189 2470 1267 dum,
2539 1189 2792 1258 scilicet
2853 1189 3181 1280 patientia
3237 1211 3252 1257 ε

616 1315 811 1360 amor
865 1292 1375 1360 mandatorum.
1423 1289 1765 1370 Secundo,
1810 1291 2163 1381 patientia,

616 1398 733 1475 ibi,
775 1406 839 1474 5.
889 1400 1012 1466 167
1059 1421 1075 1466 :
1124 1423 1158 1465 α
1196 1399 1582 1467 Custodivit
1629 1399 1869 1465 anima
1914 1421 2090 1466 mea.
2129 1423 2163 1460 υ

609 1504 863 1585 Terti0,
915 1508 1316 1576 exercitium
1376 1507 1445 1573 in
1502 1507 1900 1595 operatione
1956 1505 2160 1586 bona,

611 1613 729 1691 ibi,
761 1621 825 1690 Ἰ.
877 1616 1001 1683 168
1037 1637 1052 1683 :
1092 1643 1125 1677 «
1173 1615 1459 1684 Servavi
1479 1613 1837 1680 mandata.
1874 1640 1906 1673 υ

694 1723 874 1790 Dicit
914 1745 1076 1812 ergo
1112 1746 1129 1790 ε
1167 1720 1284 1789 Sic
1330 1720 1625 1789 salutare
1655 1720 2158 1810 exspectabam,

3318 1196 3385 1256 et
3457 1196 3833 1278 tanguntur

2281 1297 2442 1366 duo.
2504 1296 2762 1375 Primo,
2824 1298 3170 1387 patientia.
3247 1295 3590 1375 Secunde,
3644 1295 3828 1387 quod

2278 1407 2666 1486 informata,
2718 1405 2912 1474 aliter
2955 1429 3198 1496 parurn
3248 1405 3452 1486 valet,
3488 1406 3610 1486 ibi,
3656 1429 3690 1469 α
3732 1407 3828 1473 Et

2278 1516 2527 1582 dilexit
2547 1537 2645 1581 ea.
2690 1539 2723 1578 ιι

2363 1623 2543 1691 Dicit
2570 1644 2729 1714 ergo
2776 1645 2791 1689 :
2838 1621 2952 1690 Sic
2974 1622 3179 1690 dilexi
3213 1623 3536 1691 mandata
3566 1621 3823 1690 habens

2275 1730 2695 1807 charitatem,
2739 1738 2805 1797 et
2855 1732 3058 1798 etiam
3110 1758 3145 1793 α
3192 1730 3559 1798 custodivit
3587 1731 3824 1798 anima

604 1830 724 1899 sed
762 1832 922 1921 quia
978 1830 1395 1920 exspectatio
1438 1851 1615 1896 vana
1655 1837 1757 1895 est
1815 1849 1967 1918 quae
2024 1850 2164 1896 non
2273 1858 2423 1903 mea
2466 1859 2498 1900 »
2533 1835 2628 1923 (in
2658 1834 2789 1904 hoc
2818 1843 3095 1903 notatur
3123 1834 3415 1924 affectio)
3459 1862 3494 1899 α
3528 1838 3825 1902 testimo·

602 1942 821 2031 surgit
847 1962 933 2008 ex
970 1938 1155 2008 bono
1195 1961 1427 2029 opere,
1512 1967 1544 2000 «
1587 1948 1651 2005 et
1699 1938 1923 2006 dilexi
1958 1960 2164 2006 man·
2270 1943 2390 2009 nia
2425 1951 2572 2019 tua,
2631 1968 2660 2004 n
2733 1943 3056 2033 martyria
3099 1965 3115 2010 ε
3160 1964 3312 2010 ecce
3351 1941 3704 2021 fortitudo,
3758 1949 3823 2009 et

601 2046 796 2129 data,
840 2071 873 2112 n
921 2067 1072 2136 quai
1129 2044 1389 2113 ducunt
1426 2045 1511 2112 ad
1562 2047 1787 2135 ipsum
1834 2044 2153 2124 salutare,

600 2163 666 2222 et
694 2153 1008 2223 salutaris
1038 2153 1358 2221 fructum.
1392 2152 1592 2221 Joan.
1630 2174 1725 2232 vi,
1760 2154 1842 2220 69
1878 2174 1894 2221 ε
1944 2152 2156 2220 Verba

600 2263 753 2329 vitae
808 2269 1097 2345 aeternoe,
1148 2259 1234 2327 ad
1271 2262 1486 2327 vitam
1529 2259 1785 2327 scilicet
1827 2267 2154 2327 aeternam

600 2369 938 2447 ducentia,
983 2367 1217 2437 habes.
1261 2366 1346 2435 Et
1382 2374 1660 2458 propter
1700 2364 1833 2434 hoc
1882 2365 2153 2446 dicitur,

600 2475 928 2544 Proverb.
998 2497 1144 2554 vni,
1222 2477 1301 2542 10
1371 2496 1388 2543 :
1464 2475 1866 2542 Doctrinam
1931 2476 2158 2565 maqis

603 2607 813 2677 quam
842 2606 1095 2651 aurum
1133 2583 1393 2674 eliqite.

695 2692 898 2772 Nota,
924 2691 1108 2781 quod
1137 2712 1279 2758 non
1307 2697 1596 2780 possunt
1633 2697 2025 2780 exspectare
2054 2712 2159 2757 sa-

603 2910 903 2992 diabolo,
936 2910 1184 3000 signati
1224 2931 1348 2999 per
1390 2906 1721 2982 Sobnam,
1759 2910 1876 2998 qui
1922 2909 2151 2976 statim

598 3018 874 3086 tradidit
902 3016 1311 3086 civitatem¹.
1339 3015 1641 3095 Nahum,
1673 3038 1769 3093 ιιι,
1810 3018 1925 3086 12:
1982 3017 2153 3086 Om-

592 3152 708 3196 nes
728 3127 1138 3196 munitiones
1166 3134 1306 3194 tuae
1330 3126 1509 3193 sicut
1526 3125 1701 3213 ficus
1719 3147 1874 3193 cum
1893 3127 2152 3218 qrossis

587 3239 772 3304 suis:
800 3237 863 3302 si
890 3255 1228 3302 concussae
1245 3234 1536 3323 suerint,
1561 3231 1804 3300 cadent
1835 3235 1907 3302 in
1929 3257 2002 3301 os
2032 3257 2149 3301 co-

591 3343 941 3411 medentis.
979 3340 1255 3410 Deuter.
1293 3362 1409 3418 xx,
1434 3340 1476 3407 8
1520 3362 1535 3409 τ
1584 3342 1755 3426 Quis
1797 3351 1895 3408 est
1941 3341 2142 3408 homo

586 3448 1110 3540 formidolosus,
1142 3457 1209 3517 et
1237 3447 1439 3517 corde
1460 3447 1722 3538 pavido
1746 3446 1787 3514 ?
1821 3449 2055 3527 vadat,
2079 3462 2143 3519 et

588 3565 969 3625 revertatur
1004 3556 1076 3622 in
1114 3554 1401 3623 domum
1436 3577 1664 3622 suam.
1720 3554 1983 3623 Infirmi
2030 3554 2148 3625 do-

588 3689 712 3735 nec
741 3664 1085 3732 transierit
1115 3665 1439 3739 accessio,
1469 3662 1587 3731 sed
1636 3666 1866 3731 statim
1899 3664 2147 3734 volunt

589 3772 847 3842 bibere.
877 3771 1133 3842 Jerem.
1169 3793 1257 3850 u,
1301 3771 1429 3840 39:
1482 3768 1568 3838 In
1632 3771 1864 3840 calore
1907 3795 2142 3841 eorum

580 3903 836 3973 ponam
861 3888 1071 3972 potus
1104 3900 1373 3958 eorum,
1403 3887 1470 3946 et
1521 3876 1873 3946 inebriabo
1917 3902 2029 3948 eos
2066 3890 2144 3948 ut

577 3988 965 4081 sopiantur.
992 3984 1073 4055 ln
1096 3985 1279 4055 Psal.
1310 4007 1448 4065 cm,
1481 3987 1551 4053 11
1581 4008 1599 4054 :
1622 3986 2144 4078 Exspectabam

581 4097 831 4185 onaqri
857 4096 930 4163 in
956 4094 1081 4163 siti
1103 4115 1261 4160 sua.
1286 4091 1627 4162 Dominus
1655 4116 1814 4162 cum
1833 4094 2051 4164 sitiret
2071 4097 2140 4164 in

578 4223 802 4280 cruce,
845 4222 984 4269 non
1030 4201 1263 4267 statim
1307 4198 1527 4268 voluit
1568 4199 1801 4269 bibere
1847 4209 1899 4269 ⁸.
1935 4202 2140 4271 Pueri

578 4308 798 4377 donec
840 4308 1100 4376 fructus
1135 4308 1273 4374 sint
1325 4308 1604 4386 maturi,
1647 4307 1767 4375 sed
1806 4310 2139 4377 immatu-

580 4436 693 4483 ros
739 4412 1136 4490 comedunt,
1171 4418 1238 4480 et
1293 4413 1601 4482 nocivos.
1648 4412 1672 4480 l
1713 4412 1885 4506 Reg.
1932 4437 2009 4494 n,
2057 4416 2136 4482 12

577 4531 646 4593 et
684 4544 860 4614 seq„
903 4521 987 4589 de
1040 4521 1199 4590 filiis
1238 4519 1420 4600 Heli,
1464 4521 1580 4612 qui
1619 4543 1762 4590 non
1821 4530 2137 4613 poterant

578 4638 971 4722 exspectare
1035 4628 1256 4698 donec
1330 4651 1569 4698 carnes
1649 4639 2129 4721 coquerentur.

577 4735 709 4804 lsa.
744 4757 988 4819 xxvm,
1023 4736 1105 4802 4:
1152 4735 1373 4820 Quasi
1409 4743 1924 4827 temporaneum
1974 4745 2134 4806 ante

579 4844 1050 4911 maturitatem
1106 4844 1458 4922 autumni,
1520 4844 1732 4935 quod,
1791 4866 1950 4913 eum
2004 4844 2133 4913 ad·

572 4951 871 5044 spexerit
899 4949 1159 5031 videns,
1188 4952 1429 5019 statim
1464 4960 1538 5018 ut
1565 4973 1781 5019 manu
1810 4954 2128 5034 tenuerit,

574 5055 928 5126 devorabit
974 5056 1186 5126 illud.
1222 5056 1404 5126 Nota
1448 5057 1533 5126 de
1575 5056 1758 5126 Esau
1794 5068 1843 5128 ⁸.
1887 5058 2132 5151 Cupidi

576 5166 693 5257 qui
722 5165 967 5234 volunt
994 5164 1218 5233 modis
1246 5164 1569 5233 omnibus
1606 5163 1809 5233 ditari
1839 5167 1908 5235 in
1945 5190 2132 5258 prae-

574 5277 771 5342 senti.
810 5273 1141 5343 l'roverb.
1168 5297 1318 5354 xm,
1349 5276 1423 5342 11
1453 5296 1472 5342 t
1507 5274 1919 5346 Substantia
1939 5279 2132 5368 sesti-

573 5391 744 5451 nata
790 5380 1166 5465 minuetur,
1216 5392 1280 5451 et
1317 5405 1472 5475 quse
1504 5382 1868 5475 paulatim
1914 5408 2129 5455 manu

649 5628 671 5666 ¹
699 5628 786 5688 Cf.
817 5628 932 5685 lsa.
965 5641 1105 5695 xxu,
1144 5629 1213 5683 ¹5
1240 5632 1301 5685 et
1338 5644 1468 5702 seq.

651 5718 675 5756 ἓ
702 5717 788 5776 Ct'.
819 5717 1023 5775 flattu.
1053 5732 1230 5786 xxvu,
1257 5717 1351 5775 34.

2269 2050 2594 2139 patientia
2623 2050 2692 2115 in
2723 2048 3109 2117 contitendo
3140 2048 3485 2130 audacter,
3527 2056 3596 2116 et
3622 2049 3821 2116 testi-

2269 2156 2579 2224 monium
2610 2154 3048 2245 perhibendo.
3088 2155 3149 2223 11
3183 2155 3269 2223 ad
3293 2155 3594 2224 Timoth.
3639 2179 3689 2239 1,
3723 2157 3763 2224 8
3797 2178 3812 2223 :

2265 2258 2435 2330 Noli
2460 2258 2839 2328 erubescere
2855 2262 3320 2328 testimonium
3354 2261 3514 2328 Dei.
3559 2258 3699 2329 Sed
3727 2282 3813 2329 ne

2267 2365 2361 2433 ita
2394 2364 2629 2433 videar
2679 2365 3052 2434 custodisse
3102 2369 3280 2433 sicut
3329 2365 3655 2444 haeretici,
3688 2364 3815 2434 ad-

2266 2474 2352 2544 do
2386 2496 2403 2544 t
2440 2498 2476 2540 ι
2508 2477 2602 2543 Et
2638 2473 2885 2542 dilexit
2922 2497 3001 2542 ea
3029 2475 3470 2553 veliementer,
3509 2499 3544 2542 s
3578 2496 3662 2543 ex
3700 2474 3814 2542 di-

2263 2581 2553 2652 lectione
2609 2591 2675 2650 et
2728 2583 3053 2652 charitate
3111 2606 3261 2676 quae
3327 2586 3398 2651 in
3436 2606 3547 2652 me
3603 2591 3804 2652 erat:

2268 2695 2338 2761 in
2391 2714 2529 2784 quo
2584 2692 2878 2761 excludit
2920 2691 3394 2761 haereticorum
3453 2695 3802 2785 martyria.

2267 2800 2483 2869 Aliter
2527 2801 2708 2868 enim
2747 2824 2886 2869 non
2942 2801 3271 2882 valerent,
3323 2803 3380 2868 si
3435 2823 3576 2870 non
3631 2808 3810 2870 esset

2261 2907 2350 2976 ibi
2391 2909 2706 2978 charitas.
2770 2908 2795 2975 1
2851 2910 2937 2979 ad
2993 2909 3302 2979 Corinth.
3353 2930 3498 2987 xm,
3546 2910 3587 2976 3
3651 2930 3668 2976 :
3728 2910 3810 2979 Si

2261 3013 2608 3081 tradidero
2650 3035 2895 3105 eorpus
2950 3036 3176 3082 meum
3225 3015 3326 3081 ita
3364 3023 3443 3081 ut
3488 3012 3801 3094 ardeam,

2257 3121 2657 3192 charitatem
2718 3131 2950 3191 autem
3013 3144 3148 3190 non
3222 3121 3556 3205 habuero,
3622 3122 3809 3191 nihil

2257 3230 2431 3298 milii
2461 3229 2762 3321 prodest.
2804 3229 3090 3299 Dilectio
3139 3238 3369 3299 autem
3416 3229 3577 3299 facit
3615 3230 3802 3298 forti-

2255 3347 2361 3407 ter
2386 3340 2744 3423 sustinere,
2792 3338 3049 3409 Cantic.
3102 3361 3246 3421 vm,
3289 3343 3330 3406 6
3375 3364 3392 3410 :
3434 3342 3668 3409 Fortis
3702 3350 3800 3409 est

2256 3454 2333 3514 ut
2369 3468 2552 3513 mors
2579 3445 2880 3517 dilectio.
2933 3446 3102 3531 lmo,
3151 3445 3482 3527 laetanter,
3538 3447 3690 3516 Act.
3723 3469 3794 3527 ν.

2252 3555 2361 3632 41,
2404 3553 2649 3622 dicitur
2692 3554 2774 3623 de
2834 3555 3106 3645 repletis
3144 3555 3473 3625 charitate
3523 3578 3539 3625 t
3595 3555 3798 3624 Ibant

2246 3663 2644 3753 qaudentes,
2685 3663 2998 3753 Apostoli
3033 3663 3315 3744 scilicet,
3357 3688 3403 3733 a
3438 3673 3796 3757 conspectu

2248 3769 2548 3849 concilii,
2590 3778 2715 3840 etc.

2336 4109 2372 4151 ι
2420 4085 2705 4155 Servavi
2758 4084 3117 4153 mandata.
3190 4112 3224 4149 υ
3295 4084 3424 4155 llic
3479 4086 3785 4168 tertium,
3884 4091 4071 4159 ¹08

2242 4191 2494 4267 scilicet
2531 4192 2921 4261 exercitatio
2952 4193 3022 4259 in
3051 4193 3342 4283 justitia.

2328 4300 2445 4366 Ait
2516 4300 2696 4367 enim
2730 4322 2746 4366 :
2786 4298 2901 4368 Sic
2957 4298 3359 4368 charitatem
3426 4298 3665 4380 habui,
3722 4310 3790 4371 et

2240 4431 2545 4477 amorem
2582 4406 2667 4476 ad
2699 4407 3042 4494 mandata,
3075 4411 3239 4501 quia
3276 4409 3783 4502 exspectabam,

2238 4525 2308 4587 et
2344 4516 2587 4585 fortem
2637 4514 2847 4586 habui
2914 4517 3316 4608 patientiam
3368 4541 3386 4589 z
3447 4526 3516 4588 et
3582 4520 3786 4589 etiam

2242 4654 2276 4691 ιι
2340 4627 2629 4707 servavi,
2698 4651 2735 4690 ι
2795 4625 3176 4695 exercendo
3243 4649 3354 4697 me
3423 4629 3493 4697 in
3551 4651 3784 4721 opere,

2247 4763 2280 4796 α
2318 4734 2654 4803 mandata
2703 4745 2854 4814 tua,
2885 4762 2920 4797 n
2974 4734 3057 4802 de
3089 4735 3398 4826 agendis,
3435 4765 3472 4801 ι
3503 4747 3567 4806 et
3597 4739 3788 4807 testi-

2236 4842 2470 4910 monia
2514 4852 2663 4921 tua,
2712 4866 2745 4907 n
2793 4841 2875 4910 de
2922 4841 3267 4914 cavendis.
3328 4843 3574 4914 Matth.
3638 4868 3782 4927 xix,

2242 4950 2322 5017 17
2382 4970 2401 5018 t
2470 4950 2555 5019 Si
2624 4951 2728 5017 vis
2791 4949 2889 5017 ad
2957 4950 3169 5019 vitam
3229 4952 3527 5044 inqredi,
3590 4976 3785 5022 serva

2236 5055 2593 5125 mandata.
2657 5057 2863 5128 Eccli.
2924 5079 3041 5138 xv,
3104 5059 3183 5126 16
3252 5082 3270 5129 :
3338 5060 3423 5130 Si
3484 5059 3785 5129 uolueris

2237 5166 2570 5235 mandata
2622 5188 2915 5247 servare,
2955 5166 3449 5235 conservabunt
3494 5179 3582 5237 te.
3651 5166 3787 5237 Sa-

2237 5272 2447 5362 pient.
2488 5274 2695 5357 v1,19
2733 5293 2750 5340 :
2786 5272 3172 5342 Custoditio
3205 5273 3436 5364 lequm
3473 5297 3787 5344 consum·

2234 5380 2448 5448 matio
2487 5380 3016 5471 incorruptionis
3041 5389 3162 5448 est.

2299 5629 2324 5667 ⁸
2351 5630 2441 5689 Cf.
2478 5632 2690 5691 Genes.
2721 5649 2857 5705 xxv,
2885 5635 2955 5689 29
2985 5634 3048 5689 et
3065 5646 3196 5704 seq.
