5008 6329
269 3372 388 3420 pm
400 3360 574 3407 Psalmi

620 335 750 405 440

617 505 986 597 aliquande
1026 513 1322 589 tantum,
1366 505 1477 571 vel
1533 504 1773 588 semel,
1835 503 1951 572 sed
2009 528 2041 569 α
2104 504 2175 570 in

615 634 1047 701 quacumque
1092 611 1205 678 die
1253 613 1651 680 invocavero
1692 623 1778 680 te.
1841 639 1872 674 »
1922 610 2171 702 Supra,

615 718 685 783 in
714 718 896 784 Psal.
933 740 1040 797 nv,
1091 719 1171 785 10
1224 741 1239 787 :
1287 720 1371 787 ln
1410 743 1845 811 quacumque
1905 720 2017 786 die
2065 721 2175 785 in-

615 844 933 891 vocavero
975 835 1059 902 te,
1116 827 1437 895 velociter
1474 826 1737 894 exaudi
1793 848 1919 891 me.
1976 822 2174 901 Quod

612 931 670 995 si
708 928 971 1014 feceriS,
1015 934 1157 1002 scie
1199 934 1385 1025 qued
1445 961 1480 997 α
1535 930 2046 1021 multiplicabis
2103 931 2173 996 in

613 1039 849 1108 anima
887 1064 1064 1124 mea,
1101 1070 1136 1105 n
1171 1050 1237 1109 te
1284 1040 1631 1121 laudante,
1668 1048 1735 1106 et
1782 1038 1904 1105 tibi
1955 1036 2174 1106 confi-

610 1152 819 1225 tente,
865 1172 899 1213 ι
933 1149 1279 1215 virtulem.
1328 1172 1361 1211 ιι
1395 1144 1525 1213 Vel
1573 1147 1696 1221 sic,
1739 1153 1815 1212 ut
1863 1154 2177 1213 sumatur

610 1253 899 1321 verbum
937 1276 1060 1344 pre
1100 1253 1313 1321 verbe
1369 1277 1384 1320 :
1442 1251 1555 1322 Sic
1605 1276 1801 1345 rege,
1855 1262 1929 1321 ut
1973 1276 2177 1321 exau-

609 1359 781 1445 dias,
813 1360 886 1427 in
916 1383 1349 1451 quacumque
1381 1360 1490 1429 die
1520 1361 1958 1446 invocavere‚
1993 1369 2060 1429 et
2102 1362 2173 1427 in

608 1468 738 1537 hac
780 1494 814 1535 ι
847 1470 1380 1563 multiplicabis,
1419 1499 1453 1535 >³
1495 1471 1566 1539 id
1607 1480 1733 1553 est,
1768 1471 2168 1562 multiplica,

611 1602 644 1641 ιι
705 1578 779 1643 in
834 1579 1075 1646 anima
1113 1602 1266 1647 mea
1314 1581 1665 1646 virtutem.
1729 1605 1760 1639 υ
1842 1582 1923 1646 Et
1978 1587 2168 1656 neta,

607 1684 793 1776 qued
839 1688 960 1777 qui
1005 1696 1158 1755 erat
1210 1688 1357 1755 sine
1395 1685 1578 1754 nube
1634 1684 2048 1776 cupiditatis,
2108 1693 2175 1753 et

610 1791 848 1882 culpae,
884 1793 1069 1883 qued
1100 1801 1205 1862 est
1233 1815 1429 1861 erare
1459 1794 1528 1859 in
1560 1792 1694 1873 die,
1728 1793 2070 1861 Dominus
2100 1795 2172 1861 in

608 1900 842 1967 anima
878 1922 1004 1968 sua
1032 1896 1442 1991 multiplicat
1477 1901 1831 1968 virtutem.
1859 1898 2065 1967 Eccli.
2120 1924 2167 1980 1,

608 2005 647 2073 Ἰ
686 2027 702 2072 :
736 2005 1402 2097 Multiplicalionem
1435 2007 1781 2097 inqressus
1801 2005 2002 2073 illius
2019 2007 2175 2097 quis

609 2112 956 2179 intelle-tit
988 2110 1031 2180 ?
1058 2110 1270 2191 Quasi
1320 2112 1571 2181 diceret
1634 2136 1650 2181 ε
1702 2111 1972 2180 Nullus.
2035 2112 2168 2180 Isa.

608 2240 793 2297 mu,
853 2220 960 2298 11,
1014 2218 1261 2287 dicitur
1308 2218 1390 2287 de
1449 2227 1742 2310 purgato
1793 2242 1833 2287 a
1879 2220 2173 2309 peccatis

609 2349 731 2418 per
761 2328 1107 2415 jejunium
1139 2336 1207 2395 et
1255 2325 1728 2419 eleemosynas
1770 2348 1786 2396 ε
1846 2325 2175 2418 Implebit

609 2432 1091 2525 splendoribus
1147 2436 1458 2503 animam
1516 2443 1736 2503 luam.
1774 2434 1849 2502 Si
1898 2434 2174 2525 petieris

614 2540 778 2631 quid
808 2542 946 2609 sint
1000 2539 1424 2631 splendereS,
1458 2542 1748 2610 virtutes
1787 2550 1948 2609 sunt
1978 2563 1994 2608 ε
2030 2540 2176 2609 haec

612 2656 713 2717 est
750 2646 1227 2739 multiplicatio
1285 2657 1351 2717 et
1389 2649 1835 2730 abundantia,
1871 2650 1952 2718 de
2011 2671 2169 2741 qua,

608 2755 767 2833 Jeb,
817 2777 890 2840 v,
941 2757 1027 2824 26
1072 2777 1090 2825 ε
1140 2757 1559 2848 lnqredieris
1606 2759 1679 2824 in
1736 2757 2172 2826 abundantia

609 2864 1031 2955 sepulcrum.

720 3219 750 3256 ι
790 3190 1268 3281 Confiteanlur
1303 3192 1457 3278 tibi,
1488 3195 1807 3262 Domine.
1857 3218 1889 3260 ι
1915 3194 2044 3264 Hic
2066 3218 2181 3264 se-

517 3319 548 3351 ·
620 3296 843 3365 cunda
878 3320 1035 3388 pars
1072 3299 1467 3390 principalis
1496 3300 1709 3368 tetius
1737 3299 1943 3391 hujus
1982 3302 2178 3370 Psal-

622 3405 740 3472 mi.
794 3404 1534 3498 Pestquam'premisit
1582 3430 1655 3476 se
1707 3408 2174 3487 laudaturum,

620 3520 809 3603 optat
857 3522 934 3581 ut
989 3513 1104 3582 alii
1141 3514 1420 3606 perfecti
1467 3515 1747 3584 laudent
1776 3517 1951 3586 sicut
2004 3519 2174 3609 ipse,

621 3630 687 3691 et
723 3621 971 3713 prebat
1017 3622 1206 3714 qued
1246 3623 1515 3693 debent.
1590 3625 1744 3694 Due
1783 3634 2016 3695 autem
2066 3626 2176 3695 di-

619 3737 888 3797 cuntur.
935 3729 1173 3798 Primo
1205 3731 1390 3799 euim
1429 3741 1667 3801 menet
1716 3732 1803 3801 ad
1846 3733 2175 3803 confiten-

619 3835 784 3905 dum
832 3835 1261 3929 simpliciter,
1305 3839 1416 3907 vel
1464 3847 1656 3930 optat
1693 3862 1812 3910 ees
1857 3841 2183 3933 simpliei-

618 3952 724 4014 ter
748 3945 1082 4014 confiteri.
1123 3944 1472 4029 Secunde,
1513 3947 1820 4030 laudare,
1862 3961 1929 4018 et
1957 3949 2179 4019 eonfi-

616 4055 744 4123 teri
781 4053 1118 4141 laetanter,
1151 4056 1314 4147 quia
1343 4079 1500 4125 cum
1531 4065 1763 4140 cantu,
1807 4057 1927 4140 ibi,
1976 4066 2041 4138 ᾗ.
2077 4061 2119 4129 5
2153 4082 2171 4129 :

620 4186 654 4227 ι
687 4165 784 4231 El
819 4172 1118 4234 cantent.
1154 4188 1190 4230 ι

703 4267 782 4335 In
812 4269 1033 4360 prima
1060 4269 1224 4338 due.
1251 4269 1516 4353 Primo,
1549 4280 1740 4364 optat
1761 4282 1837 4342 ut
1864 4272 2168 4344 laudent.

615 4373 957 4462 Secunde,
973 4375 1223 4468 prebat
1250 4377 1437 4469 qued
1467 4378 1740 4460 debent,
1773 4378 1890 4460 ibi,
1921 4409 1955 4445 «
1991 4380 2174 4466 Quia

612 4484 1008 4554 audierunt.
1045 4508 1081 4550 ι

703 4592 881 4661 Dicit
907 4614 1072 4685 erge
1117 4615 1134 4662 ε
1171 4592 1286 4662 Sic
1314 4593 1717 4681 confiteber,
1760 4607 1828 4666 et
1873 4621 1915 4667 e
1952 4627 1985 4662 ιι
2033 4600 2171 4667 Do-

614 4700 818 4777 mine,
863 4725 900 4764 ιι
934 4707 1122 4791 epte,
1161 4725 1196 4766 ι
1246 4700 1709 4791 confiteantur
1758 4703 1888 4771 tibi
1941 4726 2171 4772 omnes

613 4828 799 4895 reyes
827 4815 1048 4885 εει-νε,
1111 4829 1147 4871 ι
1192 4828 1434 4875 omnes
1484 4810 1727 4890 sancti,
1762 4817 1830 4877 et
1885 4832 1959 4878 se
1995 4808 2170 4879 bene

614 4919 953 5001 regentes,
1017 4918 1377 5003 tamquam
1454 4936 1695 5006 regum
1752 4918 1924 5008 regi,
1979 4916 2172 5008 Ape·-

612 5015 742 5087 cal.
793 5040 843 5097 ι,
903 5019 945 5087 5
1000 5039 1019 5086 ε
1074 5020 1409 5111 Princeps
1476 5044 1718 5112 requm
1785 5033 2005 5092 terrae.
2056 5023 2166 5106 Et,

611 5146 754 5202 xix,
805 5125 885 5191 16
919 5147 937 5193 :
978 5126 1132 5194 Rex
1166 5149 1435 5218 requm,
1467 5137 1533 5195 el
1558 5130 1904 5198 Dominus
1940 5131 2170 5199 domi-

610 5232 960 5302 nantium.
1011 5231 1346 5305 l‘reverb.
1387 5256 1533 5318 xxi,
1581 5237 1612 5304 1
1671 5257 1689 5305 ε
1748 5236 1949 5307 Sicut
1983 5239 2170 5306 divi-

605 5338 827 5407 siones
880 5363 1256 5432 aquarum,
1308 5344 1407 5410 ita
1460 5366 1579 5412 cor
1633 5345 1813 5435 reqis
1842 5346 1916 5414 in
1951 5368 2168 5415 manu

608 5449 898 5517 Domini
928 5471 1409 5542 :quocumque
1445 5453 1769 5535 voluerit,
1805 5454 2173 5524 inclinabit

608 5558 820 5628 illud.
857 5557 1078 5652 Reges
1123 5568 1356 5632 autem
1403 5570 1598 5633 term
1627 5575 1813 5645 sunt,
1845 5567 1963 5659 qui
2009 5587 2170 5634 me-

609 5674 721 5734 tus
767 5662 1074 5736 carnales
1139 5673 1210 5736 et
1266 5676 1574 5742 terrenos
1633 5671 2042 5764 reprimunt,
2100 5677 2169 5739 et

1668 334 1753 400 D.
1807 332 2007 399 ALB.
2061 331 2279 399 MAG.
2331 331 2533 399 ORD.
2587 332 2878 400 PRAED.

2285 513 2613 583 coercent,
2664 501 3031 570 secundum
3072 497 3238 566 illud
3286 496 3532 563 Genes.
3579 516 3672 570 tx,
3720 494 3760 557 2
3801 514 3815 555 :

2278 616 2387 683 Sil
2416 627 2630 682 terror
2674 624 2885 680 vester
2933 633 3139 701 super
3180 617 3426 675 cuncta
3476 598 3818 707 animalia

2281 734 2493 789 terrae.

2370 962 2401 994 «
2443 933 2620 1015 Quia
2660 931 3051 997 audierunt.
3091 951 3125 993 ιι
3184 926 3357 995 Ecce
3415 922 3815 992 secundum.

2278 1040 2484 1120 Quasi
2515 1040 2811 1106 diceret:
2861 1036 2973 1104 Sic
3037 1034 3341 1113 laudent,
3405 1040 3474 1100 et
3509 1030 3755 1098 debent
3801 1051 3817 1094 t

2282 1176 2315 1212 «
2349 1149 2514 1239 qnia
2552 1146 2943 1223 audierunt,
2990 1167 3024 1209 ι
3058 1139 3470 1223 obediende,
3514 1147 3581 1206 et
3607 1136 3821 1204 liben-

2283 1264 2446 1324 tera
2477 1250 3023 1344 praedicatoribus
3073 1247 3489 1340 recipiendo,
3538 1273 3567 1310 α
3617 1243 3820 1312 verba

2278 1366 2413 1432 oris
2441 1364 2569 1439 tui,
2613 1388 2644 1423 »
2691 1382 2839 1451 quae
2869 1361 3056 1450 prius
3095 1357 3458 1425 audierunt
3514 1353 3640 1421 seli
3686 1352 3819 1419 Ju-

2279 1472 2427 1550 daei,
2469 1493 2624 1538 cum
2652 1469 2966 1538 dixerunt
2993 1466 3160 1535 illud
3215 1465 3436 1533 Exed.
3474 1486 3662 1543 xxw,
3723 1462 3763 1529 3
3798 1482 3814 1527 ε

2282 1579 2529 1648 Omnia
2557 1577 2757 1645 verba
2820 1577 3128 1654 Domini,
3172 1596 3324 1665 quae
3367 1573 3635 1640 loculus
3694 1577 3817 1649 est,

2275 1689 2628 1777 saciemnS.
2662 1685 2824 1753 Haec
2859 1684 2945 1753 ad
3000 1703 3240 1752 omnes
3278 1703 3472 1771 reges
3511 1686 3821 1770 postme-

2279 1796 2436 1861 dum
2471 1794 2641 1861 facta
2669 1800 2850 1860 sunt.
2888 1789 3190 1880 Sapient.
3234 1812 3331 1873 vt,
3374 1789 3413 1854 2
3451 1809 3466 1852 :
3535 1785 3814 1863 Audite,

2278 1924 2484 1990 reyes,
2518 1911 2579 1967 el
2619 1898 3006 1989 intelligite,
3041 1904 3107 1965 et
3143 1901 3423 1985 prepter
3460 1890 3594 1960 hoc
3637 1890 3821 1957 vita-

2277 2016 2520 2076 verunt
2574 2006 3069 2085 confusionem,
3128 2002 3337 2072 Eccli.
3409 2023 3597 2081 xxiv,
3676 1998 3814 2066 30:

2283 2117 2418 2201 Qui
2454 2115 2652 2182 audit
2677 2137 2805 2193 me,
2838 2137 2972 2181 non
3002 2110 3485 2201 confundetur.
3531 2106 3615 2174 Et
3652 2104 3822 2173 ade-

2279 2226 2370 2314 pti
2402 2232 2555 2290 sunt
2608 2219 3086 2297 beatitudines,
3146 2217 3385 2287 saltem
3444 2238 3588 2307 spe,
3649 2212 3813 2281 Luc.

2277 2354 2370 2411 xi,
2413 2333 2497 2398 28
2543 2354 2557 2397 :
2599 2329 2800 2398 Beati
2834 2329 2956 2419 qui
2994 2327 3290 2395 audiunt
3337 2322 3618 2392 verbum
3657 2320 3813 2396 Dei,

2280 2447 2405 2507 etc.

2372 2792 2406 2833 ι
2441 2770 2531 2835 Et
2552 2775 2818 2835 cantent
2846 2765 2918 2832 in
2948 2766 3100 2831 viis.
3142 2788 3174 2826 ιι
3225 2761 3353 2830 Hic
3408 2759 3812 2837 secundum,

2281 2878 2351 2944 in
2391 2898 2525 2967 que
2561 2881 2749 2965 optat
2786 2874 2883 2942 eis
2909 2870 3181 2940 laudem
3227 2868 3477 2938 laetam.
3536 2867 3622 2935 Et
3681 2867 3821 2959 pri·

2282 3006 2420 3062 me,
2484 2981 2664 3074 qued
2721 2986 3015 3050 cantent.
3078 2976 3423 3057 Secunde,
3466 2974 3632 3067 quid
3665 2997 3826 3043 can·

2281 3099 2425 3159 tare
2479 3087 2765 3157 debeant
2819 3084 3135 3156 ostendit.
3228 3085 3487 3166 Tertio,
3580 3081 3828 3174 prebat

2286 3197 2466 3290 qued
2502 3201 2600 3266 sic
2625 3196 2872 3266 debent
2906 3194 3206 3264 laudare.
3278 3191 3378 3261 lbi
3418 3190 3821 3268 secundum,

2290 3335 2323 3368 «
2370 3306 2705 3390 Quoniam
2762 3325 3020 3392 maqna
3083 3310 3203 3370 esl.
3275 3327 3311 3363 n
3373 3298 3477 3367 lbi
3517 3297 3824 3378 tertium,

2286 3422 2348 3490 5.
2380 3417 2420 3482 6
2456 3437 2472 3480 z
2522 3443 2553 3476 α
2598 3413 2939 3499 Quoniam
2968 3409 3296 3478 excelsus.
3333 3432 3367 3474 ι

2374 3522 2549 3590 Dicit
2578 3543 2740 3611 erge
2788 3542 2804 3587 ε
2850 3518 2966 3587 Sic
3025 3525 3215 3609 epte,
3275 3514 3464 3609 qued
3519 3513 3822 3592 laudent,

2299 3657 2331 3695 ιι
2356 3639 2419 3699 et
2460 3657 2492 3692 υ
2527 3632 2731 3697 etiam
2759 3652 2793 3693 ι
2825 3635 3095 3695 cantent
3121 3648 3144 3693 .·
3181 3649 3215 3691 »
3256 3624 3413 3715 ipsi,
3447 3623 3627 3705 dice,
3675 3620 3830 3691 exi-

2286 3746 2561 3821 stentes,
2603 3763 2638 3799 α
2670 3736 2741 3803 in
2778 3735 2909 3803 viis
2934 3733 3243 3817 Domini,
3280 3756 3314 3798 ι
3344 3733 3416 3800 in
3436 3731 3831 3800 misericer-

2285 3846 2397 3915 dia
2423 3844 2677 3912 scilicet
2704 3851 2773 3911 et
2798 3842 3105 3920 veritate,
3144 3846 3224 3909 ut
3254 3840 3396 3907 sint
3441 3837 3828 3908 misericer-

2284 3953 2403 4023 des
2441 3961 2507 4021 et
2534 3972 2827 4021 veraces.
2862 3949 2985 4018 Hae
3028 3947 3161 4017 viae
3210 3945 3541 4040 pulchrae,
3600 3953 3667 4015 et
3712 3968 3828 4015 se-

2284 4062 2466 4129 mitae
2494 4060 2642 4148 ejus
2695 4056 2988 4150 paciticae
3035 4055 3329 4147 cognite
3374 4075 3393 4123 ε
3445 4055 3631 4144 quia,
3686 4051 3824 4123 Isa.

2283 4191 2356 4250 ιι,
2397 4168 2437 4235 3
2470 4189 2487 4234 ε
2530 4163 2811 4234 Docebit
2836 4185 2958 4232 nos
2986 4162 3136 4230 vias
3159 4183 3350 4240 suas,
3383 4169 3451 4230 el
3494 4158 3825 4227 ambula-

2284 4272 2506 4341 bimus
2534 4272 2604 4339 in
2628 4270 2888 4339 semilis
2923 4267 3103 4358 ejus.
3132 4267 3222 4342 Et
3247 4276 3529 4359 prepter
3556 4264 3687 4335 hec
3722 4263 3818 4334 ibi

2283 4379 2713 4457 cantandum,
2779 4377 2950 4447 Teb.
3008 4399 3158 4457 xm,
3227 4378 3313 4444 22
3368 4396 3386 4444 ε
3447 4377 3585 4446 Per
3641 4376 3824 4443 vicos

2280 4489 2458 4578 ejus,
2490 4485 2803 4555 Ecclesiae
2833 4483 3111 4561 scilicet,
3146 4505 3298 4574 quae
3346 4489 3508 4551 sunt
3553 4481 3823 4551 miseri-

2280 4596 2507 4665 cordia
2534 4604 2600 4664 et
2644 4596 2917 4672 veritas,
2954 4589 3275 4662 Alleluia
3305 4590 3727 4661 cantabitur.

2370 4728 2405 4769 ι
2441 4702 2779 4786 Quoniam
2806 4723 3088 4791 mayna.
3129 4724 3159 4764 ι
3221 4697 3394 4768 Ecce
3450 4696 3616 4790 quid
3659 4719 3820 4766 can-

2280 4811 2518 4879 tabunt
2550 4833 2566 4878 :
2598 4808 2753 4893 hec,
2787 4835 2823 4874 α
2867 4809 3194 4901 quoniam
3232 4805 3471 4898 qloria
3534 4807 3822 4876 Domini

2280 4929 2376 4987 est
2411 4941 2687 5007 moytia,
2723 4943 2759 4981 n
2799 4938 2939 4986 nen
2968 4938 3116 4985 sua.
3158 4914 3291 4984 Isa.
3323 4937 3420 4996 vi,
3455 4915 3496 4984 3
3528 4935 3546 4983 ε
3593 4913 3818 4982 Plena

2277 5039 2378 5099 est
2421 5029 2642 5097 omnis
2682 5036 2880 5112 terra,
2914 5024 3148 5115 qloria
3182 5023 3363 5114 ejus.
3436 5021 3817 5113 Sequentes

2279 5160 2397 5228 per
2424 5136 2572 5203 vias
2598 5135 2771 5202 bene
2801 5138 3086 5224 pessunt
3121 5129 3271 5199 haec
3311 5138 3614 5212 cantare,
3655 5131 3817 5221 quia

2280 5241 2481 5311 Eccli.
2517 5263 2706 5319 xxm,
2750 5239 2861 5318 38,
2909 5237 3202 5306 dicitur:
3266 5236 3513 5307 Gloria
3558 5258 3816 5326 vnaqna

2279 5361 2376 5418 est
2407 5350 2599 5441 sequi
2624 5348 3027 5417 Dominum.

2369 5693 2404 5734 ι
2452 5665 2790 5754 Quoniam
2846 5663 3148 5733 &celsus
3199 5660 3566 5731 Dominus.
3605 5689 3642 5728 ιι
3683 5663 3815 5732 Hic
