5008 6329
623 336 750 404 386

624 508 664 574 2
701 531 716 575 ε
748 509 901 576 Νοη
958 509 1162 574 intres
1219 506 1288 572 in
1337 504 1700 594 judicium
1755 527 1908 572 eum
1973 524 2160 572 servo

626 625 769 694 tua,
811 615 1119 682 Domine.

721 959 755 995 «
795 933 971 1015 Quia
1014 932 1207 1024 apud
1250 941 1333 998 te.
1380 957 1415 993 n
1459 928 1587 996 Hic
1644 926 2043 1004 secundum,
2096 926 2164 992 in

630 1059 765 1128 quo
823 1048 1180 1129 postquam
1238 1034 1534 1103 ostendit
1600 1034 1787 1125 quod
1843 1034 2160 1112 oraverit,

627 1145 918 1214 ostendit
948 1144 1128 1235 quod
1171 1143 1488 1211 fiduciam
1520 1141 1835 1211 habuerit
1861 1143 1930 1208 in
1961 1164 2167 1210 oran-

624 1252 711 1320 do
747 1259 856 1320 :et
901 1260 1273 1342 tanguntur
1330 1259 1625 1342 quatuor
1679 1272 1900 1318 causae
1956 1248 2164 1318 conti-

624 1361 868 1429 dentiae
916 1369 982 1428 et
1023 1361 1189 1450 spei.
1242 1361 1365 1429 Dei
1408 1362 1646 1451 pietaS,
1701 1382 1852 1449 quae
1895 1365 2168 1448 peccata

622 1467 917 1536 dimittit.
976 1467 1295 1556 Ejusdem
1337 1466 1657 1544 charitaS,
1705 1488 1856 1556 quae
1877 1466 2165 1556 gratiam

625 1577 940 1661 infundit,
984 1576 1103 1655 ihi,
1149 1600 1183 1641 ι
1223 1578 1320 1641 Et
1368 1585 1653 1666 propter
1692 1576 1932 1665 leyem.
1987 1601 2019 1636 »
2083 1573 2165 1640 Et

622 1684 895 1759 veritas,
984 1704 1132 1773 quae
1215 1683 1632 1773 promissum
1718 1680 1947 1765 solvit,
2044 1679 2161 1760 ibi,

631 1817 665 1853 α
704 1790 1050 1859 Sustinuit
1105 1790 1340 1856 anima
1393 1811 1567 1857 mea.
1613 1814 1650 1851 n
1694 1788 1780 1855 Et
1841 1795 2162 1879 potestaS,

629 1920 782 1989 quae
814 1906 1120 1988 potenter
1158 1897 1477 1983 defendit,
1534 1897 1654 1975 ibi,
1705 1906 1772 1974 ὴ.
1808 1901 1847 1967 5
1884 1917 1901 1966 z
1940 1922 1974 1963 ι
2006 1898 2170 1988 Spe-

627 2010 807 2076 ravit
844 2009 1077 2076 anima
1131 2030 1303 2076 mea.
1357 2032 1390 2072 s

714 2111 895 2181 Dicit
959 2135 1118 2204 ergo
1188 2135 1204 2178 ε
1271 2111 1385 2180 8ἰο
1440 2111 1840 2180 necessitate
1896 2131 2170 2200 pressus

631 2224 846 2300 oravi,
918 2244 1042 2290 nec
1105 2220 1551 2289 diffidentiam
1604 2219 1843 2296 habui,
1912 2219 2054 2285 imo
2129 2240 2169 2285 o

633 2359 669 2397 α
710 2333 1024 2408 Domine,
1074 2331 1400 2409 sustinui,
1459 2356 1494 2392 n
1547 2326 2005 2419 exspectando
2058 2348 2175 2417 per

631 2462 849 2531 spem,
898 2447 963 2507 et
1018 2438 1522 2514 confidentiam,
1574 2463 1607 2503 a
1650 2438 1819 2529 quia
1873 2435 2070 2528 apud
2112 2445 2174 2502 te

632 2559 726 2616 est
764 2549 1193 2640 propitiatio,
1251 2573 1286 2609 a>
1347 2569 1483 2637 qua
1539 2554 1813 2636 peccata
1860 2544 2169 2612 dimittis.

633 2655 899 2723 Daniel.
943 2677 1034 2734 ιχ,
1081 2657 1120 2722 9
1158 2678 1174 2723 :
1213 2653 1361 2722 Tibi
1411 2655 1712 2722 Domino
1757 2655 1899 2722 Deo
1944 2661 2175 2719 nostro

631 2763 1093 2831 misericordia
1110 2771 1173 2829 et
1182 2763 1613 2853 propitiatio.
1640 2760 1748 2841 Et,
1767 2760 1968 2851 paulo
1992 2767 2172 2836 ante,

628 2878 693 2948 ἅ.
727 2871 766 2938 Ἰ
801 2893 817 2939 :
855 2869 1023 2945 Tibi,
1047 2871 1363 2946 Domine,
1384 2868 1700 2957 justitia,
1733 2864 1929 2935 nobis
1949 2876 2177 2934 autem

630 2978 943 3067 conlusio
986 2977 1215 3068 faciei.
1254 2975 1393 3044 Nec
1422 2975 1718 3058 modica,
1755 2976 1921 3053 ime,
1954 2974 2179 3042 maxi-

632 3110 768 3156 ma.
831 3087 1033 3157 Eccli.
1076 3110 1241 3166 xvn,
1287 3089 1421 3156 28:
1463 3087 1690 3173 Quam
1738 3109 1997 3179 maqna
2037 3085 2178 3152 mi-

630 3198 1000 3266 sericordia
1050 3198 1353 3277 Domini,
1413 3205 1477 3265 et
1517 3197 1931 3288 propitiatio
1980 3195 2178 3262 illius

632 3305 1165 3374 convertentibus
1201 3304 1298 3373 ad
1319 3327 1390 3372 se
1411 3308 1442 3371 Ι
1470 3303 1617 3371 Imo
1659 3311 1844 3371 totus
1883 3311 1985 3371 est
2014 3324 2179 3394 pro-

630 3412 918 3504 pitiati0.
961 3411 988 3478 l
1025 3412 1225 3480 Joau.
1270 3434 1339 3488 ιι,
1376 3414 1416 3478 2
1451 3433 1466 3478 :
1503 3412 1657 3502 Ipse
1699 3419 1798 3479 est
1838 3410 2179 3501 propitia·

634 3520 730 3588 tio
754 3543 883 3611 pro
904 3519 1199 3613 peccatis
1236 3519 1509 3586 nostris.

725 3753 759 3795 ι
792 3730 886 3796 Et
913 3738 917 3743 ’
932 3738 1213 3820 propter
1261 3726 1502 3818 leqem.
1553 3753 1586 3789 »
1648 3725 1824 3795 Ecce
1880 3724 2180 3794 secunda

634 3858 863 3906 causa.
911 3833 1117 3915 Quasi
1164 3833 1465 3903 diceret:
1503 3832 1620 3902 Sic
1666 3836 1959 3902 sustinui
2018 3855 2182 3925 pro-

636 3950 787 4035 pter
831 3943 1175 4033 pietatem,
1213 3966 1246 4003 α
1281 3949 1343 4008 et
1387 3965 1418 4005 ι
1466 3941 1673 4008 etiam
1718 3967 1751 4004 α
1783 3941 2090 4008 sustinui
2117 3950 2182 4007 te

627 4060 913 4146 propter
952 4048 1163 4139 legem
1192 4058 1413 4130 tuam,
1447 4076 1479 4110 υ
1519 4046 1868 4116 charitatis
1898 4047 2175 4126 scilicet,

641 4165 709 4226 et
745 4155 1142 4235 clementias,
1176 4177 1309 4246 qua
1346 4154 1637 4245 gratiam
1687 4153 2010 4229 infundis.
2042 4176 2179 4222 non

643 4265 888 4334 acriter
948 4265 1172 4353 punis,
1239 4263 1414 4330 sicut
1487 4264 1556 4329 in
1637 4260 1790 4353 lege
1854 4262 2184 4330 severita-

641 4372 753 4440 tis.
792 4367 1097 4437 Charitas
1132 4367 1315 4437 enim
1357 4365 1467 4435 lex
1513 4367 1662 4456 ejus
1708 4374 1833 4445 est,
1888 4366 1971 4435 de
2018 4389 2178 4458 qua,

638 4476 798 4556 Joh,
838 4500 931 4555 χι,
974 4478 1014 4546 5
1052 4485 1118 4546 et
1163 4477 1253 4545 6:
1293 4476 1576 4545 Utinam
1623 4478 1812 4543 Deus
1871 4475 2185 4567 loquere-

641 4594 759 4655 tur
794 4582 1032 4668 tibi...,
1056 4595 1131 4651 ut
1157 4581 1530 4651 ostenderet
1561 4581 1691 4650 tibi
1717 4582 1911 4674 quod
1935 4582 2184 4650 multi-

635 4691 805 4785 plex
838 4700 1004 4760 esset
1054 4688 1166 4758 lex
1207 4690 1386 4781 ejus.
1434 4688 1762 4759 Proverb.
1817 4712 2006 4769 χχχι.
2040 4692 2126 4759 26
2160 4713 2177 4763 t

640 4801 787 4868 Lex
817 4796 1183 4865 elementiae
1221 4797 1291 4863 in
1340 4795 1587 4886 linqua
1624 4795 1802 4887 ejus.
1858 4796 2021 4865 naeo
2072 4795 2181 4865 lex

641 4901 914 4972 Christi.
946 4901 1055 4970 Ad
1088 4901 1303 4970 Galat.
1337 4924 1432 4984 vx,
1484 4902 1563 4969 21
1603 4922 1620 4970 :
1650 4901 1850 4971 Alter
1891 4903 2182 4972 alterius

642 5033 850 5080 onera
886 5019 1179 5105 portate,
1217 5020 1282 5078 et
1315 5009 1414 5078 sic
1449 5008 1925 5100 adimplebitis
1967 5010 2180 5102 leqem

646 5119 921 5192 Christi.

738 5331 1163 5420 «Sustinuit
1219 5330 1457 5398 anima
1509 5351 1685 5397 mea.
1743 5354 1776 5396 n
1828 5328 2000 5399 Ecce
2048 5337 2178 5398 ter-

632 5443 831 5513 tium.
866 5437 1072 5519 Quasi
1101 5439 1391 5509 diceret:
1429 5437 1766 5519 Sustinui,
1799 5440 1961 5532 quia
2000 5438 2178 5531 apud

632 5559 698 5622 te
761 5549 997 5642 pietas,
1055 5546 1235 5638 apud
1301 5555 1364 5616 te
1430 5544 1752 5627 charitas,
1836 5554 1904 5616 et
1971 5549 2175 5616 etiam

633 5688 667 5724 a
697 5657 933 5729 anima
969 5675 1118 5720 mea
1140 5654 1479 5723 sustinuit
1509 5681 1542 5715 n
1588 5653 2033 5739 confidenter,
2077 5674 2179 5723 se·

1590 333 1674 400 D.
1731 333 1929 401 ALB.
1983 331 2197 400 MAG.
2251 330 2459 399 ORD.
2515 329 2810 398 PRAED.

2268 497 2569 566 cundum
2639 497 2808 564 illud
2863 497 3072 566 Eccli.
3138 519 3208 574 11,
3266 496 3305 562 7
3366 517 3382 563 ε
3444 497 3819 562 Metuentes

2266 606 2673 682 Dominum,
2714 606 3040 672 sustinete
3067 602 3613 670 misericordiam
3633 602 3812 690 ejus.

2268 710 2467 791 Et,in
2509 711 2774 791 eodem,
2814 719 2880 790 Ἰ.
2935 712 2974 779 3
3011 735 3026 779 :
3059 711 3343 779 Sustine
3373 710 3821 776 sustentatio-

2267 842 2383 885 nes
2438 820 2594 885 Dei.
2662 817 2960 908 Sperans
3029 847 3062 879 «
3145 820 3214 884 in
3271 815 3468 884 verbo
3527 815 3707 904 ejus,
3776 842 3806 878 υ

2270 949 2405 1017 quo
2444 926 2785 1015 promittis
2833 925 3326 992 sustinentibus
3374 923 3815 1010 adjutorium,

2270 1035 2409 1101 imo
2463 1056 2775 1122 regnum,
2827 1055 2948 1124 per
2988 1032 3425 1122 Apostolum,
3488 1032 3516 1097 1
3566 1031 3651 1097 ad
3701 1031 3823 1098 Ti-

2270 1140 2487 1207 moth.
2524 1162 2597 1219 11,
2644 1141 2724 1207 12
2758 1162 2773 1206 ε
2808 1141 2892 1211 Si
2925 1138 3437 1222 sustinebimus,
3480 1147 3545 1205 et
3582 1160 3822 1206 conre-

2267 1247 2661 1340 qnabimus.
2742 1246 2826 1313 Et
2901 1268 3041 1314 non
3117 1247 3451 1326 mentiris,
3531 1244 3817 1312 Numer.

2269 1379 2460 1434 xxm,
2510 1357 2590 1424 19
2635 1377 2651 1425 z
2695 1356 2849 1423 Non
2887 1364 2984 1422 est
3020 1358 3208 1423 Deus
3237 1356 3440 1445 quasi
3475 1354 3704 1431 homo,
3748 1362 3827 1419 ut

2271 1465 2674 1542 mentiatur,
2740 1485 2861 1530 nec
2943 1472 3020 1528 ut
3089 1462 3289 1550 filius
3360 1460 3685 1538 hominis,
3749 1468 3826 1526 ut

2272 1581 2601 1639 mutetur.

2366 1926 2400 1962 α
2441 1897 2760 1989 Speravit
2827 1896 3092 1964 anima.
3155 1922 3188 1956 »ι
3252 1894 3423 1963 Ecce
3475 1902 3820 1984 quartum.

2274 2007 2484 2088 Quasi
2532 2006 2784 2074 diceret
2815 2003 2976 2073 :Sic
3021 2025 3246 2095 spero,
3308 2004 3468 2094 quia
3525 2004 3678 2095 pius
3725 2026 3822 2089 es,

2275 2115 2744 2192 charitativus,
2768 2122 2835 2182 et
2868 2135 3078 2183 verax
3110 2133 3126 2182 t
3162 2120 3230 2180 et
3268 2113 3475 2181 etiam
3515 2142 3548 2175 α
3588 2114 3826 2181 anima

2276 2251 2427 2296 mea
2479 2227 2806 2320 speravit,
2868 2253 2903 2289 n
2956 2247 3094 2293 non
3141 2225 3212 2292 in
3268 2223 3429 2304 alio,
3481 2224 3600 2292 sed
3660 2251 3693 2290 ι
3754 2226 3828 2293 in

2277 2335 2603 2414 Domino,
2653 2358 2688 2400 ι
2732 2333 2848 2422 qui
2897 2340 3143 2423 potens
3181 2338 3282 2400 est
3334 2331 3596 2422 eripere
3646 2340 3714 2400 et
3742 2330 3829 2398 li-

2278 2440 2516 2509 berare
2588 2439 2674 2508 ab
2736 2440 2928 2508 omni
2992 2435 3203 2506 male.
3274 2437 3603 2506 Proverb.
3684 2459 3824 2515 xvi,

2281 2550 2364 2616 20
2402 2570 2416 2615 :
2457 2548 2595 2632 Qui
2644 2556 2875 2637 sperat
2922 2548 2996 2614 in
3040 2546 3368 2619 Domino.
3412 2544 3651 2612 beatus
3704 2555 3825 2613 est.

2281 2652 2388 2730 Et,
2428 2651 2684 2720 Jerem.
2735 2672 2904 2731 xvu,
2936 2650 3005 2728 Ἰ,
3058 2649 3306 2718 dicitur
3355 2672 3372 2717 z
3425 2649 3831 2717 Benedictus

2282 2760 2387 2826 vir
2430 2760 2556 2849 qui
2591 2758 2876 2847 confidit
2918 2758 2990 2824 in
3034 2758 3350 2835 Domino,
3404 2767 3467 2824 et
3509 2759 3640 2825 erit
3699 2760 3833 2825 Do·

2283 2867 2514 2933 minus
2565 2864 2829 2954 fiducia
2886 2863 3064 2953 ejus.
3125 2863 3332 2932 Eccli.
3386 2886 3623 2942 xxxiv,
3688 2867 3828 2932 15:

2281 2976 2452 3065 Spes
2515 2973 2808 3042 illorum
2873 2974 2948 3041 in
3008 2973 3393 3042 salvantem
3449 2973 3638 3041 illos.
3723 2972 3830 3054 Et,

2283 3102 2499 3166 χχχιι,
2545 3082 2631 3149 28
2666 3103 2684 3148 :
2724 3080 2863 3166 Qui
2888 3079 3174 3171 confidit
3223 3082 3293 3148 in
3343 3080 3499 3160 illo,
3539 3103 3677 3147 non
3707 3080 3838 3146 mi·

2284 3187 2675 3257 norabitur.

2378 3535 2413 3570 «
2450 3509 2510 3575 A
2559 3506 2871 3576 custodia
2915 3509 3286 3575 matutina.
3336 3535 3369 3569 n
3421 3508 3548 3577 llic
3594 3518 3696 3578 est
3732 3532 3838 3579 se·

2287 3733 2353 3792 et
2416 3726 2668 3793 excitat
2730 3722 2818 3792 ad
2880 3724 3388 3794 confidendum.
3451 3726 3607 3795 Duo
3671 3750 3837 3818 ergo

2286 3830 2630 3902 dicuntur.
2683 3830 2945 3911 Prima,
2969 3831 3349 3901 admonitio
3380 3833 3463 3902 de
3491 3834 3840 3904 confiden-

2288 3942 2381 4008 tia
2435 3941 2786 4021 continua,
2837 3948 2905 4009 et
2952 3944 3434 4033 perseveranti.
3492 3940 3839 4024 Secundo,

2288 4048 2460 4116 ratio
2537 4071 2746 4141 quare
2811 4048 3322 4129 confidendum,
3399 4050 3520 4135 ibi,
3588 4059 3655 4129 ᾗ.
3719 4054 3758 4121 Ἰ
3821 4075 3838 4123 :

2291 4181 2325 4222 ι
2363 4156 2547 4241 Quia
2585 4155 2782 4248 apud
2804 4158 3210 4226 Dominum.
3256 4184 3293 4223 s

2379 4261 2560 4330 Dicit
2613 4285 2776 4353 ergo
2820 4285 2840 4331 ε
2897 4262 3015 4332 Sic
3049 4264 3472 4334 confidenter
3507 4267 3726 4349 oravi,
3778 4275 3846 4336 et

2294 4393 2329 4435 ι
2374 4369 2620 4451 Israel,
2684 4394 2719 4436 ι
2781 4371 3079 4463 populus
3136 4370 3376 4441 videns
3433 4372 3657 4441 Deum
3724 4395 3848 4465 per

2292 4477 2522 4549 fidem.
2575 4476 2722 4548 lad
2768 4476 3077 4549 Corinth.
3120 4500 3266 4555 xm,
3324 4481 3404 4548 12
3449 4502 3465 4547 :
3533 4479 3849 4551 Videmus

2290 4607 2472 4653 nunc
2490 4608 2621 4678 per
2654 4585 3015 4679 speculum
3059 4586 3133 4654 in
3168 4586 3558 4679 enigmate.
3595 4615 3629 4651 σι
3672 4590 3850 4681 Spe-

2293 4702 2391 4759 ret
2438 4692 2510 4759 in
2567 4693 2895 4770 Domino,
2950 4719 2984 4755 ι»
3034 4699 3104 4761 et
3154 4690 3312 4776 hoc,
3349 4717 3384 4759 ι
3430 4717 3475 4761 a
3530 4694 3848 4762 custodia

2292 4800 2665 4879 matutina,
2738 4824 2773 4866 ι
2833 4823 2875 4868 a
2913 4800 3050 4869 fine
3088 4799 3345 4869 scilicet
3399 4802 3645 4883 noctis,
3697 4824 3849 4894 quae

2291 4913 2395 4974 est
2459 4907 2820 4993 matutina,
2859 4905 2971 4976 vel
3023 4930 3058 4972 ι
3102 4905 3340 4997 vigilia
3393 4931 3428 4973 ι
3470 4909 3846 4978 secundum

2292 5012 2496 5082 aliam
2527 5013 2852 5101 litteram,
2887 5040 2922 5080 ι
2965 5015 3299 5106 usquead
3321 5026 3611 5100 noctem,
3647 5042 3683 5084 ι
3714 5016 3849 5087 hoc

2290 5129 2416 5201 est,
2449 5145 2575 5214 per
2609 5131 2827 5193 totam
2855 5122 3039 5192 diem
3075 5126 3424 5196 continue.
3475 5124 3700 5194 Eccle.
3744 5148 3843 5210 χι,

2291 5231 2332 5298 6
2386 5252 2405 5301 2
2454 5233 2665 5300 Mane
2712 5230 2979 5300 semina
3039 5253 3266 5300 semen
3323 5244 3548 5311 tuum,
3611 5255 3847 5304 semen

2289 5333 2490 5407 honae
2525 5338 2697 5430 spei,
2766 5345 2833 5406 et
2868 5337 3304 5410 confidentiae
3352 5339 3424 5407 in
3481 5337 3732 5420 Deum,
3784 5351 3849 5409 et

2291 5466 2558 5537 vespere
2585 5469 2670 5513 ne
2707 5456 2910 5513 cesset
2948 5468 3197 5516 manus
3240 5456 3365 5515 tua
3393 5467 3417 5513 .·
3450 5447 3521 5514 in
3564 5468 3849 5538 vespere

2290 5572 2564 5643 sperare
2596 5575 2737 5621 non
2764 5575 2976 5622 cessa.
3029 5552 3286 5647 vigilia
3329 5553 3540 5623 etiam
3579 5553 3693 5625 vel
3730 5575 3848 5624 cu-

2289 5659 2509 5728 stodia
2541 5662 2877 5730 matutina
2902 5668 3132 5753 potest
3158 5660 3292 5732 dici
3298 5660 3653 5751 juventus,
3686 5669 3850 5731 tunc

2285 3614 2508 3684 cunda
2551 3638 2709 3707 pars
2759 3615 3040 3696 Psalmi,
3089 3616 3162 3685 in
3217 3638 3353 3708 qua
3391 3617 3565 3687 alios
3605 3629 3836 3687 monet
3867 3603 4186 3719 mg
