5008 6329
259 1769 544 1868 ”3⁸3⁸in

263 1888 460 1922 “mm
485 1882 535 1920 Οἱ

242 1931 471 2030 epitimia·
482 1928 560 1986 ju-

595 296 680 361 84

591 468 828 533 vestris
855 468 1181 536 mandate
1210 469 1574 557 alsaciam
1593 467 2032 554 J‘ustitiaS,...
2072 476 2147 532 ut

590 574 730 639 sint
760 598 1087 641 memores
1114 577 1274 651 Dei,
1309 584 1374 640 et
1406 572 1806 639 benedicant
1862 596 2016 640 eum
2077 575 2146 639 in

592 685 779 749 omni
849 695 1165 773 tempore.
1258 679 1359 746 De
1425 688 1742 770 utroque,
1814 681 1884 746 in
1962 681 2141 749 Psal.

590 813 816 868 cxvm,
856 791 974 855 121
1007 811 1023 852 z
1059 789 1220 854 Feci
1245 787 1636 876 judicium,
1671 797 1734 854 et
1752 787 2139 877 justitiam.

590 896 721 963 lsa.
757 918 889 973 xxx,
930 897 957 959 1
1013 917 1027 961 :
1066 895 1420 962 Custodite
1445 895 1834 985 judicium,
1877 905 1940 961 et
1966 896 2142 983 saci·

591 1015 654 1069 te
679 1002 1068 1092 justitiam.
1114 1002 1320 1071 Mioh.
1364 1026 1457 1085 Vi,
1495 1005 1534 1070 8
1569 1024 1584 1068 :
1619 1001 1946 1069 Indicabo
1989 1000 2139 1079 tibi,

589 1134 626 1177 o
657 1111 881 1195 homo,
915 1113 1091 1201 qnid
1112 1113 1202 1179 sit
1244 1111 1524 1189 bonum,
1566 1120 1629 1176 et
1672 1111 1852 1200 quid
1894 1111 2146 1176 Domi-

595 1240 726 1284 nus
755 1221 1061 1309 requirat
1088 1244 1131 1285 α
1172 1229 1236 1285 te
1266 1240 1287 1283 .·
1345 1219 1595 1307 Utique
1656 1220 1885 1304 faeere
1930 1216 2144 1304 jucli-

590 1326 797 1403 cium,
829 1325 1011 1415 quod
1043 1333 1142 1391 est
1172 1325 1239 1390 in
1273 1323 1580 1389 interiori
1613 1322 2042 1400 discretione,
2079 1330 2144 1388 et

590 1431 661 1498 in
727 1430 934 1497 animi
1002 1430 1436 1497 excitatione.
1503 1427 1634 1507 Qui
1712 1428 1879 1496 tales
1954 1436 2136 1504 sunt,

594 1567 625 1599 «
663 1537 864 1617 beati,
908 1565 938 1597 υ
980 1538 1123 1625 jam
1175 1535 1593 1604 beatitudine
1648 1537 1776 1603 viae
1835 1544 1899 1603 et
1968 1536 2136 1625 spei,

590 1653 743 1736 post
760 1643 1187 1711 beatificandi
1208 1642 1628 1713 beatitudine
1653 1644 1912 1733 patriae,
1931 1652 1992 1710 et
2017 1644 2134 1709 rei.

680 1750 763 1818 Et
787 1759 973 1832 nota,
1019 1751 1198 1841 quod
1269 1751 1446 1818 beati
1512 1772 1673 1816 vere
1731 1751 1847 1840 qui
1907 1757 2140 1816 custo-

588 1859 782 1925 diunt
828 1858 1191 1946 judicium,
1270 1865 1448 1925 recte
1513 1858 1686 1925 inter
1733 1880 2004 1924 carnem
2074 1866 2139 1923 et

586 1966 893 2056 spiritum
919 1965 1288 2056 judicando
1328 1972 1480 2056 post
1513 1965 1832 2046 rationeS,
1876 1973 1941 2032 et
1970 1963 2138 2032 alle-

583 2073 914 2161 gationes,
969 2071 1265 2163 Spiritus
1296 2073 1480 2140 enim
1511 2070 1758 2161 allegat
1814 2071 2136 2139 adversus

572 2206 871 2267 carnem,
904 2193 969 2252 et
998 2206 1157 2252 caro
1190 2184 1516 2251 adversus
1555 2184 1867 2272 spiritum
1895 2185 1937 2249 ¹.
1985 2182 2136 2273 Spi-

571 2291 739 2357 ritus
770 2293 992 2381 primo
1050 2291 1300 2382 allegat
1343 2289 1663 2379 imaginis
1719 2289 1842 2357 Dei
1901 2290 2132 2357 delor-

569 2398 900 2477 mitatem,
935 2399 1165 2467 dicens
1208 2396 1373 2465 illud
1417 2396 1666 2465 Thren.
1725 2420 1814 2475 iv,
1850 2402 1890 2462 8
1925 2417 1941 2466 ε
1986 2400 2131 2465 De·-

570 2510 852 2597 niqrata
886 2517 983 2575 est
1010 2530 1220 2599 snper
1245 2505 1570 2573 carbones
1618 2506 1834 2594 facies
1863 2528 2122 2575 eorum.

574 2614 914 2691 Secundo,
949 2613 1376 2680 sterilitatem
1400 2619 1463 2678 et
1485 2610 1983 2679 confusionem.
2023 2611 2126 2677 Ad

571 2719 859 2786 lloman.
894 2742 990 2797 vi,
1034 2721 1111 2785 :21
1164 2741 1180 2784 :
1238 2718 1453 2801 Quem
1507 2718 1816 2803 fructum
1873 2715 2126 2783 hahni-

566 2827 692 2891 stis
720 2834 881 2891 tunc
927 2828 996 2890 in
1047 2823 1198 2891 iltis
1236 2824 1305 2889 in
1346 2820 1599 2913 quibus
1653 2844 1834 2887 nune
1887 2821 2127 2888 erube-

567 2931 779 2998 scitis.
858 2928 1128 3018 Allegat
1193 2927 1550 3005 damnum,
1611 2934 1678 2993 et
1720 2949 1987 3018 poenam
2059 2928 2124 2994 in

569 3037 908 3129 praesenti,
951 3035 1182 3103 dicens
1221 3034 1389 3103 illud
1425 3034 1587 3103 Luc.
1625 3058 1693 3111 x,
1728 3037 1814 3103 30
1844 3044 1909 3103 et
1946 3057 2120 3125 seq.,

572 3147 1004 3219 Descendens
1044 3148 1109 3214 in
1139 3143 1416 3214 Jericho
1444 3143 1775 3235 spoliatus
1811 3150 1913 3230 est
1967 3168 2121 3235 gra·

571 3259 785 3336 luitis,
817 3281 970 3324 ecce
1018 3256 1402 3324 damnum:
1463 3262 1531 3323 et
1591 3254 1987 3322 vulneratus
2055 3254 2122 3321 in

569 3367 1015 3442 naturalibus,
1051 3390 1205 3433 ecce
1245 3388 1469 3455 poena.
1507 3364 1590 3432 Et
1620 3365 1892 3432 tandem
1936 3375 2125 3432 teter-

570 3503 730 3547 nam
770 3488 1086 3546 mortem.
1123 3477 1228 3544 Aa
1280 3475 1572 3543 Roman.
1639 3499 1731 3551 vn.
1791 3479 1928 3543 23:
1988 3479 2123 3543 Sti·

554 3586 820 3681 pendia
873 3595 1101 3653 autem
1191 3584 1480 3674 peceati,
1566 3605 1773 3659 mors,
1852 3585 2116 3675 supple,

568 3703 844 3764 aeterna.
890 3692 1263 3782 Gregorius
1304 3711 1320 3756 ε
1360 3718 1393 3753 ιι
1425 3688 1983 3757 momentaneum
2019 3700 2120 3758 est

570 3827 603 3866 ι
640 3798 823 3892 quod
850 3799 1164 3874 delectat.
1184 3804 1518 3883 aeternum
1550 3795 1734 3887 quod
1764 3798 2043 3865 cruciat.
2080 3829 2111 3857 ι

568 3908 845 3977 Habeas
901 3907 1288 3993 adjutorem
1365 3903 1699 3993 Spiritum
1776 3912 2116 3981 sanctum.

566 4017 684 4107 qui
713 4013 961 4082 elamat
1003 4036 1123 4104 per
1153 4012 1603 4102 Scripturam,
1648 4009 1855 4078 Eccli.
1925 4033 2113 4080 xvm.

567 4126 654 4188 311
696 4143 714 4190 2
748 4120 912 4202 Fili,
939 4130 1096 4210 post
1126 4118 1706 4209 concupiscentias
1761 4127 1921 4184 tuas
1983 4141 2118 4184 non

565 4251 703 4294 eas.
739 4226 820 4294 Et
849 4249 972 4317 per
1001 4224 1320 4304 Paulum,
1352 4222 1439 4293 ad
1468 4223 1760 4291 noman.
1796 4245 1941 4306 xm,
1984 4227 2063 4292 13
2096 4248 2112 4293 :

566 4337 721 4405 Non
751 4335 823 4401 in
859 4330 1486 4409 comessationibus,
1534 4339 1600 4398 et
1645 4329 2112 4415 ebrietatibus,

569 4451 699 4510 etc.

657 4551 712 4619 r:
782 4559 1023 4619 eontra
1082 4572 1243 4617 caro
1309 4547 1560 4639 allegat
1647 4549 2114 4618 infirmitatem

565 4658 936 4750 propriam,
969 4654 1200 4724 dicens
1248 4653 1417 4723 illud
1467 4652 1709 4722 Matth.
1742 4676 1930 4732 xxvi,
1974 4656 2050 4722 ss
2096 4677 2112 4723 ε

565 4768 873 4859 Spiritus
907 4766 1186 4859 quidem
1207 4773 1576 4858 promptus
1600 4775 1725 4844 est,
1765 4788 1926 4833 caro
1984 4788 2125 4832 σιμ.

565 4884 698 4941 tem
729 4875 1035 4961 infirma.
1071 4872 1179 4952 131,
1207 4872 1367 4950 sol»,
1402 4894 1496 4948 vi,
1539 4873 1619 4939 ¹2
1654 4894 1671 4939 ε
1722 4873 1864 4941 Nee
1914 4873 2118 4962 sorti·

564 4980 732 5048 tudo
799 4978 1145 5070 tapidum,
1212 4978 1560 5067 fortitude
1615 5001 1792 5045 mea.
1844 4977 2116 5070 Allegat

562 5091 882 5159 timorem
956 5089 1284 5168 detectus,
1370 5089 1429 5156 si
1507 5110 1648 5157 uon
1739 5089 2113 5159 comederit

560 5199 751 5281 satis,
854 5207 922 5266 et
1021 5197 1294 5277 biberit,
1382 5196 1616 5268 dicens
1705 5196 1876 5266 illud
1977 5197 2107 5267 lsa.

559 5332 729 5388 xxn,
814 5310 894 5378 13
943 5329 962 5379 :
1045 5308 1529 5389 comedamus,
1617 5319 1684 5377 et
1739 5307 2060 5377 bibamus
2090 5331 2114 5376 .·

556 5443 708 5489 eras
768 5421 952 5488 enim
1013 5421 1414 5506 moriemur,
1507 5418 1774 5511 supple,
1838 5419 1894 5488 si
1970 5440 2112 5487 non

625 5634 642 5672 ⁸
680 5633 771 5692 Ad
796 5632 985 5693 Galat.
1017 5649 1073 5704 v,
1115 5636 1181 5692 ¹¹1
1211 5648 1229 5691 t
1278 5635 1422 5692 Caro
1453 5632 1797 5707 eonmepiseit
1851 5634 2113 5694 adom

1594 296 1670 362 D.
1726 295 1925 361 ALB.
1978 292 2195 360 MAG.

2249 292 2455 359 ORD.
2508 291 2803 359 PRAED.

2256 462 2699 532 comedimus,
2784 461 3096 527 Divinam
3156 460 3564 549 largitatem,
3644 477 3794 546 quae

2254 572 2485 638 omnia
2578 567 2828 636 creavit
2899 567 2983 633 ad
3045 566 3340 632 hominis
3437 563 3791 630 necessita·

2252 686 2413 745 tem.
2459 677 2825 753 Geneslx,
2889 674 2927 741 3
3002 681 3067 740 et
3134 674 3225 740 4:
3303 674 3521 740 Omne
3606 667 3796 760 quod

2253 798 2560 855 movetur
2598 797 2660 853 et
2708 787 2895 864 vivit,
2940 785 3067 851 erit
3106 782 3292 849 vobis
3335 783 3403 847 in
3442 780 3783 862 cibum,...

2250 903 2522 983 excepto
2560 893 2748 983 quod
2781 914 3048 958 earnem
3088 912 3244 957 eum
3280 887 3619 975 sanquine
3655 908 3789 951 non

2250 1003 2630 1070 comedetis,

2339 1110 2473 1178 Sed
2517 1111 2707 1176 beata
2751 1110 2917 1175 ratio
2969 1130 3116 1196 quae
3178 1114 3353 1173 recte
3390 1104 3674 1194 judicat,
3727 1109 3793 1167 et

2250 1217 2364 1285 dat
2390 1240 2512 1306 pro
2543 1216 2781 1307 spiritu
2813 1217 3070 1304 justam
3129 1212 3507 1288 scientiam,
3562 1211 3794 1277 dicens

2250 1328 2416 1395 illud
2452 1326 2788 1417 Apostoli,
2831 1325 2916 1393 ad
2980 1324 3273 1392 Roman.
3320 1345 3413 1398 v1,
3482 1324 3586 1389 19.
3649 1323 3796 1389 Ex-

2247 1435 2465 1502 ln‘bete
2532 1434 2836 1502 membra
2900 1443 3119 1500 vestra
3192 1432 3443 1499 servire
3487 1430 3793 1519 justitiae

2248 1547 2318 1612 in
2341 1546 2973 1634 sanctificationem.
2994 1543 3077 1609 Et
3098 1565 3238 1610 non
3258 1541 3518 1628 judicat
3540 1540 3789 1620 Deum,

2245 1652 2363 1719 sed
2392 1654 2682 1742 seipsam
2712 1673 2866 1719 cum
2894 1672 3092 1717 carne
3132 1668 3636 1716 connumerans
3671 1647 3794 1734 ju-

2245 1758 2420 1825 dicat
2442 1766 2674 1825 contra
2705 1780 2799 1834 se,
2834 1766 2897 1823 et
2917 1765 3151 1824 contra
3175 1777 3475 1831 carnem,
3503 1753 3736 1820 dicens
3769 1774 3784 1816 z

2244 1866 2389 1958 Ego
2427 1890 2579 1934 sum
2636 1866 2841 1941 fatua,
2894 1873 2967 1931 tu
3033 1886 3372 1954 perversa.
3451 1862 3475 1929 l
3529 1860 3612 1929 ad
3662 1858 3787 1928 Co·

2244 1973 2450 2040 rinth.
2486 1996 2579 2051 xi,
2617 1975 2692 2040 31
2742 1995 2757 2038 :
2791 1973 2874 2041 Si
2916 1972 3358 2061 nosmetipsos
3423 1968 3787 2057 dijudica-

2244 2104 2494 2164 remus',
2526 2104 2661 2147 non
2702 2080 2935 2169 utique
2951 2078 3468 2167 judicaremur.

2332 2441 2365 2480 ι
2397 2416 2733 2483 Memento
2760 2416 2998 2495 nostri,
3036 2414 3349 2480 Domine.
3391 2439 3422 2476 ι
3479 2412 3608 2481 llic
3673 2421 3776 2481 est

2238 2525 2537 2602 tertium,
2571 2523 2639 2588 in
2670 2543 2807 2613 quo
2846 2529 3021 2603 orat,
3061 2544 3143 2587 ex
3170 2543 3307 2610 quo
3367 2519 3576 2588 homo
3634 2542 3774 2587 non

2235 2630 2503 2706 suflicit,
2537 2629 2650 2697 sed
2683 2628 3014 2715 judicium
3045 2628 3387 2715 etjustitia
3432 2626 3781 2695 sullicien-

2237 2747 2371 2805 tem
2405 2739 2683 2813 l'aciunt,
2720 2745 2791 2802 ut
2830 2735 2955 2801 sibi
3009 2744 3372 2825 praestetur
3443 2734 3785 2802 sullicien-

2235 2848 2327 2912 tia
2359 2867 2444 2912 ex
2480 2842 2969 2936 quajudicium
3011 2851 3075 2909 et
3106 2841 3398 2929 justitia.
3444 2840 3787 2909 Dicuntur

2234 2976 2400 3041 ergo
2428 2951 2591 3019 duo.
2628 2951 2886 3029 Primo,
2921 2950 3181 3039 petiti0.
3221 2947 3567 3026 Secundo,
3613 2947 3785 3037 peti-

2236 3061 2438 3128 tionis
2468 3061 2665 3136 ratio‚
2701 3058 2817 3135 ibi,
2858 3067 2921 3133 ς’.
2965 3060 3005 3125 5
3040 3081 3055 3125 :
3104 3085 3138 3119 n
3167 3056 3284 3125 Ad
3310 3055 3706 3123 videndum.
3744 3080 3778 3115 ιι

2321 3169 2399 3236 1η
2429 3169 2644 3259 prima
2676 3167 2812 3235 duo
2852 3164 3221 3234 secundum
3272 3164 3410 3231 duo
3452 3187 3602 3255 quae
3660 3185 3783 3231 so-

2232 3274 2370 3343 lent
2410 3298 2557 3342 esse
2589 3274 2659 3341 in
2698 3271 2970 3341 homine
3003 3296 3124 3363 per
3151 3270 3485 3339 ordinem.
3516 3270 3779 3348 Primo,

2234 3382 2396 3472 petit
2438 3379 2837 3448 memoriam
2868 3378 3171 3445 beneficii
3205 3377 3550 3467 promissi,
3592 3376 3780 3468 quod

2232 3497 2331 3554 est
2371 3495 2721 3576 tamquam
2755 3483 3060 3551 interius.
3106 3482 3450 3561 Secundo,
3506 3483 3779 3550 missio·

2232 3617 2388 3662 nem
2423 3592 2596 3669 Filii,
2632 3615 2751 3683 per
2779 3613 2981 3683 quem
3013 3600 3114 3658 est
3142 3591 3478 3680 judicium
3501 3600 3569 3658 et
3579 3591 3782 3681 justi-

2231 3702 2349 3772 tia.
2384 3701 2502 3776 ibi,
2550 3730 2582 3761 α
2641 3702 2846 3767 l'isitn
2875 3722 3018 3766 nos.
3061 3725 3092 3762 ι

2324 3808 2496 3876 Dicit
2567 3829 2728 3897 ergo
2766 3830 2780 3874 :
2853 3806 2992 3885 Sic,
3069 3805 3391 3883 Domine,
3462 3806 3776 3897 quaesivi,

2232 3916 2383 4005 quis
2411 3915 2656 3981 suflicit
2685 3935 2994 3980 enarrare
3025 3911 3260 3979 laudes
3299 3915 3506 3980 tuas?
3566 3912 3646 3979 Et
3680 3935 3783 3979 re·

2230 4021 2499 4112 spondi,
2535 4021 2694 4111 quia
2724 4020 2994 4087 nonnisi
3035 4017 3130 4085 illi
3160 4019 3278 4109 qui
3318 4016 3578 4088 faciunt
3594 4019 3782 4108 judi·

2230 4130 2410 4196 cium
2441 4137 2508 4196 et
2529 4127 2863 4215 justitiam
2906 4148 2925 4194 ε
2958 4135 3022 4195 et
3054 4127 3218 4217 quia
3257 4125 3388 4194 hoc
3417 4149 3456 4195 a
3512 4135 3579 4195 te
3646 4137 3775 4206 est,

2231 4257 2425 4326 rogo,
2480 4260 2514 4299 ι
2569 4235 2875 4316 Domine,
2934 4259 2969 4299 ι
3028 4234 3187 4324 quia
3244 4242 3436 4325 potes
3511 4235 3774 4313 omnia,

2233 4373 2266 4406 οι
2300 4353 2633 4410 memento
2658 4342 2896 4418 nostri.
2948 4370 2981 4402 ι»
3021 4349 3087 4408 et
3154 4338 3309 4418 hoc,
3383 4366 3416 4405 ι
3454 4343 3524 4408 in
3574 4340 3781 4409 bene-

2222 4450 2486 4542 placito
2510 4447 2762 4541 populi
2788 4449 2918 4529 tui,
2945 4474 2979 4509 ιι
3012 4446 3145 4515 hoc
3171 4456 3297 4528 est,
3331 4448 3594 4517 meritis
3622 4471 3780 4517 san-

2227 4568 2521 4636 ctorum,
2553 4559 2671 4648 qui
2700 4555 2820 4624 tibi
2868 4553 3296 4645 placuerunt.
3334 4553 3492 4636 Vel,
3531 4565 3610 4626 ut
3676 4558 3778 4625 si-

2230 4687 2382 4733 mus
2414 4690 2447 4729 «
2484 4666 2555 4731 in
2612 4661 3031 4753 beneplacito
3080 4661 3338 4753 populi
3401 4664 3531 4741 tui,
3596 4690 3631 4730 ι
3704 4663 3769 4730 id

2229 4781 2354 4848 est,
2388 4770 2680 4863 populus
2726 4768 3173 4859 beneplacens
3227 4770 3375 4846 tibi,
3438 4768 3569 4840 hoc
3642 4781 3770 4848 est,

2228 4881 2443 4948 simus
2479 4881 2563 4948 de
2606 4878 2859 4972 populo
2917 4886 3062 4945 tuo.
3120 4877 3297 4946 l‘sal.
3345 4901 3565 4957 can,
3628 4880 3698 4947 ll
3753 4901 3771 4947 ε

2229 4990 2741 5080 Beni-placitum
2771 4996 2868 5054 est
2908 4987 3200 5055 Domino
3226 5009 3436 5078 super
3463 4987 3776 5054 timentes

2228 5121 2410 5165 enm.
3782 5098 3789 5104 ’

2318 5203 2458 5273 Nec
2485 5211 2747 5271 tantum
2778 5204 2873 5271 sic
2901 5201 3295 5282 recorderis,
3328 5200 3469 5269 imo
3497 5226 3532 5269 ι
3566 5204 3774 5274 virita

2226 5334 2350 5380 nos
2386 5311 2455 5378 in
2490 5310 2794 5379 satutari
2828 5321 2972 5388 tuo,
3016 5333 3051 5373 ι
3083 5316 3161 5374 ut
3188 5306 3431 5376 effectu
3468 5313 3772 5379 exterio-

2228 5419 2285 5487 ri
2331 5416 2864 5486 misericordiam
2893 5412 3241 5494 exhibeas,
3273 5414 3523 5484 Filium
3551 5427 3773 5486 trans·

2223 5632 2510 5709 spir-inan,
2536 5631 2767 5707 spir-'tm
2783 5627 3239 5688 «numadum
3267 5645 3513 5698 mem,
3543 5633 3659 5688 etc.
