5008 6329
726 386 855 451 26ss

813 558 933 626 Ait
983 558 1217 625 enim:
1293 554 1408 621 Sic
1484 553 1863 622 meditabar
1924 555 2277 624 locuturus

725 686 956 732 coram
989 662 1286 753 regibus,
1332 668 1396 729 ct
1441 665 1646 730 etiam
1702 661 2032 730 faciebam
2094 659 2276 752 quod

724 771 1058 848 dicebam,
1102 770 1262 859 quia
1305 795 1339 836 ι
1373 780 1436 838 et
1460 771 1678 839 levavi
1697 794 1944 837 manus
1982 791 2191 846 meas,
2239 793 2271 832 n

723 901 864 945 non
894 878 979 946 ad
1008 886 1275 946 terrena
1306 879 1629 969 depressi,
1691 902 1725 943 ι
1783 878 1880 943 ad
1940 875 2274 942 mandata

720 993 870 1062 tua,
927 1010 961 1047 2>
1005 984 1370 1074 implenda.
1406 985 1506 1051 Ac
1543 987 1600 1051 si
1647 984 1975 1050 dixisset:
2036 981 2273 1048 Inten-

716 1093 901 1160 tione
961 1095 1416 1184 superiorum,
1479 1114 1760 1158 manum
1804 1091 1960 1158 misi
2005 1089 2090 1158 ad
2137 1090 2274 1156 im-

712 1200 963 1291 plenda
999 1200 1345 1269 mandata.
1383 1198 1497 1267 Sic
1525 1198 1752 1267 levare
1796 1207 2033 1267 monet
2074 1198 2276 1266 Jere-

707 1309 910 1391 mias,
969 1306 1222 1375 Thren.
1295 1330 1392 1386 m,
1453 1308 1591 1374 41:
1673 1309 2001 1375 Levemus
2060 1305 2270 1373 corda

705 1423 942 1481 nostra
1004 1434 1162 1481 cum
1268 1414 1588 1481 manibus
1671 1414 1769 1481 ad
1854 1414 2261 1481 Dominum.

704 1518 924 1587 Exod.
994 1543 1163 1600 xvir,
1227 1522 1359 1587 ¹1:
1439 1522 1610 1589 Cum
1676 1520 1930 1588 levaret
1992 1522 2269 1609 Moyses

706 1649 981 1713 manuS,
1068 1627 1378 1696 vincebat
1471 1628 1716 1709 Israel,
1805 1637 1874 1695 et
1965 1627 2264 1718 proinde

655 1756 664 1765 ·
707 1736 1110 1806 vincebatur
1145 1736 1452 1805 Amalec.

810 1871 841 1907 α
873 1848 1042 1930 Quae
1070 1843 1314 1912 dileoei.
1364 1872 1397 1907 »
1454 1843 1648 1913 Sicut
1722 1867 1928 1935 supra
1984 1843 2268 1933 subjun-

706 1952 807 2042 git
853 1973 1157 2030 causam,
1211 1973 1422 2042 quare
1465 1950 1843 2019 levaverit:
1914 1978 1946 2013 «
1998 1951 2190 2036 Quae,
2224 1972 2260 2014 a

704 2060 773 2127 id
797 2069 924 2139 est,
960 2061 1122 2151 quia
1159 2058 1277 2128 illa
1302 2084 1336 2125 ι
1385 2059 1627 2127 dilexi.
1664 2086 1696 2120 »
1766 2057 2054 2127 Dilectio
2101 2078 2263 2148 ergo

707 2188 862 2257 quae
902 2166 1061 2234 fecit
1090 2166 1430 2243 meditari,
1465 2165 1621 2233 fecit
1649 2173 1717 2234 et
1771 2187 1975 2255 opere
2041 2165 2269 2234 adim-

710 2274 894 2365 plere
925 2274 1306 2342 intentione
1337 2282 1540 2349 recta,
1586 2296 1724 2341 non
1746 2273 1921 2342 sicut
1960 2273 2268 2362 antiqui-

713 2389 847 2449 tus.
892 2380 1114 2449 Judaei
1155 2382 1337 2449 enim
1420 2380 1741 2448 mandata
1808 2378 2270 2470 adimplebant

710 2487 1197 2579 temporalium
1228 2510 1487 2556 amore.
1522 2486 1654 2555 lsa.
1698 2509 1748 2571 i,
1813 2489 1894 2553 ¹9
1931 2509 1946 2554 ε
2015 2487 2099 2555 Si
2144 2509 2269 2554 vo-

713 2598 1007 2680 lueritiS,
1039 2606 1105 2666 et
1131 2596 1493 2665 audieritis
1513 2619 1642 2674 vno,
1669 2595 1846 2663 bona
1869 2605 2064 2663 terrae
2094 2617 2267 2663 com·

709 2704 941 2773 edetis.
992 2703 1213 2774 Exod.
1264 2727 1431 2783 xvn,
1494 2705 1575 2771 ¹2
1631 2724 1647 2770 ε
1706 2704 1964 2772 Manus
2011 2702 2263 2793 Moysi,

708 2813 974 2883 Judaici
1014 2813 1274 2906 populi,
1324 2822 1521 2881 erant
1556 2834 1823 2904 ssaves,
1873 2810 1960 2881 ad
2000 2820 2268 2881 terrena

713 2924 1091 2993 tendentes.

807 3059 840 3094 α
880 3033 980 3101 Et
1008 3027 1387 3100 exercebar.
1433 3056 1467 3093 a
1502 3029 1668 3098 llaec
1695 3037 1798 3099 est
1825 3051 1985 3097 vera
2016 3028 2263 3098 littera.

713 3137 926 3220 Quasi
967 3138 1221 3210 diceret
1263 3160 1279 3208 ε
1316 3136 1432 3208 Sic
1470 3145 1650 3207 recta
1688 3136 2066 3207 intentione
2097 3158 2267 3228 ope-

715 3257 904 3317 ratus
957 3269 1137 3325 sum,
1243 3269 1383 3316 non
1458 3255 1724 3316 tantum
1800 3244 2037 3325 semel,
2124 3246 2266 3314 imo

714 3380 749 3422 a
797 3353 1184 3440 exercebar,
1247 3381 1280 3418 n
1331 3353 1721 3446 frequenter
1787 3353 2134 3445 operando
2199 3358 2269 3420 et

709 3462 1104 3555 cogitando,
1159 3488 1194 3529 ι
1245 3463 1314 3531 in
1344 3459 1975 3554 justificationibus
2026 3460 2190 3540 tuis,
2226 3482 2261 3526 a

714 3570 782 3637 in
815 3568 1296 3638 mandatorum
1343 3568 1689 3660 operibus,
1739 3589 1891 3660 quae
1940 3566 2270 3657 justifica·

715 3685 864 3744 tum
912 3675 1306 3746 ostendunt.
1359 3674 1605 3766 Supra,
1655 3675 1724 3742 in
1782 3673 1966 3742 Psal.
2035 3694 2267 3756 nxxvt,

719 3784 800 3852 13
836 3805 854 3852 τ
884 3780 1279 3853 Meditabor
1307 3784 1380 3851 in
1409 3780 1727 3851 omnibus
1754 3779 2074 3874 operibus
2102 3780 2268 3860 tuis,

711 3899 778 3962 et
815 3878 888 3961 in
914 3890 1514 3962 adinventionibus
1540 3891 1681 3960 tuis
1714 3888 2090 3960 exercebor.

799 4106 977 4178 Vide
1011 4130 1176 4200 ergo
1204 4105 1566 4200 diligenter
1601 4106 1954 4201 quomodo
1980 4106 2271 4199 gratiam

714 4216 987 4309 petierit
1012 4214 1099 4285 ad
1126 4213 1551 4285 adversarios
1580 4213 1764 4294 fidei,
1790 4221 1859 4284 et
1885 4216 2104 4307 ipsam
2133 4237 2275 4284 non

722 4324 998 4404 auferri,
1048 4331 1118 4393 et
1163 4324 1576 4416 persuaserit
1639 4330 1991 4416 tamquam
2037 4331 2276 4415 gratus

719 4454 806 4501 ex
840 4430 1044 4502 bonis
1072 4433 1219 4525 jam
1249 4433 1540 4526 acceptis
1574 4454 1593 4504 ε
1651 4440 1791 4502 tam
1848 4431 2076 4526 dignis
2146 4455 2277 4502 au-

718 4549 854 4609 tem
895 4538 1341 4632 petitionibus
1379 4537 1613 4609 deesse
1669 4561 1811 4608 non
1865 4547 2115 4632 potest,
2149 4562 2272 4609 cu-

706 4647 824 4737 jus
850 4644 1078 4715 honor
1105 4644 1550 4727 desideratur,
1584 4646 1702 4739 qui
1732 4644 1919 4728 dicit,
1952 4645 2084 4715 Isa.
2108 4669 2268 4728 mxv,

717 4753 805 4823 24
835 4773 854 4822 ε
905 4755 1005 4823 El
1056 4753 1211 4833 erit,
1324 4762 1694 4846 antequam
1755 4752 2080 4835 clament,
2147 4776 2271 4846 eqo

718 4859 1098 4929 exaudiam
1137 4884 1161 4929 .·
1189 4860 1418 4930 adhuc
1453 4859 1606 4929 illis
1644 4859 2107 4953 loquentibus,
2148 4883 2272 4953 eqo

720 4968 1034 5038 audiam.
1068 4967 1177 5048 Et,
1218 4989 1403 5047 ινιιι,
1435 4970 1477 5036 9
1520 4988 1537 5035 :
1576 4969 1760 5037 Tunc
1795 4967 2167 5050 invocabis,
2208 4976 2273 5037 et

722 5076 1068 5147 Dominus
1104 5075 1428 5144 exaudiet
1458 5098 1482 5143 .·
1516 5073 1879 5156 clamabis,
1930 5085 1997 5145 et
2040 5075 2218 5145 dicet
2246 5097 2272 5146 .·

718 5185 894 5252 Ecce
919 5182 1195 5251 adsum.
1230 5180 1519 5273 Propter
1557 5181 1743 5273 quod
1771 5178 1885 5251 hic
1926 5183 2275 5274 praeponi-

720 5309 831 5369 tur
856 5298 1056 5369 litera
1077 5298 1365 5369 Ilebraea
1389 5320 1528 5368 vau
1568 5288 1692 5386 (ἶ),
1726 5298 1912 5392 quod
1950 5302 2276 5392 interpre-

717 5411 901 5473 tatur
929 5407 1094 5499 ipse.
1148 5403 1359 5487 Quasi
1414 5403 1644 5475 dicat:
1712 5402 1804 5474 Iis
1858 5404 2275 5476 clamoribus

718 5512 836 5606 qui
866 5510 981 5581 hic
1016 5512 1215 5596 fiunt,
1247 5510 1440 5582 adest
1465 5512 1612 5605 ipse
1658 5514 1776 5605 qui
1805 5514 2062 5606 petitur
2099 5536 2278 5607 proe-

718 5643 902 5704 sens,
936 5626 1005 5690 et
1041 5641 1182 5689 non
1227 5616 1428 5690 alius.

2007 5782 2045 5821 ὀ

1789 380 1873 449 Ι).
1923 380 2124 452 ALB.
2179 378 2396 447 MAG.
2448 378 2653 447 ORD.
2705 379 3003 448 PRAED.

3001 1009 3149 1054 um
3201 978 3325 1073 (³)-

2375 1435 2492 1504 49.
2545 1412 2829 1482 Memor
2876 1432 3027 1482 esto
3076 1412 3273 1483 verbi
3326 1413 3433 1484 tui
3494 1436 3703 1484 servo
3766 1432 3923 1500 tuo,

2643 1520 2714 1590 in
2747 1542 2893 1612 quo
2932 1521 3112 1591 mihi
3163 1544 3364 1614 spem
3402 1521 3694 1593 dedisti.

2378 1636 2490 1702 50.
2548 1629 2724 1699 Haec
2762 1652 2878 1699 me
2928 1630 3292 1700 consolata
3341 1648 3450 1700 est
3491 1630 3564 1701 in
3617 1632 3926 1700 humili-

2636 1753 2778 1805 tate
2825 1758 3010 1815 mea,
3055 1735 3224 1828 quia
3282 1736 3659 1830 eloquium
3706 1755 3919 1807 tuum

2636 1841 3016 1912 vivificavit
3054 1864 3196 1913 me.

2378 1953 2489 2021 51.
2544 1946 2850 2040 Superbi
2884 1947 3130 2040 inique
3160 1951 3466 2042 agebant
3505 1971 3924 2042 usquequa·

2638 2076 2804 2148 que,
2863 2078 2902 2125 a
2950 2055 3102 2148 lege
3153 2075 3395 2127 autem
3444 2075 3566 2127 tua
3610 2060 3756 2127 n'on
3806 2057 3928 2126 de·

2638 2162 2922 2234 clinavi.

2379 2278 2491 2345 52.
2545 2271 2828 2340 Memor
2871 2271 2974 2341 sui
3029 2272 3466 2360 judiciorum
3525 2290 3820 2343 tuorum
3882 2292 3924 2339 a

2638 2377 2923 2458 saeculo.
2981 2379 3317 2462 Domine,
3376 2396 3447 2450 et
3502 2379 3922 2448 consolatus

2640 2508 2829 2557 sum.

2379 2599 2489 2672 53.
2547 2599 2871 2671 Defectio
2935 2599 3168 2670 tenuit
3229 2621 3375 2679 me,
3429 2620 3562 2692 pro
3594 2616 3930 2693 peccato-

2644 2710 2846 2782 ribus
2934 2705 3608 2800 derelinquentibus
3688 2706 3923 2798 legem

2641 2834 2865 2888 tuam.

2379 2932 2493 3016 54.
2546 2922 2959 2999 Cantabiles
2987 2921 3170 2994 mihi
3210 2938 3414 2995 erant
3471 2919 3929 3014 justificatio·

2642 3054 2769 3102 nes
2799 3048 2940 3102 tuae
2971 3028 3044 3099 in
3110 3029 3271 3100 loco
3313 3025 3920 3124 peregrinationis

2639 3159 2847 3211 meae.

2381 3254 2496 3323 55.
2548 3248 2834 3319 Memor
2902 3243 3005 3316 fui
3091 3263 3302 3317 nocte
3380 3244 3703 3317 nominis
3787 3240 3923 3324 tui,

2644 3354 2982 3435 Domine,
3087 3371 3157 3425 et
3238 3353 3598 3426 custodivi
3694 3353 3927 3446 legem

2645 3482 2871 3536 tuam.

2385 3574 2498 3648 56.
2557 3573 2731 3645 Haec
2768 3571 2950 3644 facta
2978 3588 3086 3643 est
3124 3569 3336 3653 mihi.
3368 3570 3540 3664 quia
3578 3568 3929 3661 justifica-

2643 3679 2878 3751 tiones
2906 3697 3067 3751 tuas
3096 3676 3478 3771 exquisivi.

2999 4092 3182 4165 ΖΜΝ
3204 4093 3305 4189 (ἲ)

2475 4561 2511 4603 ι
2541 4536 2808 4605 Memor
2849 4543 3013 4605 esto.
3061 4557 3096 4601 a
3137 4531 3268 4602 llic
3311 4529 3758 4625 subjungitur
3801 4540 3938 4604 ter-

2382 4647 2581 4730 tium,
2623 4645 2808 4739 quod
2851 4643 3143 4739 pertinet
3189 4642 3278 4713 ad
3341 4645 3663 4715 meritum
3716 4645 3935 4738 profi-

2381 4752 2731 4840 cientium,
2772 4759 3105 4846 quantum
3135 4748 3223 4820 ad
3275 4748 3704 4822 habilitatem
3757 4750 3935 4822 bene

2384 4858 2732 4951 operandi.
2773 4859 3020 4928 Actum
3057 4864 3162 4928 est
3210 4857 3398 4928 enim
3445 4856 3530 4930 de
3586 4858 3938 4952 prompti-

2385 4968 2617 5039 tudine
2662 4967 2910 5047 cordis,
2960 4966 3044 5037 de
3102 4968 3504 5039 strenuitate
3580 4968 3937 5038 exterioris

2385 5081 2609 5175 operis
2643 5102 2660 5150 ε
2692 5079 2813 5149 sed
2848 5079 3010 5172 quia
3035 5076 3260 5147 adhuc
3283 5084 3362 5146 ut
3395 5078 3484 5147 sit
3512 5075 3941 5171 bene2habi-

2381 5188 2492 5268 lis,
2526 5186 2906 5257 necessaria
2932 5194 3035 5256 est
3088 5181 3471 5255 consolatio
3534 5184 3938 5287 spiritualis,

2386 5296 2611 5389 agitur
2671 5291 2785 5364 hic
2869 5291 2952 5365 de
2997 5292 3466 5363 consolatione
3532 5290 3936 5383 laborantis,

2386 5415 2454 5476 et
2479 5413 2751 5475 strenue
2789 5404 3154 5496 operantis.

2476 5511 2817 5582 Dividitur
2839 5521 3067 5582 autem
3101 5510 3228 5579 iste
3256 5510 3651 5582 octonarius
3689 5536 3941 5587 secun-

2391 5620 2556 5690 dum
2592 5626 2887 5713 quatuor
2920 5640 3159 5689 causas
3209 5617 3723 5704 consolationis,
3766 5644 3939 5715 quas

2391 5726 2611 5821 tangit
2645 5725 2759 5798 hic
2817 5724 3108 5820 loquens
3159 5724 3234 5795 in
3285 5747 3583 5818 persona
3635 5731 3940 5826 prompti
