5008 6329
2397 437 2813 506 PSALMUS
2865 438 3241 513 CXXXlV.

4318 447 4449 514 409

2364 973 2826 1047 PSALMUS
2897 975 3295 1046 CXXXIV.
3611 975 3653 1007 ‘⁸

1213 1310 1577 1381 Hortatio
1645 1311 1747 1383 ad
1794 1312 2234 1385 laudandum
2305 1317 2555 1395 Deum,
2607 1314 2677 1382 ei
2732 1314 3034 1405 gratias
3097 1315 3451 1405 agendum
3501 1329 3570 1386 et
3634 1319 4031 1389 vanitatem
4083 1320 4443 1390 idolorum

2550 1421 3090 1514 agnoscendam.

1262 1791 1319 1835 ι.
1370 1766 1718 1835 Alleluia.

1387 1872 1714 1942 Laudate
1748 1894 2016 1942 nomen
2066 1871 2359 1942 Domini
2398 1896 2412 1939 :
2452 1871 2757 1952 laudate,

1473 1979 1695 2057 servi,
1745 1981 2146 2051 Dominum
2187 2000 2204 2049 :

1255 2110 1322 2158 2.
1374 2087 1525 2178 Qui
1606 2087 1814 2157 statis
1891 2088 1965 2158 in
2030 2089 2252 2157 domo
2304 2086 2643 2171 Domini,
2688 2086 2755 2156 in

1472 2194 1679 2265 atriis
1710 2196 1979 2265 domus
2025 2195 2155 2265 Dei
2191 2197 2446 2265 nostri.

1262 2304 1329 2373 3.
1387 2303 1711 2373 Laudate
1784 2302 2211 2390 Dominum,
2288 2304 2460 2396 quia
2527 2303 2759 2372 bonus

1483 2405 1843 2476 Dominus
1886 2429 1903 2475 :
1939 2407 2221 2501 psallite
2261 2405 2538 2477 nomini
2576 2405 2754 2497 ejus„

1481 2514 1832 2606 quoniam
1872 2535 2115 2585 suave.

1248 2642 1321 2709 4.
1374 2620 1754 2712 Quoniam
1795 2621 2023 2693 Jacob
2068 2621 2281 2715 elegit
2320 2620 2454 2691 sibi
2504 2620 2757 2691 Domi-

1475 2750 1642 2812 nus,
1741 2727 1965 2799 Israel
2058 2728 2129 2798 in
2226 2727 2756 2822 possessionem

1465 2835 1634 2906 sibi.

1248 2950 1312 3017 5.
1370 2942 1567 3035 Quia
1625 2966 1762 3037 ego
1819 2943 2123 3038 cognovi
2183 2944 2378 3038 quod
2445 2966 2754 3038 magnus

1468 3068 1578 3123 est
1643 3048 2036 3134 Dominus,
2096 3067 2166 3122 et
2249 3052 2444 3122 Deus
2508 3070 2754 3123 noster

1461 3181 1612 3254 prae
1643 3159 1994 3233 omnibus
2034 3159 2201 3233 diis.

1236 3268 1306 3339 6.
1364 3266 1643 3340 Omnia
1691 3289 2174 3361 quaecumque
2221 3268 2449 3339 voluit
2503 3269 2750 3342 Domi·

1463 3398 1604 3446 nus
1646 3374 1840 3459 fecit,
1884 3375 1956 3446 in
2011 3376 2222 3462 coelO,
2290 3375 2363 3447 in
2403 3394 2611 3462 terra,
2673 3374 2743 3447 in

1461 3481 1648 3553 mari
1682 3499 1755 3554 et
1806 3482 1876 3552 in
1927 3482 2274 3554 omnibus
2312 3482 2616 3576 abyssis.

1241 3614 1306 3682 7.
1366 3589 1709 3661 Educens
1789 3590 2022 3662 nubes
2087 3592 2177 3664 ab
2231 3612 2549 3665 extremo
2605 3611 2746 3664 ter·

1461 3719 1557 3770 rte
1590 3701 1640 3782 ⁸,
1673 3697 1961 3793 fulgura
2011 3698 2084 3770 in
2144 3699 2460 3792 pluviam
2509 3698 2671 3771 fecit
2722 3724 2739 3770 ε

1371 3803 1522 3897 Qui
1575 3806 1914 3900 producit
1958 3826 2211 3878 ventos
2258 3808 2347 3880 de
2387 3807 2744 3881 thesauris

1458 3912 1638 3984 suis.

1229 4022 1301 4092 8.
1353 4019 1501 4112 Qui
1556 4020 1916 4114 percussit
1956 4021 2434 4117 primogenita
2473 4024 2742 4119 AEgyp·

1450 4128 1534 4210 ti,
1567 4129 1661 4200 ab
1713 4127 2016 4202 homine
2046 4152 2279 4225 usque
2303 4131 2391 4201 ad
2423 4154 2640 4226 pecus
2685 4133 2735 4199 ⁸.

1223 4256 1296 4326 9.
1346 4232 1441 4303 Et
1469 4232 1689 4323 misit,
1720 4233 1928 4329 signa
1969 4253 2039 4308 et
2079 4236 2405 4332 prodigia
2461 4236 2533 4308 in
2583 4258 2743 4309 me-

1449 4339 1574 4411 dio
1606 4340 1742 4426 tui,
1773 4343 2114 4437 AEgypte,
2146 4342 2219 4414 in
2258 4343 2739 4432 Pharaonem,

1222 4515 1225 4518 ,
1451 4463 1522 4518 et
1551 4467 1627 4517 tn
1670 4467 1930 4519 omnes
1968 4469 2216 4520 servos
2264 4448 2445 4540 ejus.

1194 4575 1300 4625 to.
1354 4552 1505 4646 Qui
1561 4552 1923 4648 percussit
1985 4573 2237 4649 gentes
2312 4558 2602 4645 multas,
2667 4576 2739 4630 et

1451 4659 1720 4732 occidit
1749 4681 1953 4755 reges
1979 4660 2197 4734 fortes
2224 4663 2248 4699 ⁸
2283 4686 2301 4733 ε

1194 4787 1306 4836 ιι.
1358 4763 1636 4850 Sehon,
1676 4787 1937 4866 ‘regem
1988 4768 2610 4858 Amorrhaeorum,
2669 4789 2741 4844 et

1253 5053 1272 5091 ¹
1302 5055 1526 5113 Jerem.
1556 5070 1621 5125 x,
1651 5054 1746 5113 1³.

1251 5144 1275 5180 ⁸
1303 5141 1489 5201 Exod.
1521 5158 1627 5212 ιιι,
1657 5145 1752 5201 29.

1252 5229 1278 5267 ⁸
1304 5232 1508 5324 Joaua,
1541 5247 1647 5322 ιιι,
1688 5233 1745 5306 ί,
1776 5235 1832 5289 7.

3143 1764 3288 1857 Og,
3343 1788 3582 1859 regem
3640 1769 3899 1850 Basan,
3933 1783 4004 1836 et
4044 1765 4290 1836 omnia
4321 1787 4432 1835 re-

3140 1896 3278 1964 gna
3330 1871 3675 1944 Chanaan
3711 1876 3733 1912 ⁴
3778 1894 3795 1943 ε

2885 2001 2992 2047 12.
3051 1979 3143 2050 Et
3190 1980 3390 2050 dedit
3421 1999 3683 2051 terram
3738 2003 3992 2051 eorum
4047 1979 4435 2051 haeredita-

3139 2105 3314 2167 tem,
3351 2087 3849 2159 haereditatem
3886 2090 4106 2159 Israel
4161 2089 4433 2181 populo

3135 2216 3294 2262 suo.

2881 2301 2988 2371 13.
3036 2301 3371 2382 Domine,
3445 2324 3707 2372 nomen
3783 2320 3994 2372 tuum
4067 2300 4137 2371 in
4227 2319 4428 2371 aeter-

3137 2430 3312 2479 num
3340 2432 3355 2477 ε
3396 2410 3734 2492 Domine,
3758 2408 4183 2480 memoriale
4208 2426 4419 2479 tuum

3133 2513 3202 2582 in
3271 2514 3812 2606 generationem
3882 2532 3953 2584 et
4011 2513 4421 2608 generatio-

3132 2643 3320 2691 nem.
4463 2708 4468 2712 δ

2876 2749 2982 2816 14.
3026 2727 3219 2817 Quia
3261 2728 3606 2819 judicabit
3653 2728 4013 2801 Dominus
4059 2728 4415 2822 populum

3129 2857 3371 2916 suum,
3423 2853 3493 2905 et
3543 2835 3615 2906 in
3668 2834 3896 2907 servis
3955 2835 4109 2906 suis
4157 2836 4417 2928 depre-

3126 2942 3434 3051 cabitur²

2873 3056 2980 3123 15.
3033 3048 3434 3124 Simulacra
3455 3051 3785 3144 gentium
3802 3069 4185 3145 argentum
4202 3069 4271 3124 et
4291 3073 4417 3134 auf

3126 3183 3550 3254 rum,opera
3569 3183 3925 3232 manuum
3954 3158 4340 3233 hominum
4356 3177 4407 3233 δ.

2872 3271 2978 3340 16.
3030 3267 3139 3342 Os
3206 3268 3500 3351 habent,
3573 3286 3641 3339 et
3695 3291 3842 3339 non
3889 3270 4341 3361 loquentur·
4392 3291 4409 3337 ε

3120 3376 3370 3445 oculos
3404 3375 3696 3454 habent,
3731 3393 3801 3445 et
3852 3398 3996 3446 non
4030 3375 4409 3447 videbunt.

2867 3505 2974 3574 ¹7·
3025 3484 3261 3552 Aures
3337 3483 3630 3566 habent,
3681 3501 3753 3554 et
3817 3505 3962 3553 non
4015 3482 4329 3555 ‘audient
4390 3504 4407 3550 :

3122 3612 3357 3682 neque
3397 3591 3593 3662 enim
3652 3610 3761 3663 est
3800 3590 4107 3685 spiritus
4173 3589 4245 3661 in
4288 3611 4415 3663 ore

3120 3698 3470 3792 ipsorum.

2864 3808 2978 3878 18.
3032 3803 3330 3880 Similes
3380 3806 3525 3877 illis
3575 3808 3754 3879 fiant
3810 3807 3936 3902 qui
3987 3806 4264 3879 faciunt
4300 3830 4410 3888 ea,

3116 3933 3192 3985 et
3232 3936 3488 3986 omnes
3544 3915 3667 4007 qui
3706 3916 4088 3988 confidunt
4152 3915 4225 3987 in
4275 3914 4408 3987 eis.

2862 4044 2970 4115 ¹9·
3027 4022 3307 4093 Domus
3375 4023 3623 4107 lsrael,
3684 4023 4092 4096 benedicite
4153 4023 4416 4096 Domi-

3120 4152 3216 4199 no
3266 4153 3283 4198 :
3341 4130 3609 4202 domus
3668 4134 3943 4214 Aaron,
4005 4131 4411 4205 benedicite

3121 4237 3465 4309 Domino.

2851 4363 2969 4413 20.
3026 4343 3303 4414 Domus
3340 4343 3543 4428 Levi,
3578 4344 3988 4417 benedicite
4029 4344 4350 4418 Domino
4384 4367 4402 4414 ε

3113 4450 3236 4543 qui
3289 4450 3564 4523 timetis
3633 4451 4067 4540 Dominum,
4119 4452 4412 4525 benedi-

3114 4556 3252 4629 cite
3312 4559 3657 4630 Domino.

2851 4685 2965 4734 αι.
3025 4664 3459 4737 Benedictus
3493 4664 3854 4738 Dominus
3893 4688 3979 4738 ex
4031 4663 4241 4748 Sion,
4275 4665 4406 4761 qui

3116 4771 3391 4845 habitat
3427 4773 3500 4845 in
3537 4773 3972 4845 Jerusalem.

2917 5056 2943 5094 ⁴
2970 5059 3212 5117 Numer.
3242 5078 3360 5129 xxi,
3389 5064 3479 5133 24,
3518 5065 3609 5123 35.

2915 5145 2942 5183 ⁸
2969 5148 3181 5223 Supra,
3211 5167 3368 5224 extu,
3400 5155 3455 5214 4.

2917 5234 3174 5312 ‘Sum-a,
3204 5258 3299 5312 xv,
3327 5245 3414 5302 ¹5.
