5008 6329
631 371 754 439 382

624 544 697 612 id
735 552 858 622 est,
894 545 1054 635 quia
1099 567 1133 603 «
1165 548 1646 607 convertantur
1681 550 2079 619 retrorsum,
2136 564 2171 605 ιι

626 661 702 720 ut
730 651 1135 726 inefficaceS,
1170 646 1300 715 hoc
1340 655 1463 727 est,
1508 649 1920 740 impotentes
1960 671 2180 740 appa-

627 765 841 836 reant,
886 755 1046 823 dicit
1076 753 1340 835 Glossa,
1386 758 1502 847 qui
1540 759 1728 847 prius
1776 754 2034 847 aliquid
2079 757 2177 822 vi·

628 864 982 931 debantur.
1028 889 1062 925 α
1118 862 1363 932 Omnes
1410 865 1533 955 qui
1575 864 1863 929 oderunt
1900 863 2101 946 Sion,
2134 885 2163 921 ιι

625 967 998 1036 Ecclesiam
1055 968 1332 1049 scilicet,
1376 977 1444 1036 et
1480 970 1828 1056 justorum
1877 987 2176 1053 congre-

625 1078 998 1167 gationem.
1060 1076 1140 1144 In
1204 1074 1387 1144 Psal.
1441 1097 1679 1151 xxxix,
1761 1075 1867 1152 15,
1912 1093 2167 1162 supra:

629 1185 1129 1254 Convertuntur
1167 1193 1538 1250 retrorsum
1577 1181 1702 1271 qui
1729 1181 1972 1247 volunt
2000 1180 2179 1247 mihi

624 1291 841 1360 mala.
908 1292 1160 1358 Jerem.
1220 1313 1340 1368 vn,
1394 1289 1481 1354 24
1525 1313 1540 1356 z
1603 1290 1803 1356 Facti
1853 1298 2017 1356 sunt
2063 1311 2175 1357 re-

626 1409 946 1476 trorsum,
990 1405 1054 1464 et
1079 1417 1216 1463 non
1244 1405 1423 1462 ante.

719 1742 754 1784 ι
794 1720 1004 1787 Fiant
1047 1718 1225 1785 sicut
1267 1718 1556 1807 soenum.
1595 1741 1629 1777 ιι
1674 1714 1804 1781 llic
1857 1714 2166 1797 tertium,

626 1825 877 1894 scilicet
903 1831 1155 1892 aeterna
1184 1821 1554 1901 damnati0,
1600 1822 1668 1887 in
1700 1842 1835 1911 quo
1879 1827 2172 1910 tangun-

621 1942 733 2001 tur
771 1932 931 2010 due,
966 1929 1222 1999 scilicet
1259 1950 1493 2008 causa,
1536 1936 1601 1996 et
1656 1929 1828 1995 ratio
1889 1925 2171 1994 damna·

616 2041 847 2122 tionis,
938 2037 1194 2108 scilicet
1259 2038 1671 2129 prosperitas
1745 2036 2161 2103 transitoria.

621 2148 960 2226 Secundo,
994 2146 1369 2226 damnatio,
1413 2144 1529 2229 ibi,
1562 2153 1627 2221 5.
1662 2145 1701 2212 7
1749 2168 1763 2212 :
1804 2172 1834 2207 α
1888 2146 1994 2211 Dc
2029 2165 2166 2235 quo

613 2281 748 2326 non
781 2255 1113 2348 implevit.
1153 2279 1186 2319 a

700 2364 879 2432 Dicit
906 2386 1067 2454 ergo
1112 2384 1127 2429 ε
1176 2360 1288 2430 Sic
1355 2359 1753 2430 concidatur
1800 2358 2033 2428 cervix
2093 2359 2166 2426 in

614 2483 858 2553 morte,
890 2469 1197 2541 confusio
1230 2471 1317 2538 sit
1348 2469 1443 2536 eis
1494 2468 1560 2535 in
1600 2467 1841 2557 judicii
1894 2467 2168 2534 discus-

612 2580 831 2663 sione,
890 2584 956 2645 et
1013 2575 1218 2644 etiam
1261 2599 1295 2640 ι
1351 2574 1530 2663 fiant
1580 2600 1615 2636 ιι
1678 2572 1748 2639 in
1805 2570 1934 2639 hac
1988 2571 2159 2656 vita,

622 2717 653 2751 ι
685 2690 863 2757 sicut
887 2689 1177 2777 samum,
1227 2709 1260 2749 a
1293 2685 1592 2751 virentes
1621 2683 1878 2751 scilicet
1907 2689 1974 2750 et
2003 2679 2164 2773 glo-

614 2797 774 2865 riosi
835 2796 904 2863 in
942 2794 1358 2862 exteriorum
1409 2789 1881 2882 prosperitate,
1916 2797 1983 2856 et
2038 2811 2167 2880 ap-

611 2902 941 2998 parentia.
998 2899 1127 2968 lsa.
1175 2922 1284 2977 xx..
1340 2900 1433 2967 6:
1509 2899 1747 2966 Omnis
1820 2920 1979 2965 caro
2021 2897 2160 2986 [ω-

610 3032 803 3089 num,
828 3019 891 3076 et
910 3007 1131 3076 omnis
1146 3004 1379 3098 qloria
1400 3003 1557 3094 ejus
1575 3005 1780 3096 quasi
1791 3003 1925 3091 flos
1960 3002 2155 3094 soeni.

613 3146 649 3185 α
699 3120 1014 3195 Foenum,
1077 3140 1114 3180 ιι
1154 3115 1466 3207 inquam,
1511 3137 1545 3179 «t
1597 3120 1954 3193 tectorum,
1990 3135 2027 3175 ιι
2090 3107 2162 3178 id

614 3236 741 3305 est,
783 3246 988 3317 super
1020 3230 1199 3294 tecta
1226 3242 1534 3290 crescens
1579 3241 1596 3290 ε
1639 3226 1705 3287 et
1735 3217 2041 3311 loquitur
2077 3218 2164 3287 ad

612 3336 893 3407 modum
925 3331 1334 3414 Paloestinae,
1378 3330 1492 3399 ubi
1524 3337 1700 3398 tecta
1739 3327 1943 3419 plana
1972 3338 2159 3408 sunt,

609 3455 675 3515 et
712 3451 1023 3515 crescunt
1081 3443 1149 3509 in
1204 3439 1319 3508 illa
1374 3439 1654 3530 planitie
1711 3459 1890 3528 sa-pe
1946 3436 2156 3505 foena.

612 3583 643 3617 ι
684 3549 905 3640 Quod,
944 3574 977 3614 a
1030 3549 1339 3640 inquam,
1381 3545 1665 3621 foenum,
1712 3575 1743 3605 u
1794 3548 2072 3612 exaruit
2116 3571 2145 3607 ιι

603 3661 745 3751 freq
754 3666 1058 3739 uenter,«
1069 3655 1483 3748 priusquam
1502 3651 1865 3734 evellatur,
1886 3677 1916 3716 ιι
1945 3650 2016 3719 id
2031 3661 2159 3739 est,

605 3775 970 3859 antequam
1002 3763 1090 3832 ad
1119 3760 1555 3832 evulsionum
1593 3759 2159 3830 commoditatem

607 3873 1039 3968 perducatur.
1094 3868 1226 3939 lsa.
1275 3890 1517 3947 xxvm,
1565 3870 1590 3934 1
1640 3890 1657 3935 :
1735 3868 1839 3934 1·ae
1893 3889 2159 3935 corone

604 3980 961 4073 superbie,
993 3977 1197 4048 ebriis
1233 3973 1604 4069 Ephraim,
1650 3985 1717 4042 et
1753 3973 1921 4062 flori
1966 3973 2156 4042 deci-

607 4087 835 4158 denti!
877 4084 1061 4154 Psal.
1112 4107 1346 4163 xxxvi,
1399 4083 1439 4149 2
1504 4104 1520 4151 :
1593 4083 1971 4173 Tamquam
2026 4083 2156 4172 [ω-

605 4221 772 4267 reum
818 4194 1135 4266 velociter
1187 4202 1511 4272 arescent,
1587 4200 1652 4258 ct
1714 4191 2150 4284 quemadmo-

607 4304 773 4373 dum
828 4301 1018 4371 olera
1073 4299 1439 4369 herbarum
1487 4299 1621 4367 cito
1669 4298 1998 4367 decident.
2029 4298 2155 4367 Ja-

604 4411 757 4483 cob.
819 4432 864 4488 1,
932 4410 1013 4479 10
1074 4426 1092 4478 ε
1146 4408 1344 4478 Sicut
1382 4408 1517 4496 flos
1564 4407 1740 4496 loeni
1801 4405 2147 4476 transibit.

604 4518 810 4590 Eccli.
878 4540 952 4596 x,
1016 4518 1087 4585 11
1141 4539 1160 4587 :
1232 4514 1475 4585 Omnis
1515 4523 1935 4608 potentatus,
1994 4537 2152 4584 ecce

602 4624 862 4694 foenum
892 4628 1251 4698 tectorum,
1288 4618 1505 4687 brevis
1541 4619 1712 4698 vita,
1754 4640 1905 4686 ecce
1942 4639 2149 4710 quam

605 4732 739 4804 cito
779 4736 1061 4802 arescet.

701 5092 736 5134 ι
784 5070 890 5137 De
923 5088 1058 5159 quo
1094 5089 1228 5134 non
1259 5064 1591 5158 implevit.
1640 5090 1674 5130 ιι
1734 5063 1863 5132 llic
1905 5085 2155 5132 secun-

604 5177 798 5255 dum,
826 5183 1076 5244 aeterna
1104 5172 1451 5242 damnatio
1480 5194 1772 5263 sequens
1815 5195 1900 5240 ex
1927 5182 2156 5241 trans-

603 5282 806 5354 itoria
870 5280 1323 5373 prosperitate
1367 5277 1513 5350 illa.
1571 5278 1656 5347 Et
1701 5280 1955 5372 primo,
1996 5288 2156 5347 tan-

605 5395 790 5486 gitur
856 5390 1131 5459 illorum
1197 5386 1500 5458 exclusio
1555 5411 1593 5458 e
1654 5388 1799 5457 vita
1868 5396 2147 5458 eterna.

608 5496 953 5576 Secund0,
1013 5496 1218 5565 etiam
1283 5517 1324 5564 a
1356 5497 1672 5587 praesenti
1738 5496 1983 5588 gratia,
2029 5494 2150 5577 ibi,

604 5614 670 5685 Ἰ.
717 5606 758 5676 8
799 5625 818 5674 2
855 5631 891 5668 α
933 5605 1028 5671 Et
1055 5625 1190 5670 non
1219 5601 1571 5671 dixerunt.
1606 5629 1642 5671 ι

693 5714 772 5782 In
816 5712 1035 5805 prima
1079 5709 1239 5779 due.
1281 5708 1543 5794 Primo,
1603 5713 1822 5780 innuit
1867 5712 2151 5804 privan-

1601 365 1687 434 D.
1739 364 1940 435 ALB.
1990 363 2210 433 MAG.
2266 364 2476 437 ORD.
2528 365 2824 433 PRAED.

2286 538 2410 606 dos
2460 537 2861 606 deductione
2920 538 3004 605 ad
3042 537 3358 628 gloriam,
3427 559 3547 604 seu
3598 546 3828 628 porta-

2281 649 2495 729 tione,
2564 671 2712 739 quae
2771 647 2842 714 lit
2898 670 3020 739 per
3046 644 3349 736 Angelos
3390 653 3654 713 sanctos
3693 645 3827 712 col-

2279 756 2599 847 ligenteS,
2668 765 2733 825 et
2801 756 2992 847 quasi
3058 761 3413 821 metentes.
3484 750 3822 833 Secunde,

2281 865 2730 935 collocatione
2798 867 2869 933 in
2926 864 3065 948 illa,
3146 864 3265 942 ibi,
3330 887 3365 929 ι
3439 864 3535 933 Et
3596 863 3824 930 sinum

2280 994 2512 1040 suum.
2561 1000 2596 1035 »

2369 1078 2554 1147 Dicit
2601 1102 2762 1171 ergo
2808 1102 2824 1146 :
2882 1078 2995 1148 Sic
3050 1081 3182 1148 cito
3238 1081 3692 1161 succidantur,
3755 1082 3823 1147 in

2280 1194 2527 1268 morte,
2563 1195 2628 1253 et
2667 1188 2870 1254 etiam
2899 1186 3065 1254 fiant
3105 1187 3280 1254 sicut
3326 1186 3611 1268 l'oenum,
3665 1214 3701 1251 α
3742 1187 3824 1255 de

2277 1316 2413 1385 quo
2441 1315 2581 1361 non
2609 1293 2917 1386 implevit
2955 1316 3239 1361 manum
3275 1316 3476 1360 suam
3524 1296 3646 1384 qui
3691 1317 3824 1362 me-

2278 1403 2388 1484 tit,
2453 1427 2488 1468 ιι
2550 1401 2804 1470 scilicet
2856 1399 3186 1493 AngeIOS,
3246 1402 3316 1468 in
3382 1401 3515 1469 fine
3554 1400 3814 1477 mundi,

2278 1507 2554 1598 quando
2592 1508 2975 1597 jussionem
3023 1506 3374 1574 habebunt
3428 1506 3674 1598 Angeli
3740 1507 3821 1575 de

2277 1614 2598 1683 metendo
2665 1637 2923 1683 omneS.
2989 1613 3230 1681 Matth.
3289 1637 3434 1693 xm,
3497 1615 3580 1682 30
3652 1638 3668 1682 :
3736 1616 3819 1683 In

2276 1732 2582 1815 tempore
2618 1724 2850 1790 messis
2877 1723 3104 1791 dicam
3151 1720 3561 1791 messoribus
3590 1746 3613 1790 .·
3657 1724 3814 1793 Col-

2279 1832 2475 1924 lique
2502 1833 2815 1924 primum
2844 1832 3140 1909 zizania,
3184 1841 3249 1899 et
3285 1830 3581 1921 alliqate
3608 1853 3686 1897 ca
3744 1832 3815 1899 in

2270 1939 2646 2031 fasciculos
2672 1938 2770 2007 ad
2810 1938 3366 2018 comburendum,
3427 1939 3521 2007 ita
3566 1946 3640 2005 ut
3678 1960 3814 2006 non

2274 2046 2617 2137 impleatis
2654 2068 2935 2113 manum
2966 2054 3262 2115 vestram
3295 2045 3381 2114 ad
3409 2053 3818 2138 praesentan-

2272 2155 2440 2223 dum
2498 2177 2730 2224 coram
2787 2177 2919 2223 me.
2980 2154 3265 2245 Apocal.
3317 2176 3457 2233 xxv,
3531 2156 3638 2235 15,
3708 2153 3817 2222 di-

2272 2271 2459 2333 ctum
2489 2272 2594 2332 est
2616 2261 2878 2354 Angelo
2925 2284 2942 2331 ε
2972 2264 3173 2331 Mitte
3198 2261 3455 2353 falcem
3484 2271 3703 2340 tuam,
3756 2272 3819 2330 et

2272 2381 2467 2449 mete,
2531 2373 2699 2463 quia
2743 2370 2924 2437 venit
2960 2370 3130 2438 liora
3163 2379 3241 2437 ut
3279 2379 3600 2449 metatur,
3642 2371 3818 2462 quo-

2269 2483 2463 2549 niam
2503 2483 2696 2549 aruit
2724 2482 2956 2549 messis
2985 2491 3201 2548 terrae.

2364 2617 2397 2652 «
2430 2591 2554 2674 Et,
2599 2614 2633 2654 ιι
2667 2588 2749 2656 de
2789 2611 2924 2679 quo
2968 2609 3107 2655 non
3165 2586 3472 2678 implevit
3513 2613 3546 2650 α
3586 2588 3813 2654 sinum

2266 2717 2500 2777 suum,
2538 2722 2573 2758 ιι
2616 2717 2731 2762 eos
2764 2696 2832 2761 in
2873 2692 3091 2785 gloria
3143 2692 3566 2772 collocando,
3614 2717 3648 2758 ι
3697 2694 3821 2784 qui

2270 2801 2673 2896 manipulos
2717 2803 3013 2894 colliqit,
3065 2830 3098 2864 ιι
3154 2802 3227 2869 in
3292 2802 3518 2870 sinum
3584 2801 3818 2891 gloriae

2268 2932 2439 2990 suae,
2511 2910 2767 2979 scilicet
2831 2910 3096 2998 justos.
3150 2907 3227 2976 ln
3302 2906 3447 2987 illo,
3507 2909 3815 2999 inquam,

2271 3017 2454 3100 sinu,
2487 3015 2570 3084 de
2602 3037 2739 3108 quo
2768 3016 2899 3084 Isa.
2934 3038 3044 3094 xa,
3091 3017 3164 3082 11
3209 3036 3224 3081 :
3261 3014 3346 3082 In
3376 3013 3654 3082 brachio
3689 3037 3815 3082 suo

2267 3122 2712 3217 conqreqabit
2740 3144 2978 3216 aqnos.
3012 3132 3075 3191 et
3103 3123 3173 3190 in
3200 3125 3360 3190 sinu
3386 3144 3511 3191 suo
3539 3118 3812 3190 levabit.

2267 3234 2369 3303 De
2420 3255 2561 3326 quo
2607 3233 2841 3318 etiam,
2889 3230 3054 3302 Luc.
3118 3254 3261 3310 xvi,
3314 3232 3399 3297 22
3444 3251 3461 3298 ε
3523 3231 3814 3300 Factum

2268 3350 2366 3411 est
2430 3351 2662 3409 autem
2719 3349 2795 3407 ut
2872 3348 3247 3406 moreretur
3319 3337 3692 3412 mendicus.
3753 3348 3814 3404 et

2261 3455 2664 3543 portaretur
2735 3445 2822 3514 ab
2877 3445 3186 3537 Anqelis,
3245 3466 3285 3512 a
3366 3443 3808 3523 messoribus,

2269 3558 2341 3626 in
2394 3557 2628 3626 sinum
2682 3554 2997 3636 Abrahae,
3058 3555 3232 3622 sicut
3298 3551 3687 3645 manipulus
3743 3553 3812 3621 in

2267 3660 2693 3755 granchiam,
2778 3667 2846 3732 et
2924 3682 3216 3752 granum
3296 3660 3363 3727 in
3458 3658 3806 3730 horreum.

2266 3765 2510 3837 Matth.
2562 3789 2708 3851 xm,
2768 3766 2852 3835 30
2905 3788 2922 3835 :
2986 3766 3313 3834 Triticum
3367 3774 3598 3833 autem
3644 3789 3810 3833 con-

2259 3884 2546 3968 qreqate
2581 3875 2652 3942 in
2681 3873 2997 3942 borreum
3036 3894 3287 3941 meum.

2354 4231 2389 4273 ι
2429 4207 2528 4274 Et
2554 4225 2688 4271 non
2729 4201 3050 4271 dicerunt
3088 4202 3213 4294 qui
3248 4200 3721 4294 preteribant.
3767 4223 3800 4263 ι

2258 4315 2390 4384 Hic
2430 4309 2832 4389 secundum,
2881 4312 2952 4378 in
2999 4332 3138 4401 quo
3188 4317 3609 4377 monstratur
3644 4308 3807 4376 illo-

2258 4444 2415 4491 rum
2458 4418 2762 4489 exclusio
2805 4439 2844 4484 a
2890 4418 3108 4508 gratia
3154 4418 3224 4484 in
3262 4417 3607 4508 praesenti.
3664 4415 3808 4483 Pri·

2258 4552 2403 4608 mo,
2437 4528 2598 4621 quia
2628 4549 2751 4595 nec
2787 4548 2826 4593 a
2864 4526 3113 4594 sanctis
3140 4535 3300 4593 sunt
3336 4525 3408 4592 in
3447 4525 3587 4593 suis
3633 4547 3808 4617 ope-

2259 4639 2451 4709 ribus
2508 4635 2867 4706 benedicti.
2923 4632 3267 4714 Secunde,
3337 4636 3496 4726 quia
3553 4657 3675 4704 nec
3736 4636 3804 4703 in

2260 4745 2530 4839 seipsis,
2565 4742 2684 4822 ibi,
2720 4771 2754 4807 a
2784 4741 3277 4812 Benediaeimus
3316 4740 3527 4810 vobis.
3571 4771 3601 4804 ιι

2348 4851 2535 4922 Dicit
2560 4873 2725 4944 ergo
2759 4871 2776 4919 ε
2813 4849 2929 4919 Sic
2964 4848 3411 4919 excludantur
3438 4848 3524 4917 ab
3553 4858 3802 4918 aeterna

2258 4961 2429 5037 vita,
2483 4985 2522 5024 a
2562 4967 2629 5027 et
2657 4982 2692 5024 ι
2741 4958 2948 5025 etiam
2991 4982 3027 5020 α
3070 4957 3194 5047 qui
3231 4956 3700 5047 praeteribant,
3761 4984 3796 5018 »ι

2262 5091 2388 5162 per
2455 5068 2671 5136 vitam
2735 5072 3163 5159 praesentem,
3252 5073 3600 5158 tamquam
3683 5087 3808 5159 per

2262 5174 2586 5245 alienam.
2633 5172 2833 5242 Eccli.
2893 5193 3082 5257 xxtx,
3134 5170 3218 5239 33
3283 5195 3298 5241 ε
3381 5172 3648 5256 Transi,
3688 5171 3807 5239 Ιιο-

2256 5304 2433 5375 spes,
2475 5290 2542 5349 et
2580 5301 2751 5349 orna
2787 5298 3089 5346 merzsam
3129 5300 3151 5344 .·
3195 5286 3260 5346 et
3303 5300 3456 5371 quae
3485 5278 3554 5344 in
3593 5298 3807 5345 manu

2258 5389 2493 5471 babes,
2535 5385 2687 5458 ciba
2715 5396 3007 5455 caeteros.
3037 5383 3125 5454 Et
3172 5384 3256 5452 de
3301 5382 3653 5475 Apostolis
3700 5384 3810 5452 di-

2260 5500 2462 5579 citur,
2493 5498 2647 5568 Act.
2678 5518 2826 5581 vm,
2857 5495 2899 5562 4
2942 5515 2959 5561 ε
3001 5493 3557 5576 Pertransibant,
3597 5517 3810 5562 evan-

2259 5604 2641 5700 qelizantes
2666 5601 2945 5673 verbum
2973 5601 3129 5670 Dei.
3167 5623 3202 5665 ι
3239 5602 3396 5671 Non
3425 5600 3753 5670 dixerunt
3784 5622 3809 5667 .·

2260 5712 2656 5784 Benedictio
2691 5707 2979 5780 Domini
3010 5728 3222 5800 super
3247 5729 3389 5788 vos,
3431 5736 3461 5774 ιι
3514 5728 3812 5799 operan-
