5008 6329
694 285 776 352 90

693 458 871 525 enim
905 459 1225 554 loquitur,
1262 480 1335 536 ut
1376 482 1707 540 monstret
1742 480 2233 566 concupiscen-

691 566 796 634 tiae
852 570 1373 643 vehementiam.
1438 579 1712 646 Denter.
1780 605 1871 661 1x,
1917 585 2000 650 22
2074 609 2088 652 :
2151 587 2233 654 In

689 672 1005 746 lucendio
1048 705 1315 770 quoque
1371 692 1433 749 et
1492 686 1559 751 in
1603 689 2016 772 stillatione,
2061 705 2124 760 et
2165 696 2234 761 in

691 781 1036 873 Sepulcris
1063 791 1610 879 concupiscentiae
1629 803 2056 888 provocastis
2084 805 2234 870 Do-

692 892 976 958 minum.
1067 893 1345 965 Numer.
1384 924 1478 983 xt,
1515 904 1554 968 4
1600 928 1613 970 :
1674 907 1934 998 Vzclqus
1974 914 2235 1000 promi·

689 1021 1011 1068 scuum...
1044 1001 1379 1093 flamevil
1407 1011 1767 1094 desiderio,
1792 1018 2046 1086 scilicet
2077 1042 2231 1086 car-

689 1106 902 1184 nium,
947 1116 1072 1178 etc.

780 1242 810 1274 «
847 1216 940 1281 Et
991 1228 1416 1290 tentaverunt
1468 1229 1710 1307 Deum,
1749 1256 1778 1290 »
1816 1253 1930 1297 ore
1971 1253 2096 1299 suo
2136 1231 2234 1299 di·

689 1332 912 1393 centes
949 1351 963 1394 :
997 1327 1149 1395 Non
1180 1340 1402 1419 potest
1441 1333 1778 1406 Dominus
1835 1339 1992 1409 dare
2032 1340 2232 1409 nobis

687 1454 943 1500 carneS.
990 1433 1233 1525 Supra,
1275 1440 1344 1505 in
1385 1440 1569 1510 Psal.
1605 1468 1854 1528 Lxxvn,
1896 1451 2000 1532 19,
2036 1449 2234 1519 dixe-

689 1543 844 1601 runt
901 1557 917 1604 τ
981 1539 1342 1631 Numquid
1397 1550 1660 1636 poterit
1729 1555 1918 1619 Deus
1976 1578 2234 1645 parare

687 1664 985 1712 mensam
1019 1648 1085 1712 in
1118 1649 1372 1718 deserto
1399 1652 1441 1719 Ρ
1468 1655 1553 1723 Et
1580 1656 1736 1737 hoc,
1784 1689 1816 1723 α
1845 1662 1916 1728 in
1948 1663 2233 1753 inaquo-

684 1773 784 1831 so,
819 1776 853 1815 ι
888 1751 953 1819 id
993 1762 1114 1832 est,
1152 1756 1218 1822 in
1264 1757 1528 1829 deserto
1579 1765 1784 1843 sicco,
1829 1769 1974 1835 sine
2023 1792 2223 1860 aqua.

690 1858 802 1928 Sic
840 1861 1030 1929 multi
1078 1874 1437 1957 postquam
1490 1871 1572 1938 ad
1621 1872 2036 1945 Deum'sunt
2063 1901 2233 1947 con-

685 1970 887 2047 versi,
934 1978 1161 2039 tamen
1228 1976 1446 2063 ipsum
1526 1981 1799 2050 tradunt
1868 1984 2227 2066 oblivioni,

687 2084 752 2145 et
791 2089 993 2147 ruunt
1025 2081 1090 2147 in
1139 2105 1348 2150 vanas
1388 2092 1970 2179 concupiscentias
2041 2117 2233 2163 esca-

690 2206 865 2265 rum.
904 2183 1374 2277 Sapient.x1x,
1411 2195 1479 2258 ll
1525 2218 1540 2261 :
1574 2196 1880 2266 Adducti
1916 2185 2229 2293 concupi·

690 2292 968 2368 scentia,
1015 2296 1545 2385 postulaverunt
1581 2326 1763 2372 escas
1782 2307 2226 2397 epulationis.

693 2396 976 2490 Propter
1005 2400 1131 2470 hoc
1163 2416 1392 2473 monet
1428 2407 1705 2494 Paulus,
1742 2413 1768 2480 1
1802 2415 1887 2482 ad
1919 2417 2226 2489 Corinth.

693 2529 760 2590 x,
796 2509 877 2574 6:
926 2509 1014 2576 Ut
1054 2534 1185 2577 non
1222 2514 1438 2581 simus
1494 2524 2032 2612 concupiscentes
2077 2550 2233 2595 ma-

695 2614 943 2694 lorum,
983 2617 1161 2685 sicut
1196 2629 1259 2685 et
1290 2620 1406 2687 illi
1432 2629 1943 2718 concupierunt.
1978 2632 2087 2713 Et,
2135 2635 2234 2701 in-

691 2719 815 2803 fra,
880 2731 942 2799 5.
987 2727 1027 2792 9
1090 2749 1105 2793 :
1166 2730 1398 2818 Neque
1452 2743 1783 2805 tentemus
1850 2739 2227 2822 Christum,

688 2829 866 2897 sicut
937 2833 1221 2922 quidam
1262 2859 1492 2904 eorum
1556 2850 2010 2926 tentaverunt,
2071 2859 2136 2915 et
2188 2874 2231 2917 α

686 2942 1106 3031 serpentibus
1133 2949 1510 3038 perierunt.

786 3296 816 3333 α
851 3270 946 3337 Et
980 3270 1167 3339 dedit
1195 3275 1311 3341 eis.
1359 3302 1392 3336 »ι
1429 3275 1556 3345 llic
1604 3279 2007 3360 secundum,
2042 3282 2231 3351 scili-

690 3384 791 3443 cet
842 3378 1232 3470 adimpletio
1281 3381 1594 3453 desiderii
1649 3384 1920 3455 illorum
1960 3389 2047 3457 ad
2104 3415 2231 3483 ag-

687 3485 1101 3573 gravandam
1153 3487 1419 3578 culpam
1468 3513 1482 3555 :
1528 3500 1591 3559 et
1645 3496 1947 3582 tangitur
2006 3498 2227 3587 primo

684 3591 954 3660 collatio
1008 3597 1550 3686 concupitorum.
1607 3598 1949 3682 Secundo,
2002 3604 2228 3674 abun-

682 3699 910 3768 dantia
940 3700 1370 3785 collatorum,
1406 3704 1525 3787 ibi,
1572 3734 1605 3773 ι
1641 3711 1737 3778 Et
1764 3713 1953 3780 misit
1974 3717 2230 3785 saturi·

682 3815 911 3875 tatem.
948 3835 982 3870 ιι

769 3913 945 3983 Dicit
975 3938 1137 4007 ergo
1199 3942 1214 3986 :
1275 3918 1386 3987 Sic
1442 3928 1937 4017 concupierunt
1980 3953 2228 4001 concu-

681 4022 1102 4114 piscentiam,
1156 4057 1185 4087 α
1243 4037 1307 4094 et
1357 4056 1389 4095 ι
1433 4028 1774 4103 Dominus
1827 4067 1860 4101 ιι
1901 4038 2090 4107 dedit
2131 4042 2227 4109 eis

675 4133 1067 4222 petitionem
1126 4138 1460 4227 ipsorum,
1533 4168 1567 4203 ιι
1638 4166 1776 4213 non
1843 4148 1913 4214 in
1957 4147 2228 4218 modica

683 4239 1120 4319 abundantia,
1158 4243 1318 4320 imo,
1368 4275 1400 4306 «
1446 4250 1635 4317 misit
1677 4255 2114 4324 saturitatem
2154 4258 2225 4325 in

684 4345 951 4413 animas
1007 4348 1334 4439 ipsorum.
1387 4378 1422 4418 ι
1468 4351 1805 4424 Saturitas
1859 4359 1926 4427 in
1979 4385 2227 4456 corpus

686 4451 994 4534 mittitur,
1042 4477 1198 4523 cum
1239 4459 1537 4550 repletur
1579 4486 1597 4532 ε
1639 4465 1710 4532 in
1758 4467 2059 4539 animam
2102 4494 2227 4539 au·

685 4565 846 4644 tem,
880 4584 1032 4629 cum
1064 4563 1251 4632 cibus
1308 4566 1673 4641 fastiditur.
1717 4573 1803 4643 Et
1850 4576 1932 4645 de
1963 4577 2127 4669 ipsis
2157 4580 2228 4647 in

687 4664 865 4734 Psal.
924 4691 1174 4757 uxvn,
1233 4676 1344 4758 29,
1393 4701 1601 4771 supra
1669 4704 1685 4751 ε
1756 4684 2229 4756 Manducave-

657 4783 868 4853 ·runt,
919 4786 984 4845 et
1015 4784 1317 4850 saturati
1358 4796 1523 4853 sunt
1567 4791 1800 4859 nimis.
1861 4790 1998 4873 Sic,
2042 4792 2221 4864 heu!

686 4880 1045 4975 indignans
1088 4886 1423 4960 Dominus
1489 4897 1723 4967 inultis
1781 4901 2228 4972 existentibus

685 4989 753 5055 in
799 4990 1088 5077 deserto,
1123 4994 1235 5063 dat
1267 5000 1517 5069 multas
1557 5003 1855 5092 delicias,
1899 5018 1965 5077 et
1993 5033 2228 5079 carnes

686 5097 957 5167 multas,
1004 5100 1308 5195 Sapient.
1344 5131 1488 5189 xix,
1540 5114 1616 5180 ¹2
1677 5136 1693 5180 :
1746 5116 1827 5184 In
1867 5117 2231 5187 allocutio-

684 5225 767 5270 ne
794 5203 1116 5277 desiderii
1170 5216 1477 5285 ascendit
1513 5219 1663 5287 illis
1707 5222 1792 5288 de
1827 5226 2011 5292 mori
2047 5236 2231 5317 orty-

679 5323 1012 5401 yometra.
1070 5317 1288 5395 Exod.
1342 5347 1483 5404 xvx.
1553 5329 1628 5397 13
1698 5351 1716 5400 ε
1787 5333 2074 5402 Factum
2134 5345 2231 5404 est

687 5445 972 5514 vespere,
1005 5436 1069 5494 et
1115 5432 1478 5502 ascendens
1504 5440 1848 5519 coturnix,
1883 5443 2232 5535 cooperuit

685 5543 907 5601 castro
971 5558 996 5602 .·
1062 5540 1209 5607 avis
1262 5538 1525 5613 babens
1579 5569 1816 5618 carnes
1881 5549 2227 5642 sapidissi-

691 5663 856 5717 mas,
903 5647 967 5709 et
1030 5645 1274 5735 regias,
1325 5655 1392 5716 et
1432 5652 1503 5719 in
1559 5662 1747 5723 tanta
1784 5653 2228 5747 abundantia,

1693 302 1775 368 D.
1829 303 2029 369 ALB.
2080 304 2298 371 MAG.
2355 307 2559 374 ORD.
2618 312 2907 380 PRAED.

2343 478 2528 566 quod
2559 483 2755 569 pauci
2803 493 2962 549 sunt
3019 488 3134 574 qui
3174 510 3245 554 se
3292 491 3641 577 potuerint
3681 487 3890 554 conti·

2340 608 2526 671 nere,
2589 591 2702 657 sed
2767 614 2976 682 usque
3034 593 3117 659 ad
3176 619 3502 664 nauseam
3571 595 3889 662 comede-

2341 704 2520 763 runt.
2577 697 2853 764 Numer.
2908 722 3000 778 x1,
3062 702 3139 767 18
3189 710 3255 768 et
3294 726 3435 794 seq.
3479 706 3656 771 :Det
3706 700 3887 767 vobis

2338 809 2678 875 Dominus
2760 832 3012 887 carnes,
3102 822 3165 876 et
3275 813 3664 888 comedatiS,
3752 835 3885 878 non

2342 938 2474 981 uno
2534 916 2666 994 die,
2720 940 2835 983 nec
2894 917 3184 1001 duobuS,
3251 919 3358 985 cel
3413 921 3714 1009 quinque
3763 927 3884 986 aut

2339 1022 2587 1102 decem,
2621 1047 2738 1092 nec·
2770 1025 3015 1114 viqinti
3043 1026 3348 1115 quidem,
3390 1027 3512 1093 secl
3554 1049 3764 1117 usque
3791 1025 3888 1092 od

2340 1152 2631 1198 mensem
2671 1134 2961 1216 dierum,
3005 1133 3213 1201 donec
3260 1146 3455 1202 exeat
3500 1159 3624 1226 per
3688 1157 3884 1200 nares

2337 1245 2615 1318 vestraS,
2660 1251 2721 1305 et
2753 1251 3052 1308 vertatur
3082 1244 3150 1308 in
3183 1265 3536 1308 nauseam.

2430 1587 2461 1625 κ
2496 1563 2592 1628 Et
2640 1564 3080 1629 Irritaverunt
3114 1565 3424 1653 Moysen.
3492 1592 3520 1626 n
3592 1562 3718 1629 Hic
3767 1585 3878 1630 se-

2337 1670 2661 1751 cundum,
2731 1672 3277 1761 concupiscentia
3343 1670 3593 1739 scilicet
3660 1670 3875 1739 hono·

2339 1800 2513 1844 rum.
2547 1778 2631 1845 Et
2673 1780 2916 1868 primo,
2949 1781 3247 1869 tangitur
3290 1778 3489 1868 culpa
3528 1781 3592 1846 in
3635 1804 3881 1848 concu-

2334 1886 2681 1972 piscendo.
2767 1886 3108 1967 SecundO,
3188 1885 3626 1977 subjungitur
3682 1910 3879 1977 poena

2335 1993 2698 2084 condigna,
2771 1994 2886 2077 ibi,
2959 2002 3020 2069 >⁸2
3098 1995 3172 2062 Π
3249 2020 3263 2061 :
3349 2022 3382 2057 α
3462 1997 3718 2085 Aperta
3784 2004 3879 2062 est

2336 2112 2540 2169 terro.
2581 2129 2614 2164 a

2429 2207 2501 2275 ln
2548 2210 2764 2298 prima
2814 2209 2971 2277 duo.
3028 2210 3103 2276 ln
3160 2211 3702 2301 concupiscendo
3753 2209 3882 2278 ho-

2339 2342 2537 2385 nores
2595 2330 2827 2386 eontra
2894 2319 3065 2384 duos
3133 2319 3525 2409 peccabant,
3598 2319 3878 2409 Moysen

2336 2425 2589 2495 scilicet
2620 2436 2684 2493 et
2715 2428 2966 2493 Aaron.

2426 2534 2771 2613 Quantum
2806 2535 2886 2601 ad
2918 2536 3215 2625 primum
3248 2534 3409 2602 dicit
3444 2560 3457 2602 ε
3498 2535 3607 2602 Sic
3638 2557 3884 2602 concu-

2335 2644 2631 2733 pierunt,
2675 2654 2740 2711 et
2802 2644 3239 2712 obtinuerunt
3288 2645 3499 2713 etiam
3556 2647 3883 2733 concupi-

2338 2753 2510 2813 tum.
2548 2770 2581 2809 «
2622 2747 2716 2811 Et
2759 2775 2788 2806 »›
2836 2757 2982 2833 post
3029 2775 3060 2808 α
3115 2748 3584 2820 irritare-reme,
3635 2772 3664 2807 ι
3719 2769 3884 2835 pro-

2336 2853 2644 2920 vocando
2701 2854 2782 2921 ad
2848 2854 3015 2920 iram
3075 2864 3406 2944 quantuni
3477 2854 3542 2920 in
3593 2877 3662 2920 se
3728 2853 3879 2933 fuit,

2340 2987 2373 3026 «
2405 2963 2713 3051 Moysen,
2760 2987 2792 3026 ι
2843 2959 3208 3029 ambiendo
3266 2961 3648 3030 dominium
3705 2961 3879 3049 cjuS,

2337 3073 2401 3133 et
2439 3076 2869 3155 potestatem,
2915 3094 2948 3132 et
2992 3068 3061 3134 in
3125 3070 3371 3136 castris
3414 3094 3446 3133 ι
3490 3069 3877 3146 existenteS,

2335 3174 2517 3266 quod
2557 3185 2907 3267 aggravat,
2949 3177 3108 3267 quia
3148 3186 3341 3244 erant
3382 3179 3450 3244 in
3487 3177 3779 3252 deserto.
3814 3184 3880 3241 et

2332 3283 2719 3375 vagabundi
2785 3309 2800 3353 ε
2861 3286 3039 3353 unde
3097 3287 3316 3375 magis
3374 3284 3715 3353 humiliari
3760 3283 3881 3349 ‹le-

2333 3390 2660 3460 buissent.
2698 3392 2777 3460 Et
2809 3397 3013 3461 etiam
3065 3394 3499 3461 irritaverunt
3540 3420 3571 3455 ι
3615 3394 3877 3478 Aaron,

2330 3511 2644 3569 sanctum
2686 3503 2990 3577 Domini,
3039 3529 3070 3566 ι
3107 3501 3172 3568 id
3215 3511 3339 3577 est,
3385 3501 3878 3568 sanctificatum

2334 3609 2658 3689 nomino,
2702 3620 2768 3679 et
2823 3620 3320 3689 consecratum,
3363 3612 3509 3699 ejus
3557 3609 3879 3678 sacerdo-

2332 3718 2502 3785 tium
2561 3716 2870 3785 similiter
2933 3716 3322 3785 ambiendo.
3376 3716 3659 3785 Numer.
3733 3740 3873 3797 xvi,

2332 3825 2372 3891 3
2425 3847 2441 3891 ε
2489 3825 2795 3916 Cumque
2833 3826 3170 3892 stetissent
3224 3824 3549 3891 adversus
3592 3826 3874 3914 Moysen

2330 3940 2393 3998 et
2465 3933 2724 4010 Aaron,
2793 3931 3120 4000 dixerunt
3175 3955 3197 3998 .·
3255 3931 3589 4020 Sufficiat
3661 3931 3869 4007 robis,

2329 4039 2497 4132 quia
2528 4038 2750 4107 omnis
2788 4037 3165 4106 multitudo
3210 4048 3605 4105 sanctorum
3655 4047 3776 4113 est.
3810 4047 3874 4103 et

2333 4146 2402 4213 in
2434 4145 2602 4236 ipsis
2637 4153 2736 4213 est
2772 4145 3133 4213 Dominus.
3173 4145 3319 4214 Cur
3360 4142 3728 4214 elei-amini
3761 4167 3875 4212 su-

2323 4278 2450 4344 per
2469 4253 2814 4346 populum
2849 4255 3132 4323 Domini
3164 4253 3207 4323 ?

2421 4360 2506 4429 Et
2559 4372 2746 4446 nota,
2804 4362 2987 4455 quod
3040 4371 3198 4432 sunt
3263 4374 3483 4433 castra
3536 4363 3740 4441 mala,
3804 4365 3872 4430 in

2331 4467 2579 4561 quibus
2616 4467 2800 4538 Deus
2846 4479 3279 4561 provocatur.
3336 4469 3593 4550 Primo,
3654 4480 3873 4538 castra

2327 4577 2840 4671 *Egyptiorunn
2882 4588 3329 4671 tyrannorum
3380 4580 3654 4656 scilicet,
3700 4579 3877 4647 tilios

2329 4684 2537 4755 Israel
2597 4687 3170 4778 persequentium.
3225 4685 3440 4755 Exod.
3491 4710 3630 4765 xiv,
3683 4688 3767 4754 2⁸
3807 4696 3873 4754 et

2331 4795 2415 4861 253
2474 4816 2490 4861 :
2548 4794 2643 4863 Et
2686 4817 2827 4861 ecce
2870 4794 3228 4884 respiciens
3272 4795 3615 4862 Dominus
3667 4817 3874 4885 super

2329 4912 2557 4969 castra
2587 4901 3201 4994 2quptiorum,...
3239 4903 3579 4991 interjecit
3615 4902 3876 4969 exerci-

2331 5019 2529 5079 tuum
2559 5032 2788 5078 eorum
2820 5033 2843 5078 .·
2862 5020 2923 5077 et
2949 5009 3281 5077 subt-ertit
3310 5019 3497 5076 rotas
3514 5030 3873 5087 curruum,

2329 5118 2862 5210 serebanturque
2890 5119 2960 5184 in
2983 5115 3442 5208 profundum.
3480 5113 3559 5183 ln
3589 5115 3695 5183 liis
3726 5139 3878 5207 pro·

2330 5235 2618 5294 vocatur
2655 5249 2772 5317 per
2800 5224 3291 5296 crudelitatem.
3333 5224 3674 5306 Secundo,
3717 5234 3876 5294 sunt

2332 5342 2551 5403 castra
2572 5332 3006 5402 philisthiim.
3033 5330 3447 5400 Philisthiitn
3468 5333 3651 5401 enim
3674 5333 3877 5401 inter·

2332 5448 2687 5534 pretantur
2706 5442 2985 5535 potione
3009 5439 3347 5510 cadentes.
3372 5438 3398 5507 l
3422 5439 3591 5532 lteg.
3624 5462 3869 5523 xxvm,

2334 5550 2375 5617 4
2409 5572 2424 5619 :
2464 5550 2875 5642 Conqreqati
2917 5555 3080 5616 sunt
3110 5546 3564 5626 Philistlaeiim,
3591 5559 3655 5617 et
3689 5568 3876 5615 vene·

3901 4363 4226 4412 &unm-l·

3957 4424 4170 4468 “bofle-

2336 5668 2523 5738 runt,
2566 5669 2629 5725 et
2680 5656 3149 5726 castrametati
3215 5666 3379 5724 sunt
3434 5658 3504 5724 in
3578 5657 3870 5723 Sunam.
3959 5744 3969 5753 .
