5008 6329
1850 337 2558 408 COMMENTARIUS
2609 336 2704 403 IN
2751 336 3189 407 PSALMUM
3242 339 3552 409 CXVIII.

1102 495 1296 601 quasi
1319 510 1617 579 latrones
1638 511 1745 593 ad,
1773 513 2060 580 invicem
2090 512 2361 579 sibilant
2379 531 2523 577 sese
2548 507 2660 572 ad-

1099 619 1441 703 vocandO,
1478 620 1797 701 Osce,v1‚
1842 626 1880 689 9
1927 646 1940 690 :
1992 624 2456 711 Quasifauccs
2485 620 2664 683 viro-

1101 750 1258 794 rum
1301 729 1656 799 latronum
1688 756 1710 799 .·
1741 740 1806 801 et
1835 731 2126 822 spoliant
2185 727 2523 816 gratuitiS‚
2597 734 2664 793 et

1098 836 1466 905 vulnerant
1510 840 1579 905 in
1644 837 2091 912 naturalibus,
2137 835 2297 902 Luc.
2368 857 2435 911 x,
2512 834 2593 900 30
2642 855 2655 898 :

1098 945 1322 1013 Homo
1344 947 1636 1037 quidam
1676 942 2115 1013 descendebat
2152 941 2238 1009 ab
2273 941 2662 1007 Jerusalem

1098 1054 1172 1119 in
1199 1055 1500 1134 Jcriclio,
1570 1065 1635 1122 et
1708 1053 1952 1120 incidit
2029 1053 2095 1117 in
2156 1051 2479 1124 latrones,
2543 1055 2665 1139 qui

1100 1168 1310 1236 ctiam
1343 1163 1903 1259 despoliaverunt
1932 1183 2112 1244 cum,
2181 1168 2241 1227 et
2271 1158 2510 1249 plaqis
2540 1159 2666 1222 im-

1089 1276 1338 1360 positis
1404 1273 1749 1348 abierunt,
1821 1270 2141 1336 semiviro
2235 1266 2498 1332 relicte.
2577 1256 2666 1328 Et

1095 1382 1425 1450 insidiose
1455 1387 1849 1471 exspectant
1900 1387 1965 1446 et
2030 1376 2337 1451 latenter,
2402 1371 2659 1461 Supra,

1096 1490 1165 1556 in
1198 1488 1383 1557 Psal.
1427 1512 1500 1569 x,
1533 1490 1573 1556 9
1620 1510 1634 1554 ε
1681 1487 2068 1554 Insidiatur
2107 1484 2176 1549 in
2233 1478 2653 1553 abscondito,

1096 1596 1302 1685 quasi
1346 1595 1451 1662 leo
1504 1596 1573 1662 in
1613 1594 1941 1686 spelunca
2001 1614 2154 1657 sua.
2204 1588 2287 1655 Et
2344 1586 2660 1654 ardenter

1092 1701 1419 1770 affectant
1447 1703 1800 1780 devorare,
1842 1700 2091 1767 Thren.
2140 1700 2207 1772 n,
2279 1696 2354 1762 16
2397 1718 2413 1761 ε
2488 1695 2655 1762 Fre-

1097 1819 1426 1876 muerunt
1454 1806 1795 1884 dentibus,
1831 1815 1893 1871 et
1933 1804 2258 1870 dixerunt
2290 1824 2311 1868 .·
2350 1803 2662 1868 Devora-

1097 1917 1327 1985 bimus
1360 1942 1382 1986 .·
1423 1942 1505 1985 en
1536 1920 1672 1985 ista
1712 1925 1809 1983 est
1873 1916 2018 1982 dies
2061 1935 2271 2003 quam
2319 1920 2662 2001 exspecta·

1094 2026 1366 2112 bamus,
1404 2026 1818 2105 invenimus,
1869 2023 2190 2090 vidimus.
2243 2018 2657 2109 Exspectant

1092 2132 1303 2199 etiam
1371 2129 1595 2197 bonos
1655 2136 1721 2197 ct
1776 2127 2030 2217 justos,
2105 2123 2262 2202 Job,
2326 2148 2435 2203 xa,
2512 2123 2653 2190 18:

1088 2237 1495 2308 Absorbebit
1523 2238 1855 2327 fluvium,
1907 2247 1969 2305 et
2025 2258 2156 2302 non
2215 2231 2590 2301 mirabitur
2628 2254 2651 2298 .·

1091 2358 1153 2415 et
1191 2346 1399 2416 liabet
1425 2346 1762 2438 fiduciam
1796 2345 1987 2437 quod
2015 2345 2268 2432 influat
2318 2341 2657 2409 Iordanis

1090 2458 1160 2523 in
1201 2479 1277 2523 os
1302 2455 1483 2544 ejus.
1533 2453 1820 2545 Apocal.
1875 2476 1994 2532 xn,
2037 2453 2076 2519 4
2135 2460 2199 2520 ct
2255 2454 2294 2519 :5
2340 2474 2355 2520 :
2428 2453 2656 2517 Draco

1085 2564 1278 2630 stetit
1309 2571 1471 2629 ante
1500 2561 1862 2629 mulierem
1902 2583 2053 2651 quse
2097 2569 2243 2627 erat
2292 2559 2650 2650 paritura,

1092 2683 1168 2739 ut
1198 2693 1358 2739 eum
1382 2672 1781 2762 peperisset,
1811 2671 2047 2759 filium
2078 2668 2232 2757 ejus
2269 2667 2653 2733 clei-oraret.

1090 2779 1174 2846 Et
1233 2786 1424 2855 nota,
1477 2778 1659 2869 quod
1717 2779 1971 2867 optime
2022 2775 2205 2853 dicit,
2272 2777 2659 2864 Exspecta-

1089 2896 1332 2955 ecrunt
1362 2909 1472 2955 mc
1549 2910 1572 2954 .·
1633 2888 1792 2978 quia
1833 2885 2109 2977 perdere
2160 2908 2295 2952 non
2336 2889 2652 2974 possunt,

1088 2999 1221 3070 nisi
1251 2998 1444 3090 prius
1480 2997 1693 3065 homo
1750 2996 1988 3087 perdat
2053 3018 2169 3063 se:
2246 3017 2652 3063 consensum

1093 3108 1280 3178 enim
1341 3108 1491 3197 ejus
1551 3126 1825 3175 necesse
1893 3111 1990 3174 est
2049 3103 2133 3171 ad
2201 3102 2650 3194 perditionem

1090 3221 1497 3311 praevenire.
1552 3215 1746 3285 Unde
1828 3216 2084 3294 dicunt,
2181 3213 2309 3281 isa.
2362 3236 2448 3293 u,
2511 3214 2648 3280 23:

1085 3330 1463 3397 Incurvare
1493 3334 1570 3392 ut
1609 3335 2067 3392 transeamus.
2113 3320 2172 3388 11
2222 3320 2390 3410 neg.
2451 3345 2499 3402 1,
2556 3322 2647 3386 6:

1087 3436 1275 3506 Saul
1324 3433 1760 3503 incumbebat
1825 3455 2031 3525 super
2094 3429 2363 3498 hastam
2418 3451 2647 3508 suam,

1086 3549 1166 3614 ut
1207 3543 1616 3611 interficeret
1659 3564 1754 3609 se.

4193 344 4320 411 293

2859 532 2895 570 α
2963 509 3200 575 Omnis
3255 514 3889 579 consummationi&
3944 537 3977 578 a
4038 513 4166 580 Hic
4224 521 4324 580 est

2768 618 3043 685 tertium
3074 620 3284 684 totius
3316 622 3673 698 octonarii,
3713 623 3779 687 in
3822 644 3958 712 quo
3997 620 4324 711 relinqui-

2767 734 2880 793 tur
2936 734 3116 793 certa
3153 728 3452 816 cognitio
3490 727 3839 797 charitatis
3877 753 3891 798 :
3928 738 3992 798 et
4017 731 4333 799 dicuntur

2769 832 2931 899 duc.
2970 832 3228 911 Prim0,
3273 843 3453 901 certa
3503 836 3807 926 cognitio
3860 859 3943 903 ex
3997 835 4330 926 praedictis

2770 942 2983 1030 ipsius
3020 940 3391 1009 charitatis.
3449 943 3793 1021 Secundo,
3845 945 4162 1034 quaedam
4212 968 4333 1012 co-

2770 1049 2977 1138 gnita}
3019 1048 3406 1137 descriptiO,
3452 1050 3568 1127 ibi,
3637 1076 3670 1116 ι
3721 1053 3980 1118 Latum
4035 1051 4333 1119 manda-

2771 1164 2942 1221 tum.
2982 1178 3016 1218 n

2862 1261 2947 1328 Et
2983 1269 3169 1337 nota,
3217 1263 3402 1352 quod
3458 1265 3963 1331 consummatio
4024 1261 4330 1354 appella·
4360 1298 4678 1341 consumma·

2771 1380 2881 1439 tur
2918 1371 3283 1463 aliquando
3316 1372 3386 1440 in
3422 1371 3793 1464 Scripturis
3842 1372 4024 1457 finis,
4084 1371 4322 1440 Matth.
4358 1351 4504 1461 ’Ῑροιὲξῗ
4524 1349 4677 1448 {22¹2}

4467 1458 4580 1515 ptio.

2771 1503 2959 1561 xxm,
3005 1480 3043 1548 3
3080 1502 3094 1554 ;
3135 1481 3339 1564 Quod
3361 1483 3641 1571 siqnum
3685 1482 4023 1549 adventus
4081 1482 4210 1560 tui,
4269 1491 4331 1547 et

2769 1589 3378 1656 consummationis
3404 1589 3643 1657 saeculi
3682 1587 3724 1655 ?
3750 1588 3838 1655 Et
3865 1590 4324 1677 consumptiO,

2770 1696 2798 1762 I
2837 1696 3093 1781 Esdrae,
3127 1718 3221 1774 1x‚
3262 1698 3385 1763 14:
3428 1697 3800 1788 Numquid
3826 1698 4049 1764 iratus
4095 1719 4164 1762 es
4201 1718 4331 1762 no-

2769 1803 2871 1870 bis
2920 1827 3132 1894 usque
3169 1805 3266 1871 ad
3300 1807 3958 1874 consummationem
3995 1802 4035 1870 ?
4086 1802 4152 1870 id
4200 1810 4324 1880 est,

2766 1936 2984 2003 usque
3013 1913 3097 1979 ad
3137 1916 3758 2005 consumptionem.
3806 1912 4004 1990 Item,
4084 1910 4331 1977 abbre-

2765 2022 3001 2105 viati0,
3046 2022 3176 2089 Isa.
3219 2046 3287 2102 x,
3333 2024 3419 2090 23
3457 2046 3472 2090 :
3530 2021 4209 2091 Consummationem
4265 2027 4329 2086 et

2765 2127 3343 2196 abbreviationem
3414 2131 3761 2197 Dominus
3824 2131 4016 2197 Dcus
4080 2126 4330 2194 exerci-

2765 2245 2963 2303 tuum
2999 2237 3211 2326 saciet
3267 2239 3337 2304 in
3396 2238 3621 2304 medio
3688 2237 3914 2303 omnis
3962 2245 4181 2302 terrae.
4244 2232 4328 2299 Et

2765 2344 3140 2435 figurarum
3169 2344 3503 2434 impletio,
3536 2344 3737 2413 Joan.
3775 2365 3918 2420 xix,
3965 2343 4050 2410 30
4086 2364 4101 2408 :
4151 2343 4331 2410 Con-

2761 2464 3189 2522 summatum
3281 2463 3400 2521 est.
3489 2454 3895 2522 Extremum
3960 2448 4324 2543 judicium,

2765 2560 2972 2629 Eccli.
3014 2583 3205 2636 xviu,
3242 2562 3327 2627 24
3364 2583 3380 2629 :
3415 2564 3756 2629 Memento
3789 2563 3909 2629 ira,³
3941 2561 4011 2627 in
4040 2560 4152 2628 dic
4176 2586 4333 2632 con·

2762 2670 3271 2737 summationis.
3342 2669 3665 2738 Extrema
3739 2668 4118 2749 damnatio,
4201 2670 4332 2740 Sa-

2762 2778 2976 2868 pient.
3013 2800 3108 2854 111,
3152 2778 3281 2846 16:
3325 2777 3502 2844 Filii
3558 2777 4043 2846 adulterorum
4104 2780 4173 2845 in
4232 2781 4333 2846 in-

2763 2887 3353 2953 consummationc
3379 2896 3605 2954 crunt.
3638 2885 3713 2954 Et
3752 2886 4075 2978 perfectio
4119 2888 4330 2978 ipsius

2766 2996 2889 3064 rei.
2934 2995 3081 3064 Hoc
3119 2994 3354 3075 modo,
3414 3005 3482 3064 et
3533 2996 3760 3086 primo
3820 3004 4045 3086 potest
4117 2997 4329 3088 accipi

2763 3103 2875 3173 hic
2938 3105 3466 3174 consummatio.
3542 3102 3603 3172 ΙΙ
3658 3103 3745 3173 ad
3801 3103 4114 3174 Corinth.
4177 3128 4321 3185 xnt,

2761 3218 2802 3281 9
2840 3239 2855 3284 ε
2893 3218 3035 3284 Iloc
3071 3227 3137 3284 et
3200 3239 3482 3285 oramus
3547 3227 3844 3285 vestram
3902 3240 4328 3287 consumma·

2762 3325 3041 3391 tionem.
3831 3397 3846 3411 ‚

2851 3431 2935 3501 Et
2990 3433 3291 3501 secundo
3347 3434 3503 3502 sic:
3585 3432 3689 3502 Ita
3750 3431 3864 3501 lex
3910 3441 4032 3502 tua
4095 3441 4326 3501 manet

2760 3541 2830 3608 in
2872 3541 3207 3610 universis
3236 3541 3590 3623 creaturiS,
3642 3548 3708 3610 et
3755 3539 4124 3610 meditatus
4169 3565 4322 3610 sum

2623 3683 2654 3698 -
2757 3645 2828 3715 in
2871 3646 3267 3740 scripturis,
3309 3650 3501 3717 etsie
3539 3655 3605 3717 et
3660 3669 3784 3740 per
3856 3655 4203 3718 creaturas
4257 3656 4324 3717 et

1177 3787 1210 3827 ι
1251 3760 1692 3829 Testimonia.
1737 3786 1769 3819 n
1811 3758 1980 3825 Ecce
2021 3753 2417 3824 secundum.
2491 3751 2645 3832 Qua

1081 3872 1137 3938 si
1187 3869 1444 3937 «liceret
1479 3889 1495 3936 ε
1533 3865 1634 3933 lui
1677 3864 2039 3934 credebant
2079 3886 2184 3930 me
2223 3864 2356 3929 cito
2380 3862 2643 3952 peritu-

1084 4001 1236 4047 rum
1281 3995 1300 4046 2
1344 3977 1442 4044 sic
1473 3983 1704 4044 autem
1736 3996 1875 4042 non
1918 3972 2067 4051 fuit,
2092 3971 2248 4061 quia
2282 3994 2315 4034 ι
2342 3970 2644 4037 testimo-

1081 4087 1203 4155 nia
1224 4094 1377 4168 tna,
1423 4108 1458 4149 n
1495 4082 2030 4173 Scripturarum,
2076 4106 2108 4144 a
2146 4077 2484 4162 intellexi,
2516 4103 2549 4139 ιο
2577 4075 2644 4143 id

1083 4203 1208 4274 est,
1245 4195 1314 4262 in
1345 4193 1512 4285 ipsis
1540 4189 1959 4259 intellectum
1991 4188 2102 4256 fixi
2138 4209 2154 4256 τ
2208 4195 2271 4256 et
2302 4188 2397 4255 sic
2445 4186 2644 4252 inve-

1080 4309 1151 4375 ni
1182 4305 1345 4399 quid
1377 4302 1895 4398 persistentibus
1924 4301 2455 4393 promitteretur,
2479 4297 2641 4388 quia

1077 4441 1359 4488 corona.
1401 4418 1643 4487 Jacob.
1672 4440 1719 4495 ι,
1764 4419 1837 4484 12
1884 4437 1900 4483 :
1935 4417 2187 4484 Beatus
2206 4413 2312 4480 vir
2338 4413 2463 4503 qui
2490 4412 2642 4500 sul·

1076 4530 1219 4618 lert
1256 4528 1729 4602 Imitationem,
1784 4523 2113 4617 quoniam
2168 4544 2323 4588 cnm
2375 4517 2640 4612 proba-

1078 4650 1191 4708 tus
1216 4640 1464 4730 luerit,
1497 4637 1783 4728 accipiet
1839 4657 2159 4706 coronam
2206 4634 2384 4710 vitae,
2418 4652 2630 4722 quam

1074 4745 1493 4838 repromisit,
1522 4752 1652 4812 etc.
1681 4740 1835 4818 vet,
1873 4767 1909 4805 ιι
1959 4739 2345 4808 testimonia
2405 4745 2556 4816 tua,
2595 4759 2630 4800 n

1077 4852 1146 4920 id
1184 4859 1313 4930 est,
1347 4851 1679 4942 martyria
1718 4857 1860 4930 tua,
1920 4849 2053 4915 tuis
2106 4846 2359 4915 scilicet
2418 4842 2629 4920 illata,

1080 4985 1114 5026 α
1157 4959 1504 5038 intelleoei,
1546 4985 1579 5020 ιο
1616 4956 1934 5048 perfecte,
1976 4956 2135 5047 quia
2178 4952 2319 5020 vidi
2372 4951 2635 5021 ducen-

1078 5069 1173 5137 tia
1201 5066 1290 5136 ad
1327 5065 1537 5134 tinem
1613 5064 2018 5155 gloriosum,
2085 5069 2150 5130 et
2205 5062 2303 5129 sic
2354 5081 2634 5128 omnem

1078 5176 1389 5247 dolorem
1431 5172 1840 5263 mitigantia.
1886 5170 2304 5262 Gregorius:
2349 5196 2385 5234 ιι
2445 5168 2634 5236 Con-

1080 5314 1116 5352 «
1149 5284 1474 5353 sideratio
1504 5281 1763 5374 praemii
1795 5279 2114 5347 diminuit
2139 5280 2281 5347 vim
2312 5274 2565 5368 flageli.
2597 5300 2630 5340 ι

1075 5392 1186 5461 Λᾶ
1224 5392 1521 5461 Roman.
1564 5412 1714 5470 vm,
1779 5390 1860 5456 ¹8
1904 5409 1921 5455 :
1979 5387 2132 5456 Non
2186 5394 2348 5454 sunt
2401 5382 2636 5452 condi·

1073 5525 1232 5595 qna?
1262 5501 1616 5593 passiones
1654 5497 1874 5590 liujus
1911 5497 2233 5589 temporis
2279 5493 2376 5562 ad
2423 5496 2635 5584 sutu-

1076 5633 1233 5682 ram
1256 5609 1593 5702 qloriam,
1633 5631 1788 5700 quae
1823 5604 2238 5676 revelabitur
2281 5604 2352 5672 in
2407 5601 2626 5672 nobis.

2757 3777 2878 3846 per
2910 3754 3320 3847 ScripturaS,
3360 3781 3394 3822 a
3438 3756 3586 3824 vidi
3627 3757 3840 3845 finem
3889 3757 4113 3824 omnis
4157 3778 4323 3823 con-

2752 3869 3261 3944 summationis,
3297 3895 3331 3929 »
3384 3867 3456 3935 id
3511 3874 3613 3934 est
3678 3866 3911 3935 omnis
3959 3866 4323 3956 perfectio-

2754 3978 2884 4048 nis.
2948 3976 3035 4045 Et
3098 3975 3262 4069 quid
3335 3982 3437 4044 est
3504 3972 3673 4042 illud
3699 3976 3736 4042 ⁴?
3804 4002 3840 4038 «
3899 3974 4317 4042 Mandatum

2753 4096 2982 4164 tuum,
3027 4108 3062 4149 ι
3096 4082 3282 4175 quod
3319 4089 3419 4151 est
3462 4106 3496 4148 ι
3544 4081 3769 4150 latum
3799 4082 4037 4162 nimis,
4072 4107 4108 4144 n
4140 4079 4317 4150 scili-

2749 4201 2855 4262 cet
2889 4191 3286 4261 mandatum
3316 4189 3400 4258 de
3438 4188 3795 4275 charitate,
3844 4188 4032 4280 quod
4071 4190 4317 4280 praeci-

2748 4302 2935 4395 pitur
2962 4300 3237 4372 extendi
3267 4322 3485 4392 usque
3515 4298 3603 4368 ad
3642 4297 4031 4368 inimicum.
4064 4297 4310 4368 Matth.

2748 4433 2819 4492 v,
2853 4410 2966 4489 Η,
2999 4418 3067 4479 et
3095 4408 3257 4478 Luc.
3307 4432 3402 4487 vi,
3446 4409 3530 4476 27
3576 4429 3593 4475 ε
3653 4407 3959 4498 Diliqite
4002 4407 4317 4475 inimicos

2748 4527 3027 4598 vestros,
3069 4516 3444 4607 benefacite
3486 4515 3595 4584 leis
3640 4515 3767 4608 qui
3817 4515 4111 4584 oderunt
4167 4538 4307 4583 vos.

2745 4622 3056 4693 Charitas
3112 4624 3297 4692 enim
3344 4621 3501 4691 finis
3556 4629 3660 4691 est
3705 4620 4022 4690 omnium
4081 4621 4312 4690 bono-

2746 4755 2923 4801 rum.
2960 4730 2986 4799 1
3018 4730 3105 4800 ad
3131 4729 3433 4800 Timoth.
3498 4752 3544 4826 ι,
3578 4732 3620 4799 5
3654 4751 3671 4798 :
3738 4730 3942 4799 Finis
3981 4730 4312 4822 precepti

2745 4852 2843 4910 cst
2870 4841 3195 4911 charitas.
3232 4841 3314 4909 Et
3344 4841 3443 4908 sic
3471 4846 3574 4908 est
3600 4839 4110 4908 consummatio
4141 4861 4311 4931 qua·

2745 4949 2802 5016 si
2842 4972 2881 5017 a
2920 4956 3110 5040 parte
3140 4956 3316 5040 post.
3354 4945 3438 5015 Et
3474 4953 3579 5015 est
3615 4945 3839 5031 radix,
3874 4968 3960 5015 ex
3999 4968 4136 5038 qua
4164 4969 4312 5015 om·

2747 5078 2833 5125 ne
2864 5054 3125 5125 bonum
3167 5055 3408 5124 oritur.
3465 5049 3711 5121 Matth.
3772 5075 3941 5131 xxn,
4003 5053 4150 5122 40:
4226 5053 4310 5121 In

2746 5167 2855 5234 leis
2894 5163 3164 5233 duobus
3194 5163 3545 5233 mandatis
3602 5162 3925 5230 universa
3980 5160 4095 5230 lex
4138 5185 4309 5254 pen·

2746 5279 2883 5358 det,
2925 5287 2990 5346 et
3011 5275 3363 5370 proplietoe
3389 5298 3418 5345 .·
3448 5281 3514 5343 et
3543 5274 3642 5343 sic
3679 5280 3783 5342 est
3823 5273 4019 5364 quasi
4041 5293 4082 5339 a
4116 5280 4307 5364 parte

2745 5395 2902 5455 ante
2940 5383 3469 5455 consummatio.

2834 5493 2990 5575 vel,
3049 5491 3425 5563 secundum
3502 5488 3688 5559 hunc
3760 5511 4043 5559 sensum
4101 5490 4307 5560 etiam

2744 5604 2843 5673 sic
2883 5624 2899 5670 :
2950 5627 2984 5669 ι
3037 5601 3193 5670 Vidi
3215 5600 3428 5691 finem
3492 5598 3715 5667 omnis
3780 5600 4311 5667 consummatio-

2743 5712 2877 5792 nis,
2911 5709 2979 5778 id
3007 5716 3108 5780 est
3142 5707 3486 5778 Christum
3520 5728 3536 5775 :
3567 5706 3797 5776 omnis
3827 5707 4012 5776 enim
4077 5708 4307 5798 perie-
