5008 6329
450 4957 574 5024 8⁷

698 329 827 395 260

712 498 893 567 Velle
920 498 1199 589 adjacet
1230 494 1430 577 mihi,
1473 490 1805 582 perficere
1860 501 2094 558 autem
2121 512 2260 557 non

700 607 987 673 invenio,
1020 603 1216 671 Tales
1245 607 1461 677 erant,
1490 597 1572 664 de
1603 598 1851 688 quibus
1883 595 2252 664 IMachab.

699 738 790 792 w,
825 715 908 780 42
945 735 960 778 :
1004 712 1243 801 Eteqit
1267 709 1495 778 Judas
1513 706 1892 774 sacerdotes
1928 707 2075 772 sine
2103 726 2262 772 ma-

699 822 884 901 cula,
925 818 1349 887 voluntatem
1379 815 1702 884 habentes
1733 814 1807 881 in
1834 811 1982 901 leqe
2007 812 2162 879 Dei.

794 1179 827 1221 α
871 1154 1145 1223 Inclina
1190 1176 1303 1220 cor
1341 1168 1597 1217 meum.
1646 1170 1678 1210 ιι
1739 1145 1868 1213 llic
1910 1146 2254 1235 quintum,

700 1265 771 1330 in
800 1286 933 1353 quo
963 1262 1132 1353 petit
1158 1258 1449 1351 gratiam
1486 1253 1572 1320 ad
1601 1252 1986 1320 faciendum
2017 1252 2255 1344 gratiS,

696 1391 836 1437 non
866 1391 950 1436 ex
969 1364 1356 1456 cupiditate,
1385 1360 1621 1429 omnia
1638 1358 1985 1449 praedicta.
2019 1357 2257 1425 Primo

696 1501 858 1571 ergo
895 1479 1063 1568 petit
1099 1483 1175 1544 ut
1211 1472 1549 1542 veraciter
1604 1467 1971 1535 inclinetur
2018 1465 2105 1534 ad
2133 1467 2258 1534 im·

691 1584 1015 1677 plendum
1045 1582 1476 1651 voluntatem
1506 1575 1660 1643 Dei.
1690 1573 2034 1652 Secundo,
2071 1572 2257 1664 quod

693 1694 901 1785 gratis
936 1692 1267 1761 efficiatur
1335 1687 1420 1756 ab
1453 1706 1562 1765 cO,
1628 1681 1748 1758 ibi,
1806 1710 1840 1746 α
1874 1684 1973 1749 Et
2007 1704 2146 1749 non
2184 1683 2258 1749 in

694 1801 1088 1869 avaritiam.
1135 1825 1169 1860 n

781 1908 897 1976 Ait
946 1928 1110 1998 ergo
1147 1928 1163 1973 ε
1200 1903 1315 1972 Sic
1343 1901 1570 1992 legem
1603 1919 1810 1987 pone,
1834 1895 2254 1965 intellectum

692 2018 802 2095 da,
838 2025 904 2085 et
924 2012 1264 2083 custodire
1293 2010 1424 2088 fac,
1461 2012 1527 2074 et
1557 2004 1929 2096 proficere:
1964 2011 2031 2072 et
2051 2026 2259 2094 super

692 2122 836 2192 haec
866 2122 1123 2204 omnia,
1160 2145 1196 2183 ι)
1241 2117 1505 2185 inclina
1527 2135 1643 2180 cor
1662 2133 1918 2193 meum,
1956 2134 1989 2176 s
2025 2111 2093 2192 id
2121 2117 2251 2194 est,

694 2231 981 2324 gratiam
1032 2227 1117 2295 da
1155 2248 1274 2295 cor
1338 2242 1574 2292 meum
1637 2217 1950 2287 inclinari
2009 2216 2256 2285 facien·

692 2348 858 2417 tem,
896 2362 929 2402 ι
963 2336 1033 2403 in
1065 2331 1459 2402 testimonia
1500 2337 1650 2405 tua,
1682 2353 1713 2386 »
1750 2327 1819 2392 in
1863 2322 2258 2415 Scriptura-

693 2467 845 2514 rum
876 2443 1077 2526 dicta,
1096 2463 1250 2532 quae
1272 2434 1726 2507 testificantur
1744 2439 1881 2500 tuae
1901 2431 2249 2521 potestati,

693 2563 760 2623 et
794 2562 928 2621 tuae
958 2547 1339 2641 sapientiae,
1374 2553 1440 2612 et
1485 2549 1624 2610 tuoe
1664 2539 1981 2608 bonitati.
2016 2537 2147 2608 Isa.
2177 2561 2250 2618 ν,

696 2667 779 2734 13
813 2686 829 2732 t
860 2657 1352 2732 Incurvabitur
1396 2654 1629 2731 horna,
1663 2659 1729 2716 et
1754 2647 2256 2717 humiliabitur

691 2774 821 2855 vir,
846 2778 909 2837 et
943 2770 1039 2836 sic
1067 2767 1196 2835 erit
1221 2766 1524 2857 sapiens,
1560 2758 1746 2850 quia,
1782 2756 2114 2826 Proverb.
2152 2778 2250 2837 xi,

693 2882 733 2948 2
763 2900 780 2946 z
821 2875 953 2946 Ubi
965 2874 1357 2955 humilitas,
1384 2891 1539 2961 quae
1563 2874 1665 2934 est
1696 2862 2046 2932 inclinatio
2069 2884 2257 2956 quae·

694 2985 875 3063 dam,
912 2982 1009 3051 ibi
1044 2992 1111 3051 et
1163 2978 1536 3074 sapientia.
1599 2970 1862 3040 Inclina
1921 2992 2087 3062 ergo
2135 2991 2257 3039 cor

692 3114 951 3172 meum,
997 3089 1115 3183 qui
1172 3085 1490 3181 proecipis
1540 3086 1614 3148 ut
1655 3077 2042 3147 inclinetur.
2086 3074 2257 3147 Pro·

691 3204 882 3272 verb.
916 3222 1084 3280 xxn,
1134 3199 1210 3267 Π
1247 3219 1263 3265 z
1327 3191 1607 3263 ludina
1638 3210 1876 3257 aurem
1924 3196 2148 3272 tuam,
2190 3195 2256 3256 et

695 3313 867 3382 audi
901 3307 1105 3379 verba
1142 3303 1591 3398 sapientium.

786 3447 821 3483 ιι
851 3420 946 3487 Et
982 3439 1118 3485 non
1151 3414 1222 3481 in
1278 3405 1684 3487 avaritiam,
1732 3427 1766 3468 ι
1827 3400 1961 3470 hoc
1998 3406 2125 3481 est,
2156 3399 2258 3468 sic

696 3526 967 3607 inclina,
1011 3531 1086 3591 ut
1150 3543 1291 3589 non
1340 3536 1649 3610 quaeram
1710 3511 1780 3578 in
1811 3507 2256 3578 inclinatione

694 3646 957 3706 terrena
991 3633 1170 3701 sicut
1206 3627 1332 3708 illi,
1358 3626 1442 3695 do:
1488 3620 1764 3714 quibus·
1794 3619 1865 3687 in
1897 3615 2082 3686 Psal-
2111 3639 2255 3698 tvl,

700 3745 806 3822 11,
847 3762 1051 3833 supra
1083 3760 1100 3807 ε
1138 3734 1394 3807 Oculos
1412 3751 1576 3799 suos
1628 3733 2026 3794 statuerunt
2052 3721 2260 3792 decti-

697 3871 864 3920 nare
883 3849 953 3916 in
991 3856 1274 3914 terram.
1311 3834 1645 3907 l'roverl).
1678 3853 1846 3912 xvn,
1880 3830 1968 3899 24
1999 3852 2023 3897 .·
2055 3829 2264 3900 Oculi

699 3956 1072 4028 stultorum
1114 3954 1185 4021 in
1237 3946 1503 4041 finibus
1542 3939 1825 4009 terrae]
1882 3938 2055 4031 neg.
2110 3960 2257 4020 νιιι,

702 4070 770 4148 3,
812 4066 1057 4136 dicitur
1074 4061 1157 4129 de
1186 4057 1387 4129 malis
1416 4052 1576 4123 tiliis
1616 4047 1769 4118 lleli
1811 4069 1829 4117 ε
1864 4048 2265 4118 Declinave-

704 4188 868 4249 runt
905 4185 1063 4272 post
1101 4171 1503 4245 avaritiam.
1538 4167 2076 4254 acceperuntque
2112 4180 2266 4227 rnu-

701 4310 889 4356 nera.
916 4283 1054 4353 Sed
1090 4280 1254 4351 boni
1285 4274 1707 4347 inclinantur
1733 4267 1818 4336 ad
1840 4266 2089 4336 Deum.
2124 4264 2259 4334 Isa.

709 4415 878 4472 xvn,
909 4391 949 4459 Ἰ
994 4410 1012 4458 2
1054 4390 1139 4457 In
1177 4385 1291 4455 dic
1348 4382 1485 4453 itta
1545 4373 2003 4445 inclinabitur
2055 4372 2265 4441 homo

707 4499 807 4570 ad
835 4501 1167 4591 lactarem
1206 4514 1443 4567 suum,
1476 4493 1542 4555 et
1570 4481 1670 4552 ad
1689 4490 2007 4551 sanctum
2045 4478 2270 4550 Israel

709 4605 1083 4699 respicient.

798 4961 833 5002 ι
872 4936 1115 5004 Averte
1142 4927 1402 4998 oculos.
1442 4951 1479 4988 n
1506 4921 1634 4991 llic
1662 4926 1764 4989 cst
1791 4917 2091 4988 secunda
2108 4939 2266 5010 pars

705 5041 1061 5120 octonarii,
1121 5041 1191 5109 in
1250 5059 1390 5129 quo
1450 5037 1815 5123 postquam
1861 5025 2055 5119 petiit
2100 5047 2265 5116 gra-

706 5154 871 5221 tiam
910 5148 992 5218 ad
1024 5142 1525 5239 proficiendum
1581 5137 1651 5204 in
1691 5133 1903 5214 bono,
1947 5131 2058 5203 hic
2096 5133 2267 5224 petit

704 5257 789 5326 ad
825 5252 1203 5325 cavendum
1232 5248 1445 5330 mala,
1480 5253 1549 5313 et
1593 5240 1982 5310 inducentia
2013 5240 2082 5306 in
2113 5261 2266 5306 ma-

704 5366 871 5446 lum,
929 5386 1069 5433 non
1124 5361 1212 5430 ad
1271 5351 1659 5428 cavendum
1728 5346 1985 5416 malum
2043 5345 2262 5439 culpa*

704 5472 1035 5553 mortalis,
1104 5469 1237 5539 hoc
1322 5474 1428 5537 est
1486 5461 1671 5531 enim
1759 5457 2258 5550 incipientium.

779 5707 793 5741 ¹
827 5702 909 5757 Gt.
944 5702 1154 5754 ‹za-nes.
1187 5711 1271 5760 ιιι,
1314 5698 1366 5747 ·.·.

1701 318 1785 389 D.
1838 317 2042 385 ALB.
2093 317 2316 391 MAG.

2369 319 2577 394 ORD.
2625 323 2917 392 PRAED.

2374 490 2458 558 Et
2521 495 2765 583 primo,
2821 497 2986 585 petit
3024 497 3310 586 gratiam
3362 499 3447 565 ad
3530 502 3907 569 cavendum
3964 544 3972 553 ·

2374 599 2655 679 malum,
2699 609 2767 669 et
2813 603 3251 670 avertendum
3304 626 3375 672 se
3408 627 3447 672 a
3499 605 3680 672 malo
3722 611 3911 675 vani-

2372 706 2552 772 tatis.
2626 706 2959 787 Secundo,
3022 730 3057 775 a
3125 709 3305 777 malo
3370 711 3725 801 cujusdam
3774 714 3905 782 cla·

2372 813 2577 879 tionis
2617 835 2763 903 quae
2814 814 2984 881 solet
3043 815 3202 881 oriri
3258 838 3343 883 ex
3410 817 3741 906 profectu,
3786 821 3904 902 ibi,

2369 926 2433 995 ἵ.
2481 920 2564 986 38
2598 943 2612 985 :
2652 947 2684 983 «
2714 922 2957 990 Statue
2977 945 3164 989 servo
3196 934 3337 991 tua.
3378 949 3411 988 ι»
3434 924 3721 993 Tertioa
3759 952 3912 997 ma-

2371 1024 2438 1092 lo
2486 1027 2886 1117 suspicionis
2917 1028 2997 1097 de
3029 1028 3177 1097 aliis
3208 1028 3484 1115 habitae,
3537 1032 3655 1112 ibi,
3688 1041 3750 1109 ᾗ.
3783 1037 3905 1104 39:

2374 1157 2408 1198 α
2449 1134 2751 1225 Amputa
2817 1136 3279 1227 opprobrium.
3323 1166 3352 1202 ο
3421 1138 3734 1208 Primum
3802 1167 3912 1212 re-

2370 1241 2568 1331 spicit
2595 1241 2678 1309 ad
2721 1245 3336 1334 concupiscibilem.
3375 1246 3792 1331 Secundum,
3826 1255 3911 1322 ad

2370 1350 2799 1421 irascibilem.
2864 1352 3189 1433 Tertium,
3247 1354 3332 1422 ad
3405 1356 3905 1443 rationabilem,

2370 1457 2564 1547 cujus
2592 1467 2691 1526 est
2719 1459 3043 1549 judicare.

2458 1564 2536 1633 In
2565 1567 2780 1657 prima
2818 1568 3130 1637 dicuntur
3158 1570 3321 1638 duo.
3366 1570 3627 1658 PrimO,
3678 1579 3845 1665 petit
3869 1602 3908 1647 a

2366 1674 2778 1744 vanitatibus
2792 1678 2999 1745 averti
3021 1701 3142 1769 per
3163 1680 3453 1770 gratiam
3479 1680 3629 1749 Dei.
3655 1682 3912 1755 Secun-

2368 1782 2482 1865 do,
2519 1787 2711 1875 quasi
2747 1785 3058 1855 effectum
3093 1787 3447 1881 subjungit
3476 1813 3908 1883 consequen-

2365 1898 2506 1959 tem
2553 1914 2636 1960 ex
2671 1890 2823 1972 hoc,
2895 1893 3146 1963 scilicet
3187 1897 3256 1963 in
3306 1895 3574 1966 Christo
3636 1899 3789 1989 plus
3841 1912 3908 1973 et

2363 1999 2591 2066 verius
2618 1999 2969 2086 vivificari,
3011 2002 3131 2084 ibi,
3172 2027 3206 2068 α
3237 2004 3322 2072 In
3351 2005 3465 2071 via
3485 2013 3633 2073 tua.
3671 2030 3704 2072 ιι

2452 2105 2626 2175 Dicit
2679 2130 2889 2199 ergo:
2955 2108 3067 2178 Sic
3122 2112 3308 2202 petii,
3368 2121 3445 2180 ut
3516 2114 3906 2205 praedictam

2364 2215 2654 2306 gratiam
2692 2217 2775 2284 ad
2834 2218 3151 2307 praedicta
3216 2219 3400 2289 bona
3450 2222 3781 2305 conferaS,
3842 2237 3910 2297 et

2365 2323 2566 2392 etiam
2602 2348 2635 2388 ι
2666 2334 2910 2409 averte,
2948 2355 2979 2387 »ι
3014 2327 3080 2394 id
3110 2336 3235 2408 est,
3278 2331 3567 2419 gratiam
3601 2341 3909 2403 averten-

2364 2430 2430 2499 di
2489 2429 2741 2522 praebe,
2812 2458 2845 2498 ι
2889 2433 3120 2503 oculos
3192 2458 3399 2517 meos,
3434 2466 3466 2500 n
3539 2440 3906 2513 exteriores

2363 2536 2641 2618 scilicet,
2679 2565 2712 2605 ι
2743 2563 2826 2608 ne
2859 2539 3135 2610 videant
3190 2545 3589 2626 vanitatem,
3637 2573 3673 2611 ι)
3713 2572 3907 2620 crea-

2361 2652 2531 2713 turae
2568 2644 2919 2715 allicientis
2956 2670 3079 2739 per
3103 2651 3332 2718 visum
3375 2652 3707 2722 animam.
3751 2655 3908 2728 Fre-

2364 2759 2649 2842 quenter
2675 2753 2856 2821 enim
2894 2776 3014 2844 per
3052 2754 3286 2824 oculos
3337 2758 3542 2827 intrat
3589 2766 3904 2855 concupi·

2362 2857 2639 2942 scentia,
2663 2864 2727 2926 et
2747 2881 2928 2927 mors
2965 2861 3498 2932 occasionaliter.
3529 2864 3782 2937 Jerem.
3807 2894 3901 2952 ιιι,

2362 2964 2441 3032 2¹
2491 2984 2509 3031 ε
2550 2965 2868 3033 Ascendit
2893 2988 3075 3036 mors
3095 2993 3223 3062 per
3256 2972 3618 3062 fenestras,
3654 2976 3904 3069 inares-

2357 3096 2440 3141 sa
2481 3083 2580 3141 est
2640 3073 2872 3144 domos
2913 3088 3204 3148 nostras.
3259 3080 3344 3150 Et
3388 3081 3729 3154 Dominus
3780 3090 3897 3172 ait,

2361 3178 2601 3250 Matth.
2660 3204 2729 3261 ν,
2771 3184 2857 3253 28
2891 3207 2908 3253 :
2944 3186 3081 3271 Qui
3115 3187 3363 3257 viderit
3408 3191 3766 3263 mulierem
3810 3197 3908 3266 ad

2360 3288 2957 3381 concupiscendum
2988 3315 3164 3375 eam,
3193 3295 3359 3386 jam
3408 3300 3780 3371 maechatus
3807 3314 3906 3372 est

2363 3417 2511 3463 eam
2545 3398 2614 3464 in
2649 3396 2846 3466 corde
2878 3423 3025 3469 suo.
3059 3400 3268 3472 Eccli.
3338 3427 3430 3485 ix,
3474 3408 3516 3476 9
3558 3427 3577 3477 ι
3610 3411 3907 3504 Propter

2362 3502 2645 3593 speciem
2719 3505 3052 3591 mulieris,
3136 3511 3435 3580 exterius
3500 3513 3900 3606 inspectam,

2366 3609 2579 3677 multi
2595 3612 2967 3701 periermzt.
3003 3639 3040 3679 e
3079 3614 3234 3685 Non
3291 3619 3478 3688 enim
3520 3618 3700 3702 licet,
3734 3625 3907 3695 sicut

2369 3741 2404 3782 ι
2437 3716 2597 3786 dicit
2634 3717 3025 3810 Gregorius,
3059 3721 3333 3806 intueri,
3377 3727 3565 3819 quod
3586 3730 3910 3802 nonlicet

2375 3852 2411 3890 ι
2436 3827 2842 3918 concupisci.
2880 3854 2914 3895 ι
2959 3828 3093 3899 Sed
3125 3834 3345 3925 magis
3374 3835 3733 3907 interiores
3755 3862 3910 3911 ocu·

2368 3933 2473 4004 los
2499 3937 3044 4029 concupientum,
3087 3941 3202 4033 qui
3233 3951 3388 4033 post
3415 3953 3797 4036 peccatum,
3838 3951 3910 4019 in

2368 4043 2611 4136 primis
2635 4046 3019 4138 patentibus
3033 4050 3245 4140 aperti
3274 4059 3435 4121 sunt
3458 4052 3503 4121 ⁸.
3545 4052 3693 4124 llos
3721 4080 3912 4129 aver-

2367 4160 2460 4237 te,
2503 4178 2541 4218 «
2579 4176 2664 4222 ne
2705 4154 3001 4237 videant,
3037 4185 3070 4219 »ι
3127 4158 3196 4228 id
3251 4167 3378 4241 est,
3430 4165 3912 4256 concupiscant

2368 4258 2890 4353 aliquantulum,
2957 4263 3164 4332 etiam
3228 4263 3495 4348 leviter,
3557 4295 3592 4336 ι
3632 4274 3911 4343 vanita-

2369 4376 2531 4447 tem,
2556 4366 2864 4461 »aliquid
2891 4376 3260 4458 terrenum,
3287 4372 3549 4467 aliquid
3567 4386 3907 4452 creatum:

2369 4485 2591 4547 totum
2611 4478 2793 4548 enim
2819 4481 3082 4549 vanitas
3096 4489 3220 4550 cst.
3246 4482 3492 4554 Genes.
3518 4508 3566 4568 ι,
3587 4489 3628 4556 2
3653 4510 3670 4556 :
3709 4491 3912 4561 Terra

2369 4593 2520 4653 erat
2574 4586 2824 4672 inanis,
2869 4595 2934 4655 et
2982 4611 3223 4658 vacua.
3288 4591 3547 4663 Jerem.
3620 4617 3712 4678 ιν,
3760 4601 3846 4668 23
3891 4623 3909 4670 t

2369 4691 2679 4785 Adspeti
2723 4703 3001 4775 terram,
3050 4706 3116 4765 et
3177 4721 3321 4768 ecce
3367 4723 3587 4793 vacua
3645 4716 3817 4787 erat,
3849 4717 3915 4776 et

2369 4799 2601 4867 nihili.
2678 4801 2783 4871 Ad
2847 4801 3138 4874 Roman.
3206 4827 3354 4886 vin,
3407 4808 3494 4879 20
3536 4831 3552 4876 :
3610 4811 3915 4884 Vanitati

2370 4916 2686 4976 ereatura
2708 4907 3019 5000 subjecta
3046 4921 3166 4991 est,
3198 4934 3334 4981 non
3366 4913 3618 4985 volens.

2456 5013 2603 5083 Hos
2630 5025 2855 5085 averte
2883 5040 2923 5085 a
2951 5019 3274 5108 vanitate,
3315 5030 3381 5091 et
3412 5021 3520 5093 his
3559 5032 3906 5098 conversis

2368 5120 2438 5189 in
2468 5130 2560 5203 te,
2595 5148 2630 5189 ι
2663 5124 2954 5215 vivifica,
2999 5149 3035 5192 ι
3068 5125 3136 5195 id
3174 5136 3297 5207 est,
3348 5129 3727 5202 vivificabis
3766 5158 3903 5218 mc,

2374 5257 2408 5293 α
2450 5230 2522 5297 in
2561 5232 2672 5298 via
2709 5240 2854 5316 tua,
2890 5260 2923 5294 »
2959 5233 3028 5300 in
3056 5233 3324 5303 Christo
3354 5236 3631 5321 scilicet,
3667 5243 3782 5333 qui
3804 5254 3907 5313 est

2366 5338 2480 5406 via
2536 5360 2668 5431 qua
2705 5339 2839 5408 itur
2881 5340 2964 5408 ad
3013 5349 3100 5410 te.
3168 5343 3371 5412 Joan.
3416 5369 3557 5433 xiv,
3600 5350 3693 5420 6:
3755 5354 3908 5445 Iz'qo

2363 5468 2519 5513 sum
2557 5446 2692 5526 cia,
2733 5455 2797 5514 et
2824 5448 3094 5530 ceritas,
3134 5457 3200 5517 et
3234 5451 3401 5520 vita.
3436 5452 3591 5536 vel,
3627 5482 3661 5523 α
3696 5459 3767 5528 in
3796 5462 3909 5530 via
