5008 6329
276 1522 510 1636 'u

635 294 712 357 10
1657 291 1736 360 D.
1789 291 1991 358 ALB.
2044 288 2259 355 MAG.
2315 288 2522 356 ORD.
2579 290 2874 360 PRAED.

631 457 939 525 ricordiae
1011 459 1492 526 recordaberis.
1576 459 1710 525 Per
1786 456 2185 526 memoriale

631 564 842 631 nostri
901 566 1312 647 recordatur,
1394 567 1554 655 quia
1620 566 1689 631 in
1749 565 2066 632 manibus
2123 574 2188 632 et

630 673 915 762 pedibus
946 683 1168 765 portat
1198 684 1266 742 et
1304 674 1539 741 latere.
1600 672 1729 742 lsa.
1775 697 1959 751 xcix,
2012 677 2088 743 15
2124 683 2187 742 et

638 784 716 847 16
753 805 767 851 :
811 784 1173 874 Numquid
1202 781 1514 849 oblivisci
1535 792 1760 872 potest
1789 785 2045 852 mulier
2073 787 2182 851 in-

629 894 892 982 fantem
937 916 1166 971 suum,
1229 899 1304 959 ut
1369 914 1505 958 non
1553 895 1960 961 misereatur
2031 894 2184 981 silio

634 1000 809 1065 uteri
834 1000 944 1066 sui
977 996 1017 1064 ?
1065 997 1249 1064 Etsi
1304 997 1438 1064 illa
1494 996 1714 1067 oblita
1760 1002 2003 1089 fuerit,
2063 1022 2185 1088 eqo

631 1117 855 1174 tamen
893 1129 1028 1173 non
1058 1105 1424 1173 obliviscar
1476 1110 1581 1175 tui
1612 1132 1634 1176 .·
1675 1132 1815 1177 ecce
1862 1111 1935 1176 in
1967 1109 2188 1175 mani-

635 1214 757 1282 bus
786 1216 950 1282 meis
981 1215 1304 1305 descripsi
1342 1225 1426 1282 te.

728 1558 762 1597 ι
798 1533 895 1600 Tu
937 1554 1326 1622 exstirpetis,
1368 1559 1399 1594 »
1447 1531 1575 1599 Hic
1623 1529 2000 1599 secundum
2078 1541 2186 1599 to-

636 1639 768 1704 tius
798 1636 999 1727 hujus
1041 1640 1254 1728 partis
1290 1661 1305 1704 :
1339 1645 1515 1706 tacta
1558 1638 1744 1704 enim
1785 1637 2187 1705 immutabi-

632 1744 817 1813 litate
848 1744 1094 1814 Christi
1152 1747 1526 1814 secundum
1579 1746 1764 1836 quod
1815 1746 1998 1814 Deus
2056 1754 2177 1823 est,

632 1853 741 1922 hic
779 1855 1000 1946 agitur
1028 1854 1109 1923 de
1149 1855 1702 1923 immutabilitate
1735 1855 1890 1924 data
1921 1855 2005 1922 ab
2039 1855 2183 1945 ipso

630 1960 969 2042 Ecclesiae,
1030 1986 1178 2054 quae
1236 1971 1337 2030 est
1388 1962 1664 2052 duplex.
1727 1963 1963 2031 Altera
2011 1984 2186 2053 prae-

630 2070 840 2138 sentis
868 2072 1054 2152 vitae,
1087 2070 1340 2138 scilicet
1371 2070 1729 2138 aediticatio
1772 2071 1842 2138 in
1882 2069 2014 2138 fide
2049 2078 2180 2138 sta·

629 2176 772 2244 bili.
819 2176 1045 2246 Altera
1084 2180 1155 2246 in
1200 2177 1455 2256 futur0,
1502 2200 1652 2268 quae
1693 2186 1795 2246 est
1842 2178 1913 2246 in
1956 2186 2184 2245 muta-

633 2287 813 2356 tione
851 2289 1153 2379 corporis
1193 2296 1258 2356 et
1317 2290 1586 2356 auimoe.
1636 2287 1735 2356 De
1782 2290 2003 2379 prima
2043 2285 2178 2365 hic,

631 2393 714 2463 de
744 2396 1060 2477 secunda,
1094 2396 1214 2477 ibi,
1242 2406 1305 2473 5.
1353 2398 1482 2463 24:
1529 2422 1563 2461 ι
1598 2396 1979 2489 Respondit
2017 2397 2102 2478 ci,
2145 2422 2176 2461 »

628 2503 999 2571 secundum
1087 2527 1292 2572 unam
1366 2503 1724 2584 lecturam,
1804 2503 2179 2573 secundum

630 2610 830 2680 aliam
880 2611 997 2687 ibi.
1060 2614 1127 2681 in
1194 2612 1423 2681 medio
1474 2621 1535 2689 ἵ.
1587 2614 1674 2680 24
1710 2637 1725 2682 :
1764 2641 1797 2677 α
1847 2614 2182 2682 Pam-ita-

627 2730 784 2786 tem.
824 2745 857 2785 ι

716 2825 791 2894 ln
824 2828 1037 2917 prima
1070 2825 1502 2905 du0.Prim0,
1538 2827 1853 2896 Ecclesiae
1893 2829 2180 2896 aedilica·

629 2935 725 3003 tio
757 2937 825 3003 in
871 2934 1000 3004 fide
1038 2958 1201 3004 vera
1250 2958 1368 3027 per
1398 2935 1771 3003 Christum.
1831 2935 2176 3011 Secundo,

627 3043 838 3135 ipsius
893 3043 1317 3112 oediticatoris
1366 3044 1873 3113 commendatio
1930 3066 1968 3112 a
2009 3042 2182 3111 fide-

627 3148 831 3234 libus,
866 3150 983 3231 ibi,
1039 3157 1103 3227 ὴ.
1150 3152 1231 3220 19
1292 3174 1308 3218 ε
1375 3181 1409 3215 ιι
1468 3150 1888 3221 Scribantur
1921 3151 2086 3219 liaec.
2141 3176 2174 3216 ι

718 3257 796 3326 ln
833 3258 1052 3349 prima
1091 3259 1252 3327 duo.
1310 3258 1570 3339 Primo,
1601 3261 1909 3353 tangitur
1950 3259 2180 3327 divina

628 3366 997 3449 miseratio,
1031 3373 1384 3457 tamquam
1422 3365 1578 3435 fons
1607 3376 1672 3436 et
1723 3370 1921 3457 origo
1961 3367 2181 3435 oedifi-

627 3472 935 3541 cationis.
1000 3472 1344 3551 Secundo.
1404 3473 1764 3544 aediticatio
1826 3476 1996 3566 ipsa,
2060 3471 2177 3552 ibi,

624 3588 690 3657 ᾗ.
733 3583 808 3649 ts
843 3599 861 3650 ε
896 3608 929 3646 ι
969 3583 1313 3668 Quoniam
1337 3582 1781 3675 placuerunt.
1812 3609 1847 3647 s

715 3687 793 3757 ln
819 3690 1037 3781 prima
1083 3690 1244 3758 duo.
1291 3689 1554 3774 Primo,
1588 3700 1859 3783 tempus
1896 3692 2183 3759 misera-

626 3797 855 3867 tionis.
899 3795 1240 3874 Secundo,
1274 3799 1754 3890 opportunitas
1782 3796 2178 3875 miserandi,

627 3904 747 3988 ibi,
788 3933 821 3969 ι
855 3905 1035 3990 Quia
1067 3907 1281 3974 novit.
1325 3934 1358 3967 ιι

717 4010 890 4081 Dicit
920 4035 1083 4106 ergo
1128 4038 1143 4083 ε
1182 4013 1365 4082 Bene
1396 4013 1562 4094 dixi,
1590 4012 1774 4105 quod
1810 4014 1945 4083 mei
1974 4012 2184 4082 habes

630 4124 1029 4194 memoriam
1068 4135 1182 4194 :et
1227 4151 1261 4190 ι
1304 4136 1381 4192 tu
1439 4148 1838 4217 exsut-qens,
1904 4152 1939 4190 υ
1989 4124 2182 4217 quasi

624 4235 711 4304 de
741 4235 1038 4329 quodam
1068 4259 1314 4305 somno
1354 4245 1419 4304 et
1461 4245 1763 4328 torpore,
1799 4238 1867 4305 in
1910 4258 2048 4328 quo
2078 4236 2186 4303 vi-

628 4344 807 4413 deris
849 4366 1022 4421 esse.
1058 4371 1093 4412 ι
1143 4343 1568 4413 misereberis
1620 4346 1821 4429 Sion,
1868 4371 1902 4412 ι
1957 4344 2025 4413 id
2053 4355 2181 4427 est,

628 4455 914 4523 miseriae
971 4450 1145 4522 Sion
1200 4451 1739 4523 misericordiam
1804 4451 2181 4522 exhibebis.

631 4562 707 4632 ln
753 4562 935 4632 Psal.
993 4585 1091 4644 xi,
1146 4564 1214 4644 6,
1283 4585 1490 4654 supra
1552 4584 1570 4630 ε
1638 4563 1936 4655 Propter
1981 4561 2186 4630 mise·

627 4672 806 4742 riam
865 4674 1175 4764 inopum,
1222 4678 1351 4740 etc.
1397 4669 1604 4740 Eccli.
1670 4691 1908 4748 xxxvi,
1975 4670 2055 4738 15
2120 4678 2187 4738 et

637 4783 716 4849 16
750 4801 768 4850 ι
798 4780 1118 4850 Miserere
1134 4779 1403 4849 civitati
1425 4778 1997 4868 sanctificationis
2026 4787 2181 4853 tuoe,

626 4886 1123 4959 Jerusalem...
1154 4887 1370 4982 Reple
1395 4888 1567 4958 Sion
1601 4885 2189 4955 inenarrabilibus

631 4993 851 5064 verbis
913 4995 1081 5063 tuis.

723 5129 758 5170 ι
845 5103 1027 5190 Quia
1091 5111 1360 5194 tempus
1443 5099 1814 5170 miserendi
1874 5097 2059 5190 ejus,
2149 5124 2182 5164 ι

630 5211 893 5305 supple,
922 5210 1109 5282 venit
1143 5234 1160 5282 ε
1197 5219 1264 5280 et
1290 5210 1587 5280 inculcat
1649 5232 1733 5279 ex
1795 5207 2008 5278 animi
2063 5205 2190 5275 fer·

628 5342 819 5398 vore.
898 5328 961 5389 et
1037 5327 1315 5412 propter
1397 5317 1907 5400 certitudinem,
1952 5341 1986 5380 ι
2020 5315 2187 5407 quia

631 5432 809 5500 venit
869 5441 1158 5523 tempus.
1220 5454 1255 5492 s
1346 5424 1557 5495 Venit
1621 5435 1855 5496 autem
1921 5433 2190 5514 tempus

632 5538 981 5633 placitum,
1065 5535 1201 5606 lsa.
1288 5556 1470 5612 xux,
1532 5533 1574 5601 8
1656 5556 1674 5602 t
1741 5534 1823 5602 In
1890 5515 2192 5624 tempore

625 5647 889 5741 placito
944 5644 1276 5715 exaudivi
1310 5652 1398 5712 te.
1457 5638 1759 5733 Tempus
1805 5649 2186 5734 acceptum,

2292 457 2353 524 ΙΙ
2395 458 2478 527 ad
2518 460 2826 528 Corinth.
2882 486 2970 537 v1‚
3008 466 3046 529 2
3092 488 3107 531 :
3149 466 3319 531 Ecce
3356 487 3534 530 neme
3571 474 3833 552 tempus

2291 566 2729 658 acceptabile,
2765 592 2906 636 ecce
2932 592 3110 636 nunc
3149 570 3290 636 dies
3321 570 3594 636 salutiS.
3628 570 3831 636 Tem-

2289 698 2416 765 pus
2484 685 2972 766 opportunum,
3013 677 3095 744 de
3153 700 3287 767 quo
3345 677 3549 744 Eccli.
3620 699 3825 754 xxxv,

2290 784 2373 849 26
2439 805 2453 850 z
2506 784 2826 873 Speciosa
2866 785 3333 852 misericordia
3362 786 3514 862 Dei,
3553 786 3621 851 in
3661 795 3831 851 tem-

2282 912 2450 980 pore
2516 890 3010 975 tribulationis,
3070 892 3272 983 quasi
3308 889 3513 959 nubes
3572 890 3830 982 pluciae

2292 999 2364 1064 in
2425 1008 2725 1090 tempore
2766 1003 3113 1070 siccitatis,
3174 1003 3464 1093 Tempus
3521 1002 3826 1092 plenum,

2290 1109 2377 1175 ad
2418 1108 2638 1179 Galat.
2702 1134 2796 1188 lv,
2859 1113 2899 1177 4
2969 1134 2985 1179 ε
3063 1112 3194 1181 Ubi
3247 1116 3427 1180 venit
3467 1111 3828 1204 plenitudo

2291 1216 2640 1305 temporis,
2684 1218 2872 1284 misit
2896 1220 3084 1286 Deus
3122 1217 3386 1286 Filium
3422 1242 3652 1287 suum.
3687 1218 3832 1285 Hoc

2288 1327 2586 1412 tempuS‚
2630 1323 2713 1391 de
2743 1346 2879 1414 quo
2921 1324 3052 1393 lsa.
3108 1348 3247 1403 xus,
3293 1325 3330 1392 7
3385 1347 3399 1391 ε
3452 1327 3678 1415 Prope
3732 1333 3830 1390 est

2291 1439 2367 1497 ut
2397 1431 2626 1497 veniat
2663 1439 2929 1522 tempus
2992 1431 3173 1521 ejus,
3216 1442 3279 1499 et
3306 1433 3448 1500 dies
3485 1431 3642 1521 ejus
3699 1454 3830 1498 non

2290 1537 2824 1628 elonqabuntur.

2384 1883 2411 1915 «ι
2464 1856 2808 1939 Quoniam
2849 1859 3285 1949 placuerunt.
3339 1885 3368 1921 n
3437 1857 3563 1925 Hic
3593 1865 3692 1925 est
3730 1880 3831 1924 se-

2287 1959 2613 2028 cundum.
2645 1960 2849 2030 Tacta
2873 1966 3054 2033 enim
3085 1963 3314 2032 divina
3343 1962 3827 2047 misericordia,

2287 2090 2409 2158 per
2446 2091 2654 2157 quam
2711 2068 2886 2139 sacta
2928 2080 3030 2140 est
3095 2070 3409 2141 Ecclesiae
3447 2070 3826 2154 aedificatio,

2290 2174 2398 2243 hic
2427 2176 2865 2269 subjungitur
2909 2179 2991 2247 de
3031 2180 3472 2249 aedificatione
3521 2182 3663 2270 ipsa
3707 2204 3721 2247 ε
3767 2187 3832 2247 et

2289 2283 2608 2351 dicuntur
2629 2294 2947 2374 quatuor.
2984 2285 3244 2368 Primo,
3278 2310 3398 2378 per
3425 2310 3629 2379 quem
3681 2288 3833 2355 t'ue-

2291 2392 2373 2457 rit
2428 2390 2785 2471 aedilicata‚
2828 2402 3181 2486 tamquam
3220 2394 3625 2485 quibusdam
3683 2417 3832 2462 me-

2287 2498 2437 2566 diis.
2478 2498 2820 2579 Secundo,
2850 2499 2935 2569 de
2965 2501 3213 2592 quibus
3252 2500 3448 2570 fuerit
3478 2501 3829 2581 aedificata,

2287 2605 2417 2674 hoc
2448 2615 2575 2686 est,
2609 2608 2724 2697 qui
2746 2606 3018 2676 suerunt
3046 2617 3396 2699 tamquam
3428 2609 3674 2684 media,
3713 2609 3827 2687 ibi,

2286 2723 2351 2790 5.
2440 2717 2518 2782 16
2569 2738 2584 2783 :
2650 2740 2684 2779 ι
2744 2717 2840 2783 Et
2895 2716 3255 2785 timebunt.
3293 2743 3326 2781 ι
3373 2716 3627 2797 Tertio,
3699 2739 3833 2807 quo

2287 2831 2513 2891 actore
2571 2823 2771 2892 fuerit
2835 2823 3190 2908 aediticata,
3251 2834 3313 2902 5.
3392 2826 3466 2892 17
3552 2847 3566 2891 ε
3655 2826 3833 2910 Quia

2283 2930 2680 3020 edificavit.
2755 2959 2789 2994 n
2858 2931 3144 3012 Quarto,
3197 2956 3403 3024 quare
3479 2932 3638 3013 hoc,
3698 2955 3834 3025 quo

2290 3041 2578 3120 motiv0,
2621 3040 2741 3118 ibi,
2767 3049 2831 3118 ῒ.
2874 3043 2953 3110 ¹8
2988 3065 3005 3110 τ
3041 3067 3076 3108 ι
3119 3043 3463 3135 Respexit.
3504 3068 3539 3106 s

2377 3148 2452 3217 ln
2471 3150 2691 3241 prima
2712 3149 3255 3230 du0,secundum
3277 3149 3412 3220 duo
3435 3175 3554 3243 per
3567 3173 3718 3241 qua·
3737 3158 3836 3218 est

2285 3257 2610 3326 miliiicata
2653 3257 3314 3338 Ecclesia.l'rimum,
3349 3259 3836 3350 Apostolorum

2286 3366 2567 3434 scientia
2608 3388 2815 3456 quam
2893 3363 3274 3434 habuerunt
3328 3365 3410 3435 de
3456 3365 3830 3458 prophetis,

2289 3471 2711 3553 Secundum,
2773 3474 3236 3544 misericordia
3287 3497 3420 3566 qua
3484 3476 3834 3568 pereunti-

2289 3579 2416 3648 bus
2446 3582 2705 3650 miserti
2744 3588 2928 3660 sunt,
2967 3580 3087 3666 ibi,
3133 3607 3166 3647 ι
3208 3583 3306 3650 Et
3340 3594 3534 3650 terrae
3570 3581 3749 3671 ejus.
3798 3607 3830 3646 »

2379 3687 2558 3757 Dicit
2592 3710 2756 3780 ergo
2812 3711 2828 3756 ε
2881 3688 3066 3759 Bene
3103 3688 3271 3768 dixi,
3312 3688 3495 3780 quod
3535 3689 3837 3758 aeditica-

2288 3796 2392 3864 bis
2459 3796 2657 3878 Sion,
2707 3796 2840 3867 hoc
2896 3807 3023 3880 est,
3083 3797 3447 3867 Ecclesiam
3508 3824 3525 3868 ε
3578 3807 3646 3867 et
3675 3795 3829 3880 hoc,

2290 3933 2321 3964 «ι
2359 3904 2689 3995 quoniam
2736 3905 2948 3972 servis
2995 3905 3159 3983 tuis,
3204 3931 3237 3965 υ
3271 3903 3337 3971 id
3366 3914 3492 3982 est.
3542 3904 3836 3996 Aposto-

2289 4011 2397 4089 lis,
2460 4038 2493 4074 ι
2559 4010 2977 4103 placuerunt
3031 4012 3299 4105 Iapides
3342 4014 3522 4104 ejus,
3577 4038 3611 4079 ι
3667 4011 3835 4080 Sion

2289 4116 2569 4189 scilicet.
2632 4117 2828 4198 Sion,
2891 4117 3185 4189 Ecclesia
3256 4143 3274 4188 ε
3335 4119 3589 4212 lapides
3634 4142 3839 4211 super

2292 4250 2467 4319 quos
2494 4236 2598 4296 est
2636 4227 2943 4309 fundata,
2992 4227 3349 4322 Propheta!
3388 4252 3404 4297 ε
3438 4229 3699 4321 lapides
3737 4230 3840 4296 vi·

2292 4336 2390 4421 vi,
2421 4336 2564 4405 imo
2618 4336 3058 4406 vivacissimi.
3118 4335 3147 4404 1
3201 4336 3382 4406 Petr.
3443 4360 3517 4418 u,
3577 4339 3670 4408 5:
3721 4338 3842 4405 Vos

2296 4443 2431 4535 ipsi
2510 4453 2872 4535 tamquam
2940 4443 3208 4537 Iapides
3271 4446 3411 4514 vivi
3459 4444 3841 4537 superedi-

2290 4551 2631 4642 ficamini,
2690 4549 2937 4620 domus
2976 4551 3390 4644 spiritualis.
3440 4551 3529 4620 ni
3579 4550 3840 4644 lapides

2293 4659 2698 4752 placuerunt
2724 4658 2939 4728 servis
2970 4657 3243 4739 Christi,
3275 4658 3648 4751 Apostolis,
3682 4661 3842 4753 quia

2299 4769 2366 4836 in
2405 4790 2645 4839 eorum
2685 4767 3034 4860 scripturis
3070 4775 3138 4836 et
3176 4769 3246 4836 in
3295 4768 3671 4838 imitatione
3714 4791 3841 4836 eo-

2297 4899 2450 4945 rum
2507 4876 2820 4948 delectati
2886 4882 3066 4946 sunt.
3129 4873 3261 4944 lsa.
3322 4898 3455 4957 ur,
3530 4877 3573 4944 6
3634 4898 3651 4943 :
3721 4876 3844 4943 i’os

2295 4983 2676 5053 sacerdotes
2716 4984 3001 5054 Domini
3041 4982 3455 5053 vocabimini
3486 5005 3502 5050 :
3535 4982 3847 5051 Ministri

2298 5092 2431 5161 Dei
2492 5092 2739 5173 nostri,
2807 5091 3070 5161 dicetur
3131 5090 3342 5160 vobis.
3415 5089 3498 5158 Et
3527 5088 3598 5158 hi
3656 5089 3833 5158 servi

2299 5197 2832 5269 aedificaverunt.
2896 5197 2954 5265 11
2987 5197 3245 5280 Esdroe,
3313 5219 3503 5276 xvm,
3562 5197 3676 5279 20,
3735 5195 3846 5265 di-

2299 5309 2945 5399 cunttSurqamus,
3016 5315 3080 5375 ct
3141 5305 3574 5393 «edificemus.
3656 5301 3687 5371 1
3756 5304 3841 5373 ad

2302 5418 2613 5489 Corinth.
2645 5441 2746 5506 ιιι,
2779 5425 2820 5487 9
2898 5445 2915 5487 :
2992 5416 3126 5487 Dei
3186 5416 3623 5508 ayricultura
3653 5418 3836 5494 estis,

2304 5530 2438 5600 Dei
2458 5527 2832 5620 edificatio
2851 5525 3032 5596 estis·

3956 1773 4086 1841 15
