<?xml version="1.0" encoding="UTF-8"?>
<!DOCTYPE html PUBLIC "-//W3C//DTD XHTML 1.0 Transitional//EN"
    "http://www.w3.org/TR/xhtml1/DTD/xhtml1-transitional.dtd">
<html xmlns="http://www.w3.org/1999/xhtml" xml:lang="en" lang="en">
 <head>
  <title>
</title>
<meta http-equiv="Content-Type" content="text/html;charset=utf-8" />
  <meta name='ocr-system' content='tesseract 3.04.00' />
  <meta name='ocr-capabilities' content='ocr_page ocr_carea ocr_par ocr_line ocrx_word'/>
</head>
<body>
  <div class='ocr_page' id='page_1' title='image "balbertimagnira02chgoog_0557.png"; bbox 0 0 5008 6329; ppageno 0'>
   <div class='ocr_carea' id='block_1_1' title="bbox 1959 348 3473 423">
    <p class='ocr_par' dir='ltr' id='par_1_1' title="bbox 1959 348 3473 423">
     <span class='ocr_line' id='line_1_1' title="bbox 1959 348 3473 423; baseline 0.001 -4"><span class='ocrx_word' id='word_1_1' title='bbox 1959 348 2668 419; x_wconf 83' lang='lat' dir='ltr'><strong>COMMENTARIUS</strong></span> <span class='ocrx_word' id='word_1_2' title='bbox 2715 349 2813 416; x_wconf 89' lang='lat' dir='ltr'><strong>IN</strong></span> <span class='ocrx_word' id='word_1_3' title='bbox 2862 349 3298 422; x_wconf 81' lang='lat' dir='ltr'><strong>PSALMUM</strong></span> <span class='ocrx_word' id='word_1_4' title='bbox 3347 355 3473 423; x_wconf 90' lang='lat' dir='ltr'><strong>CL.</strong></span> 
     </span>
    </p>
   </div>
   <div class='ocr_carea' id='block_1_2' title="bbox 1099 520 2659 725">
    <p class='ocr_par' dir='ltr' id='par_1_2' title="bbox 1099 520 2659 725">
     <span class='ocr_line' id='line_1_2' title="bbox 1100 520 2658 612; baseline -0.005 -22"><span class='ocrx_word' id='word_1_5' title='bbox 1100 524 1332 608; x_wconf 86' lang='lat' dir='ltr'><strong>choro,</strong></span> <span class='ocrx_word' id='word_1_6' title='bbox 1372 525 1439 592; x_wconf 86' lang='lat' dir='ltr'><strong>id</strong></span> <span class='ocrx_word' id='word_1_7' title='bbox 1478 534 1602 603; x_wconf 86' lang='lat' dir='ltr'><strong>est,</strong></span> <span class='ocrx_word' id='word_1_8' title='bbox 1649 525 1859 592; x_wconf 87' lang='lat' dir='ltr'><strong>sacris</strong></span> <span class='ocrx_word' id='word_1_9' title='bbox 1897 520 2304 612; x_wconf 83' lang='lat' dir='ltr'><strong>virginibus,</strong></span> <span class='ocrx_word' id='word_1_10' title='bbox 2368 539 2658 608; x_wconf 83' lang='lat' dir='ltr'><strong>quarum</strong></span> 
     </span>
     <span class='ocr_line' id='line_1_3' title="bbox 1099 627 2659 725; baseline -0.006 -27"><span class='ocrx_word' id='word_1_11' title='bbox 1099 640 1201 699; x_wconf 87' lang='lat' dir='ltr'><strong>est</strong></span> <span class='ocrx_word' id='word_1_12' title='bbox 1231 635 1501 725; x_wconf 82' lang='lat' dir='ltr'>proprie</span> <span class='ocrx_word' id='word_1_13' title='bbox 1534 634 1757 701; x_wconf 87' lang='lat' dir='ltr'><strong>dicere</strong></span> <span class='ocrx_word' id='word_1_14' title='bbox 1793 631 2065 706; x_wconf 82' lang='lat' dir='ltr'><strong>chorOS‚</strong></span> <span class='ocrx_word' id='word_1_15' title='bbox 2112 638 2177 695; x_wconf 90' lang='lat' dir='ltr'><strong>et</strong></span> <span class='ocrx_word' id='word_1_16' title='bbox 2209 630 2276 692; x_wconf 88' lang='lat' dir='ltr'><strong>in</strong></span> <span class='ocrx_word' id='word_1_17' title='bbox 2319 627 2478 715; x_wconf 91' lang='lat' dir='ltr'><strong>ipsis</strong></span> <span class='ocrx_word' id='word_1_18' title='bbox 2533 647 2659 691; x_wconf 86' lang='lat' dir='ltr'><strong>ex-</strong></span> 
     </span>
    </p>
   </div>
   <div class='ocr_carea' id='block_1_3' title="bbox 4195 364 4325 432">
    <p class='ocr_par' dir='ltr' id='par_1_3' title="bbox 4195 364 4325 432">
     <span class='ocr_line' id='line_1_4' title="bbox 4195 364 4325 432; baseline 0 -1"><span class='ocrx_word' id='word_1_19' title='bbox 4195 364 4325 432; x_wconf 72' lang='lat'><strong>547</strong></span> 
     </span>
    </p>
   </div>
   <div class='ocr_carea' id='block_1_4' title="bbox 2777 521 4327 734">
    <p class='ocr_par' dir='ltr' id='par_1_4' title="bbox 2777 521 4327 734">
     <span class='ocr_line' id='line_1_5' title="bbox 2881 521 4327 626; baseline 0.017 -46"><span class='ocrx_word' id='word_1_20' title='bbox 2881 545 2908 580; x_wconf 87' lang='lat'>«</span> <span class='ocrx_word' id='word_1_21' title='bbox 2936 521 3251 590; x_wconf 83' lang='lat' dir='ltr'><strong>Laudate</strong></span> <span class='ocrx_word' id='word_1_22' title='bbox 3295 531 3549 594; x_wconf 80' lang='lat' dir='ltr'><strong>eumin</strong></span> <span class='ocrx_word' id='word_1_23' title='bbox 3601 532 3959 619; x_wconf 77' lang='lat' dir='ltr'><em>cymbalis.</em></span> <span class='ocrx_word' id='word_1_24' title='bbox 4017 562 4050 597; x_wconf 86' lang='lat'>»</span> <span class='ocrx_word' id='word_1_25' title='bbox 4113 534 4327 626; x_wconf 80' lang='lat' dir='ltr'><strong>Cym-</strong></span> 
     </span>
     <span class='ocr_line' id='line_1_6' title="bbox 2777 625 4323 734; baseline 0.014 -43"><span class='ocrx_word' id='word_1_26' title='bbox 2777 625 3006 694; x_wconf 88' lang='lat' dir='ltr'><strong>balum</strong></span> <span class='ocrx_word' id='word_1_27' title='bbox 3065 632 3443 721; x_wconf 89' lang='lat' dir='ltr'><strong>appellatur</strong></span> <span class='ocrx_word' id='word_1_28' title='bbox 3507 638 3907 727; x_wconf 84' lang='lat' dir='ltr'><strong>praedicator</strong></span> <span class='ocrx_word' id='word_1_29' title='bbox 3972 644 4323 734; x_wconf 88' lang='lat' dir='ltr'><strong>appellans</strong></span> 
     </span>
    </p>
   </div>
   <div class='ocr_carea' id='block_1_5' title="bbox 1095 733 4324 821">
    <p class='ocr_par' dir='ltr' id='par_1_5' title="bbox 1095 733 4324 821">
     <span class='ocr_line' id='line_1_7' title="bbox 1095 733 4324 821; baseline 0.004 -16"><span class='ocrx_word' id='word_1_30' title='bbox 1095 740 1370 809; x_wconf 87' lang='lat' dir='ltr'><strong>sultare.</strong></span> <span class='ocrx_word' id='word_1_31' title='bbox 1420 741 1639 820; x_wconf 88' lang='lat' dir='ltr'><strong>Unde,</strong></span> <span class='ocrx_word' id='word_1_32' title='bbox 1668 740 1927 806; x_wconf 89' lang='lat' dir='ltr'><strong>Jerem.</strong></span> <span class='ocrx_word' id='word_1_33' title='bbox 1961 757 2149 815; x_wconf 82' lang='lat' dir='ltr'><strong>xxx1,</strong></span> <span class='ocrx_word' id='word_1_34' title='bbox 2187 734 2250 811; x_wconf 67' lang='lat' dir='ltr'><strong>-t,</strong></span> <span class='ocrx_word' id='word_1_35' title='bbox 2326 733 2554 798; x_wconf 86' lang='lat' dir='ltr'><strong>statim</strong></span> <span class='ocrx_word' id='word_1_36' title='bbox 2588 738 2662 797; x_wconf 84' lang='lat' dir='ltr'><strong>ut</strong></span> <span class='ocrx_word' id='word_1_37' title='bbox 2775 733 3087 805; x_wconf 88' lang='lat' dir='ltr'><strong>homines</strong></span> <span class='ocrx_word' id='word_1_38' title='bbox 3151 740 3236 807; x_wconf 90' lang='lat' dir='ltr'><strong>ad</strong></span> <span class='ocrx_word' id='word_1_39' title='bbox 3296 752 3622 812; x_wconf 81' lang='lat' dir='ltr'><strong>aeternum</strong></span> <span class='ocrx_word' id='word_1_40' title='bbox 3691 751 4110 818; x_wconf 85' lang='lat' dir='ltr'><strong>convivium.</strong></span> <span class='ocrx_word' id='word_1_41' title='bbox 4187 752 4324 821; x_wconf 86' lang='lat' dir='ltr'><strong>Sed</strong></span> 
     </span>
    </p>
   </div>
   <div class='ocr_carea' id='block_1_6' title="bbox 1096 839 2658 1045">
    <p class='ocr_par' dir='ltr' id='par_1_6' title="bbox 1096 839 2658 1045">
     <span class='ocr_line' id='line_1_8' title="bbox 1096 839 2654 930; baseline -0.006 -17"><span class='ocrx_word' id='word_1_42' title='bbox 1096 848 1312 917; x_wconf 80' lang='lat' dir='ltr'><strong>dixit:</strong></span> <span class='ocrx_word' id='word_1_43' title='bbox 1358 849 1605 916; x_wconf 79' lang='lat' dir='ltr'><strong>Adleuc</strong></span> <span class='ocrx_word' id='word_1_44' title='bbox 1662 843 2017 912; x_wconf 85' lang='lat' dir='ltr'><strong>ornaberis</strong></span> <span class='ocrx_word' id='word_1_45' title='bbox 2075 841 2424 930; x_wconf 74' lang='lat' dir='ltr'><strong>tympanis</strong></span> <span class='ocrx_word' id='word_1_46' title='bbox 2492 839 2654 914; x_wconf 76' lang='lat' dir='ltr'><strong>tuis,</strong></span> 
     </span>
     <span class='ocr_line' id='line_1_9' title="bbox 1097 947 2658 1045; baseline -0.008 -20"><span class='ocrx_word' id='word_1_47' title='bbox 1097 958 1341 1045; x_wconf 88' lang='lat' dir='ltr'><strong>adjecit</strong></span> <span class='ocrx_word' id='word_1_48' title='bbox 1386 980 1401 1022; x_wconf 80' lang='lat' dir='ltr'>z</span> <span class='ocrx_word' id='word_1_49' title='bbox 1455 959 1551 1023; x_wconf 86' lang='lat' dir='ltr'><strong>Et</strong></span> <span class='ocrx_word' id='word_1_50' title='bbox 1598 951 1969 1043; x_wconf 48' lang='lat' dir='ltr'><strong>&amp;redieris</strong></span> <span class='ocrx_word' id='word_1_51' title='bbox 2021 951 2091 1017; x_wconf 85' lang='lat' dir='ltr'><strong>in</strong></span> <span class='ocrx_word' id='word_1_52' title='bbox 2151 949 2351 1016; x_wconf 79' lang='lat' dir='ltr'><strong>choro</strong></span> <span class='ocrx_word' id='word_1_53' title='bbox 2405 947 2658 1015; x_wconf 83' lang='lat' dir='ltr'><strong>luden-</strong></span> 
     </span>
    </p>
   </div>
   <div class='ocr_carea' id='block_1_7' title="bbox 2772 840 4320 1051">
    <p class='ocr_par' dir='ltr' id='par_1_7' title="bbox 2772 840 4320 1051">
     <span class='ocr_line' id='line_1_10' title="bbox 2774 840 4320 947; baseline 0.013 -41"><span class='ocrx_word' id='word_1_54' title='bbox 2774 840 2913 909; x_wconf 94' lang='lat' dir='ltr'><strong>duo</strong></span> <span class='ocrx_word' id='word_1_55' title='bbox 2945 852 3102 911; x_wconf 91' lang='lat' dir='ltr'><strong>sunt</strong></span> <span class='ocrx_word' id='word_1_56' title='bbox 3141 848 3659 936; x_wconf 62' lang='lat' dir='ltr'><strong>praedicatorum</strong></span> <span class='ocrx_word' id='word_1_57' title='bbox 3694 877 3945 943; x_wconf 82' lang='lat' dir='ltr'><strong>genera</strong></span> <span class='ocrx_word' id='word_1_58' title='bbox 3991 879 4006 923; x_wconf 90' lang='lat'>:</span> <span class='ocrx_word' id='word_1_59' title='bbox 4041 858 4320 947; x_wconf 87' lang='lat' dir='ltr'><strong>quidam</strong></span> 
     </span>
     <span class='ocr_line' id='line_1_11' title="bbox 2772 952 4311 1051; baseline 0.012 -34"><span class='ocrx_word' id='word_1_60' title='bbox 2772 952 3140 1040; x_wconf 82' lang='lat' dir='ltr'><strong>praedicant</strong></span> <span class='ocrx_word' id='word_1_61' title='bbox 3186 959 3357 1042; x_wconf 50' lang='lat' dir='ltr'><strong>ores,</strong></span> <span class='ocrx_word' id='word_1_62' title='bbox 3389 966 3455 1025; x_wconf 90' lang='lat' dir='ltr'><strong>et</strong></span> <span class='ocrx_word' id='word_1_63' title='bbox 3516 983 3718 1051; x_wconf 85' lang='lat' dir='ltr'><strong>opere</strong></span> <span class='ocrx_word' id='word_1_64' title='bbox 3793 963 4172 1045; x_wconf 88' lang='lat' dir='ltr'><strong>invitando,</strong></span> <span class='ocrx_word' id='word_1_65' title='bbox 4244 977 4311 1036; x_wconf 88' lang='lat' dir='ltr'><strong>et</strong></span> 
     </span>
    </p>
   </div>
   <div class='ocr_carea' id='block_1_8' title="bbox 1096 1054 4316 1166">
    <p class='ocr_par' dir='ltr' id='par_1_8' title="bbox 1096 1054 4316 1166">
     <span class='ocr_line' id='line_1_12' title="bbox 1096 1054 4316 1166; baseline 0.003 -35"><span class='ocrx_word' id='word_1_66' title='bbox 1096 1067 1295 1132; x_wconf 87' lang='lat' dir='ltr'><strong>tium.</strong></span> <span class='ocrx_word' id='word_1_67' title='bbox 1334 1064 1395 1131; x_wconf 91' lang='lat'><strong>11</strong></span> <span class='ocrx_word' id='word_1_68' title='bbox 1438 1063 1606 1151; x_wconf 82' lang='lat' dir='ltr'><strong>Reg.</strong></span> <span class='ocrx_word' id='word_1_69' title='bbox 1637 1083 1736 1137; x_wconf 74' lang='lat' dir='ltr'><strong>vn,</strong></span> <span class='ocrx_word' id='word_1_70' title='bbox 1780 1060 1901 1125; x_wconf 83' lang='lat'><strong>12:</strong></span> <span class='ocrx_word' id='word_1_71' title='bbox 1968 1059 2194 1125; x_wconf 82' lang='lat' dir='ltr'><em>Erant</em></span> <span class='ocrx_word' id='word_1_72' title='bbox 2223 1079 2377 1125; x_wconf 86' lang='lat' dir='ltr'><strong>cum</strong></span> <span class='ocrx_word' id='word_1_73' title='bbox 2424 1054 2663 1124; x_wconf 72' lang='lat' dir='ltr'><strong>David</strong></span> <span class='ocrx_word' id='word_1_74' title='bbox 2770 1068 2928 1125; x_wconf 88' lang='lat' dir='ltr'><strong>sunt</strong></span> <span class='ocrx_word' id='word_1_75' title='bbox 2955 1061 3277 1149; x_wconf 75' lang='lat' dir='ltr'><strong>cymbala</strong></span> <span class='ocrx_word' id='word_1_76' title='bbox 3310 1063 3469 1133; x_wconf 89' lang='lat' dir='ltr'><strong>benc</strong></span> <span class='ocrx_word' id='word_1_77' title='bbox 3503 1070 3844 1136; x_wconf 77' lang='lat' dir='ltr'><em>sonantia.</em></span> <span class='ocrx_word' id='word_1_78' title='bbox 3874 1070 4166 1150; x_wconf 86' lang='lat' dir='ltr'>Quidam</span> <span class='ocrx_word' id='word_1_79' title='bbox 4200 1076 4316 1166; x_wconf 91' lang='lat' dir='ltr'><strong>qui</strong></span> 
     </span>
    </p>
   </div>
   <div class='ocr_carea' id='block_1_9' title="bbox 1092 1163 2657 1798">
    <p class='ocr_par' dir='ltr' id='par_1_9' title="bbox 1092 1163 2657 1798">
     <span class='ocr_line' id='line_1_13' title="bbox 1093 1163 2657 1261; baseline -0.006 -23"><span class='ocrx_word' id='word_1_80' title='bbox 1093 1180 1347 1261; x_wconf 76' lang='lat' dir='ltr'><strong>septem</strong></span> <span class='ocrx_word' id='word_1_81' title='bbox 1378 1169 1594 1244; x_wconf 75' lang='lat' dir='ltr'><strong>chori,</strong></span> <span class='ocrx_word' id='word_1_82' title='bbox 1632 1176 1693 1233; x_wconf 87' lang='lat' dir='ltr'><strong>et</strong></span> <span class='ocrx_word' id='word_1_83' title='bbox 1755 1166 2034 1233; x_wconf 81' lang='lat' dir='ltr'><strong>victima</strong></span> <span class='ocrx_word' id='word_1_84' title='bbox 2081 1165 2312 1243; x_wconf 83' lang='lat' dir='ltr'><strong>vituli,</strong></span> <span class='ocrx_word' id='word_1_85' title='bbox 2384 1163 2657 1253; x_wconf 89' lang='lat' dir='ltr'><strong>quando</strong></span> 
     </span>
     <span class='ocr_line' id='line_1_14' title="bbox 1096 1272 2655 1350; baseline -0.007 -2"><span class='ocrx_word' id='word_1_86' title='bbox 1096 1281 1473 1350; x_wconf 85' lang='lat' dir='ltr'><strong>deducebat</strong></span> <span class='ocrx_word' id='word_1_87' title='bbox 1530 1299 1762 1344; x_wconf 90' lang='lat' dir='ltr'><strong>arcam</strong></span> <span class='ocrx_word' id='word_1_88' title='bbox 1821 1276 2092 1344; x_wconf 83' lang='lat' dir='ltr'><strong>foederis</strong></span> <span class='ocrx_word' id='word_1_89' title='bbox 2174 1273 2478 1341; x_wconf 81' lang='lat' dir='ltr'>Domini.</span> <span class='ocrx_word' id='word_1_90' title='bbox 2567 1272 2655 1338; x_wconf 77' lang='lat'><strong>111</strong></span> 
     </span>
     <span class='ocr_line' id='line_1_15' title="bbox 1097 1381 2653 1480; baseline -0.006 -22"><span class='ocrx_word' id='word_1_91' title='bbox 1097 1397 1355 1480; x_wconf 81' lang='lat' dir='ltr'><strong>septem</strong></span> <span class='ocrx_word' id='word_1_92' title='bbox 1397 1387 1588 1456; x_wconf 90' lang='lat' dir='ltr'><strong>chori</strong></span> <span class='ocrx_word' id='word_1_93' title='bbox 1631 1394 1924 1476; x_wconf 82' lang='lat' dir='ltr'><strong>possunt</strong></span> <span class='ocrx_word' id='word_1_94' title='bbox 1963 1407 2111 1453; x_wconf 90' lang='lat' dir='ltr'><strong>esse</strong></span> <span class='ocrx_word' id='word_1_95' title='bbox 2149 1392 2409 1473; x_wconf 79' lang='lat' dir='ltr'><strong>septem</strong></span> <span class='ocrx_word' id='word_1_96' title='bbox 2467 1381 2653 1449; x_wconf 91' lang='lat' dir='ltr'><strong>modi</strong></span> 
     </span>
     <span class='ocr_line' id='line_1_16' title="bbox 1092 1489 2653 1586; baseline -0.008 -23"><span class='ocrx_word' id='word_1_97' title='bbox 1092 1497 1553 1586; x_wconf 78' lang='lat' dir='ltr'><strong>virginitatem</strong></span> <span class='ocrx_word' id='word_1_98' title='bbox 1586 1491 2064 1568; x_wconf 81' lang='lat' dir='ltr'><strong>conservandi,</strong></span> <span class='ocrx_word' id='word_1_99' title='bbox 2099 1489 2206 1557; x_wconf 82' lang='lat' dir='ltr'><strong>vel</strong></span> <span class='ocrx_word' id='word_1_100' title='bbox 2249 1489 2464 1578; x_wconf 85' lang='lat' dir='ltr'><strong>magis</strong></span> <span class='ocrx_word' id='word_1_101' title='bbox 2495 1510 2653 1576; x_wconf 86' lang='lat' dir='ltr'><strong>sep-</strong></span> 
     </span>
     <span class='ocr_line' id='line_1_17' title="bbox 1092 1600 2649 1693; baseline -0.007 -20"><span class='ocrx_word' id='word_1_102' title='bbox 1092 1614 1227 1672; x_wconf 87' lang='lat' dir='ltr'><strong>tem</strong></span> <span class='ocrx_word' id='word_1_103' title='bbox 1296 1605 1479 1672; x_wconf 92' lang='lat' dir='ltr'><strong>dona</strong></span> <span class='ocrx_word' id='word_1_104' title='bbox 1549 1601 1848 1693; x_wconf 78' lang='lat' dir='ltr'><strong>Spiritus</strong></span> <span class='ocrx_word' id='word_1_105' title='bbox 1939 1600 2183 1674; x_wconf 89' lang='lat' dir='ltr'><strong>sancti,</strong></span> <span class='ocrx_word' id='word_1_106' title='bbox 2250 1619 2406 1665; x_wconf 89' lang='lat' dir='ltr'><strong>vere</strong></span> <span class='ocrx_word' id='word_1_107' title='bbox 2476 1618 2649 1683; x_wconf 63' lang='lat' dir='ltr'><strong>con÷</strong></span> 
     </span>
     <span class='ocr_line' id='line_1_18' title="bbox 1092 1687 2328 1798; baseline -0.008 -18"><span class='ocrx_word' id='word_1_108' title='bbox 1092 1711 1521 1780; x_wconf 83' lang='lat' dir='ltr'><strong>servantibus</strong></span> <span class='ocrx_word' id='word_1_109' title='bbox 1561 1709 2028 1798; x_wconf 80' lang='lat' dir='ltr'><strong>virginitatem</strong></span> <span class='ocrx_word' id='word_1_110' title='bbox 2058 1687 2328 1773; x_wconf 89' lang='lat' dir='ltr'><strong>collata.</strong></span> 
     </span>
    </p>
   </div>
   <div class='ocr_carea' id='block_1_10' title="bbox 1067 1919 2645 2990">
    <p class='ocr_par' dir='ltr' id='par_1_10' title="bbox 1067 1919 2645 2990">
     <span class='ocr_line' id='line_1_19' title="bbox 1179 1919 2640 2004; baseline -0.01 -5"><span class='ocrx_word' id='word_1_111' title='bbox 1179 1961 1210 1998; x_wconf 83' lang='lat'><strong>«</strong></span> <span class='ocrx_word' id='word_1_112' title='bbox 1247 1929 1560 1999; x_wconf 85' lang='lat' dir='ltr'><strong>Laudate</strong></span> <span class='ocrx_word' id='word_1_113' title='bbox 1587 1949 1746 1995; x_wconf 88' lang='lat' dir='ltr'><strong>eum</strong></span> <span class='ocrx_word' id='word_1_114' title='bbox 1807 1927 1876 1992; x_wconf 85' lang='lat' dir='ltr'><strong>in</strong></span> <span class='ocrx_word' id='word_1_115' title='bbox 1933 1923 2229 2004; x_wconf 81' lang='lat' dir='ltr'><strong>clzora&#39;is,</strong></span> <span class='ocrx_word' id='word_1_116' title='bbox 2269 1950 2301 1984; x_wconf 86' lang='lat'>»</span> <span class='ocrx_word' id='word_1_117' title='bbox 2355 1919 2485 1987; x_wconf 89' lang='lat' dir='ltr'><strong>hoc</strong></span> <span class='ocrx_word' id='word_1_118' title='bbox 2516 1927 2640 1996; x_wconf 87' lang='lat' dir='ltr'><strong>est,</strong></span> 
     </span>
     <span class='ocr_line' id='line_1_20' title="bbox 1067 2025 2637 2130; baseline -0.01 -24"><span class='ocrx_word' id='word_1_119' title='bbox 1067 2032 1073 2039; x_wconf 72' lang='grc'><em>’</em></span> <span class='ocrx_word' id='word_1_120' title='bbox 1085 2063 1207 2130; x_wconf 89' lang='lat' dir='ltr'><strong>pro</strong></span> <span class='ocrx_word' id='word_1_121' title='bbox 1238 2037 1458 2129; x_wconf 81' lang='lat' dir='ltr'><strong>gloria</strong></span> <span class='ocrx_word' id='word_1_122' title='bbox 1481 2032 2007 2104; x_wconf 85' lang='lat' dir='ltr'><strong>Confessoribus</strong></span> <span class='ocrx_word' id='word_1_123' title='bbox 2027 2029 2275 2098; x_wconf 90' lang='lat' dir='ltr'><strong>sanctis</strong></span> <span class='ocrx_word' id='word_1_124' title='bbox 2299 2025 2637 2095; x_wconf 81' lang='lat' dir='ltr'><strong>exhibita:</strong></span> 
     </span>
     <span class='ocr_line' id='line_1_21' title="bbox 1089 2135 2645 2238; baseline -0.01 -24"><span class='ocrx_word' id='word_1_125' title='bbox 1089 2149 1214 2238; x_wconf 83' lang='lat' dir='ltr'><strong>ipsi</strong></span> <span class='ocrx_word' id='word_1_126' title='bbox 1246 2145 1431 2213; x_wconf 91' lang='lat' dir='ltr'><strong>enim</strong></span> <span class='ocrx_word' id='word_1_127' title='bbox 1462 2143 1740 2210; x_wconf 83' lang='lat' dir='ltr'><strong>fuerunt</strong></span> <span class='ocrx_word' id='word_1_128' title='bbox 1768 2138 2040 2209; x_wconf 83' lang='lat' dir='ltr'><strong>chordae</strong></span> <span class='ocrx_word' id='word_1_129' title='bbox 2082 2135 2483 2204; x_wconf 89' lang='lat' dir='ltr'><strong>mirabiliter</strong></span> <span class='ocrx_word' id='word_1_130' title='bbox 2521 2157 2645 2202; x_wconf 87' lang='lat' dir='ltr'><strong>ex-</strong></span> 
     </span>
     <span class='ocr_line' id='line_1_22' title="bbox 1087 2242 2642 2343; baseline -0.01 -21"><span class='ocrx_word' id='word_1_131' title='bbox 1087 2265 1295 2323; x_wconf 82' lang='lat' dir='ltr'><strong>tensae</strong></span> <span class='ocrx_word' id='word_1_132' title='bbox 1335 2276 1453 2343; x_wconf 89' lang='lat' dir='ltr'><strong>per</strong></span> <span class='ocrx_word' id='word_1_133' title='bbox 1482 2252 1706 2318; x_wconf 88' lang='lat' dir='ltr'><strong>carnis</strong></span> <span class='ocrx_word' id='word_1_134' title='bbox 1741 2246 2364 2322; x_wconf 78' lang='lat' dir='ltr'><strong>mortificationem,</strong></span> <span class='ocrx_word' id='word_1_135' title='bbox 2426 2250 2493 2311; x_wconf 87' lang='lat' dir='ltr'><strong>et</strong></span> <span class='ocrx_word' id='word_1_136' title='bbox 2558 2242 2642 2308; x_wconf 90' lang='lat' dir='ltr'><strong>ab</strong></span> 
     </span>
     <span class='ocr_line' id='line_1_23' title="bbox 1087 2349 2642 2447; baseline -0.008 -18"><span class='ocrx_word' id='word_1_137' title='bbox 1087 2361 1378 2429; x_wconf 87' lang='lat' dir='ltr'><strong>humore</strong></span> <span class='ocrx_word' id='word_1_138' title='bbox 1409 2357 1625 2447; x_wconf 81' lang='lat' dir='ltr'><strong>culpae</strong></span> <span class='ocrx_word' id='word_1_139' title='bbox 1693 2355 2072 2436; x_wconf 61' lang='lat' dir='ltr'><strong>desiccatae,</strong></span> <span class='ocrx_word' id='word_1_140' title='bbox 2107 2361 2172 2419; x_wconf 90' lang='lat' dir='ltr'><strong>et</strong></span> <span class='ocrx_word' id='word_1_141' title='bbox 2212 2374 2333 2441; x_wconf 92' lang='lat' dir='ltr'><strong>pro</strong></span> <span class='ocrx_word' id='word_1_142' title='bbox 2391 2349 2642 2417; x_wconf 83' lang='lat' dir='ltr'><strong>talibus</strong></span> 
     </span>
     <span class='ocr_line' id='line_1_24' title="bbox 1083 2456 2641 2554; baseline -0.01 -18"><span class='ocrx_word' id='word_1_143' title='bbox 1083 2469 1231 2536; x_wconf 89' lang='lat' dir='ltr'><strong>laus</strong></span> <span class='ocrx_word' id='word_1_144' title='bbox 1261 2475 1360 2536; x_wconf 90' lang='lat' dir='ltr'><strong>est</strong></span> <span class='ocrx_word' id='word_1_145' title='bbox 1392 2463 1755 2554; x_wconf 80' lang='lat' dir='ltr'><strong>exigenda.</strong></span> <span class='ocrx_word' id='word_1_146' title='bbox 1785 2460 2048 2528; x_wconf 81' lang='lat' dir='ltr'><strong>Daniel.</strong></span> <span class='ocrx_word' id='word_1_147' title='bbox 2093 2483 2238 2536; x_wconf 84' lang='lat' dir='ltr'><strong>xm,</strong></span> <span class='ocrx_word' id='word_1_148' title='bbox 2284 2460 2366 2526; x_wconf 79' lang='lat'><strong>63</strong></span> <span class='ocrx_word' id='word_1_149' title='bbox 2405 2480 2420 2525; x_wconf 91' lang='lat'>:</span> <span class='ocrx_word' id='word_1_150' title='bbox 2472 2456 2641 2525; x_wconf 85' lang='lat' dir='ltr'><strong>IIel-</strong></span> 
     </span>
     <span class='ocr_line' id='line_1_25' title="bbox 1084 2563 2641 2659; baseline -0.01 -15"><span class='ocrx_word' id='word_1_151' title='bbox 1084 2577 1224 2644; x_wconf 85' lang='lat' dir='ltr'><strong>cias</strong></span> <span class='ocrx_word' id='word_1_152' title='bbox 1253 2584 1315 2642; x_wconf 87' lang='lat' dir='ltr'><strong>et</strong></span> <span class='ocrx_word' id='word_1_153' title='bbox 1356 2595 1536 2639; x_wconf 74' lang='lat' dir='ltr'><strong>uxor</strong></span> <span class='ocrx_word' id='word_1_154' title='bbox 1563 2568 1720 2659; x_wconf 85' lang='lat' dir='ltr'><strong>ejus</strong></span> <span class='ocrx_word' id='word_1_155' title='bbox 1776 2570 1849 2636; x_wconf 91' lang='lat' dir='ltr'><strong>in</strong></span> <span class='ocrx_word' id='word_1_156' title='bbox 1881 2565 1995 2635; x_wconf 90' lang='lat' dir='ltr'><strong>illa</strong></span> <span class='ocrx_word' id='word_1_157' title='bbox 2025 2566 2132 2634; x_wconf 88' lang='lat' dir='ltr'><strong>die</strong></span> <span class='ocrx_word' id='word_1_158' title='bbox 2176 2563 2641 2632; x_wconf 81' lang='lat' dir='ltr'><strong>laudaverunt</strong></span> 
     </span>
     <span class='ocr_line' id='line_1_26' title="bbox 1081 2675 2642 2774; baseline -0.009 -22"><span class='ocrx_word' id='word_1_159' title='bbox 1081 2689 1305 2753; x_wconf 85' lang='lat' dir='ltr'><strong>Deum</strong></span> <span class='ocrx_word' id='word_1_160' title='bbox 1325 2703 1460 2774; x_wconf 83' lang='lat' dir='ltr'><strong>pro</strong></span> <span class='ocrx_word' id='word_1_161' title='bbox 1498 2679 1659 2768; x_wconf 81' lang='lat' dir='ltr'><strong>filia</strong></span> <span class='ocrx_word' id='word_1_162' title='bbox 1706 2700 1838 2744; x_wconf 87' lang='lat' dir='ltr'><strong>sua</strong></span> <span class='ocrx_word' id='word_1_163' title='bbox 1876 2678 2232 2757; x_wconf 76' lang='lat' dir='ltr'><strong>Susanna,</strong></span> <span class='ocrx_word' id='word_1_164' title='bbox 2281 2695 2435 2740; x_wconf 84' lang='lat' dir='ltr'><strong>cum</strong></span> <span class='ocrx_word' id='word_1_165' title='bbox 2478 2675 2642 2741; x_wconf 82' lang='lat' dir='ltr'><strong>Joa-</strong></span> 
     </span>
     <span class='ocr_line' id='line_1_27' title="bbox 1079 2777 2636 2874; baseline -0.009 -16"><span class='ocrx_word' id='word_1_166' title='bbox 1079 2793 1245 2870; x_wconf 68' lang='lat' dir='ltr'><strong>Irim,</strong></span> <span class='ocrx_word' id='word_1_167' title='bbox 1288 2789 1541 2855; x_wconf 90' lang='lat' dir='ltr'><strong>marito</strong></span> <span class='ocrx_word' id='word_1_168' title='bbox 1580 2785 1764 2874; x_wconf 86' lang='lat' dir='ltr'><strong>ejus,</strong></span> <span class='ocrx_word' id='word_1_169' title='bbox 1799 2793 1862 2850; x_wconf 89' lang='lat' dir='ltr'><strong>et</strong></span> <span class='ocrx_word' id='word_1_170' title='bbox 1927 2782 2236 2872; x_wconf 77' lang='lat' dir='ltr'><strong>coqnatis</strong></span> <span class='ocrx_word' id='word_1_171' title='bbox 2291 2777 2636 2860; x_wconf 85' lang='lat' dir='ltr'><strong>omnibus,</strong></span> 
     </span>
     <span class='ocr_line' id='line_1_28' title="bbox 1082 2888 2552 2990; baseline -0.007 -24"><span class='ocrx_word' id='word_1_172' title='bbox 1082 2901 1248 2990; x_wconf 84' lang='lat' dir='ltr'><strong>quia</strong></span> <span class='ocrx_word' id='word_1_173' title='bbox 1279 2919 1414 2964; x_wconf 89' lang='lat' dir='ltr'><strong>non</strong></span> <span class='ocrx_word' id='word_1_174' title='bbox 1443 2905 1610 2961; x_wconf 85' lang='lat' dir='ltr'><strong>esset</strong></span> <span class='ocrx_word' id='word_1_175' title='bbox 1643 2895 1920 2960; x_wconf 78' lang='lat' dir='ltr'><strong>inventa</strong></span> <span class='ocrx_word' id='word_1_176' title='bbox 1951 2891 2022 2957; x_wconf 86' lang='lat' dir='ltr'><strong>in</strong></span> <span class='ocrx_word' id='word_1_177' title='bbox 2053 2913 2132 2957; x_wconf 89' lang='lat' dir='ltr'><strong>ea</strong></span> <span class='ocrx_word' id='word_1_178' title='bbox 2171 2911 2274 2956; x_wconf 87' lang='lat' dir='ltr'><strong>res</strong></span> <span class='ocrx_word' id='word_1_179' title='bbox 2304 2888 2552 2978; x_wconf 81' lang='lat' dir='ltr'><strong>turpis.</strong></span> 
     </span>
    </p>
   </div>
   <div class='ocr_carea' id='block_1_11' title="bbox 1068 3103 2637 5246">
    <p class='ocr_par' dir='ltr' id='par_1_11' title="bbox 1068 3103 2637 5246">
     <span class='ocr_line' id='line_1_29' title="bbox 1180 3103 2636 3203; baseline -0.007 -24"><span class='ocrx_word' id='word_1_180' title='bbox 1180 3141 1211 3179; x_wconf 71' lang='grc' dir='ltr'><em>α</em></span> <span class='ocrx_word' id='word_1_181' title='bbox 1250 3116 1346 3181; x_wconf 79' lang='lat' dir='ltr'><strong>Et</strong></span> <span class='ocrx_word' id='word_1_182' title='bbox 1383 3133 1674 3203; x_wconf 74' lang='lat' dir='ltr'><strong>orqano,</strong></span> <span class='ocrx_word' id='word_1_183' title='bbox 1713 3134 1746 3171; x_wconf 69' lang='grc' dir='ltr'><strong>ι</strong></span> <span class='ocrx_word' id='word_1_184' title='bbox 1784 3107 1851 3175; x_wconf 94' lang='lat' dir='ltr'><strong>id</strong></span> <span class='ocrx_word' id='word_1_185' title='bbox 1882 3113 2005 3183; x_wconf 89' lang='lat' dir='ltr'><strong>est,</strong></span> <span class='ocrx_word' id='word_1_186' title='bbox 2039 3128 2163 3197; x_wconf 93' lang='lat' dir='ltr'><strong>pro</strong></span> <span class='ocrx_word' id='word_1_187' title='bbox 2212 3103 2431 3196; x_wconf 87' lang='lat' dir='ltr'><strong>gloria</strong></span> <span class='ocrx_word' id='word_1_188' title='bbox 2478 3125 2636 3170; x_wconf 92' lang='lat' dir='ltr'><strong>san-</strong></span> 
     </span>
     <span class='ocr_line' id='line_1_30' title="bbox 1084 3213 2635 3303; baseline -0.008 -15"><span class='ocrx_word' id='word_1_189' title='bbox 1084 3225 1209 3288; x_wconf 90' lang='lat' dir='ltr'><strong>ctis</strong></span> <span class='ocrx_word' id='word_1_190' title='bbox 1250 3218 1668 3287; x_wconf 85' lang='lat' dir='ltr'><strong>Doctoribus</strong></span> <span class='ocrx_word' id='word_1_191' title='bbox 1701 3214 1976 3291; x_wconf 86' lang='lat' dir='ltr'><strong>collata,</strong></span> <span class='ocrx_word' id='word_1_192' title='bbox 2012 3213 2127 3303; x_wconf 91' lang='lat' dir='ltr'><strong>qui</strong></span> <span class='ocrx_word' id='word_1_193' title='bbox 2163 3219 2336 3279; x_wconf 85' lang='lat' dir='ltr'><strong>recte</strong></span> <span class='ocrx_word' id='word_1_194' title='bbox 2374 3232 2635 3300; x_wconf 83' lang='lat' dir='ltr'><strong>organo</strong></span> 
     </span>
     <span class='ocr_line' id='line_1_31' title="bbox 1083 3317 2634 3418; baseline -0.008 -22"><span class='ocrx_word' id='word_1_195' title='bbox 1083 3334 1590 3418; x_wconf 78' lang='lat' dir='ltr'><strong>comparantur.</strong></span> <span class='ocrx_word' id='word_1_196' title='bbox 1675 3323 1752 3389; x_wconf 90' lang='lat' dir='ltr'><strong>ln</strong></span> <span class='ocrx_word' id='word_1_197' title='bbox 1828 3321 2106 3413; x_wconf 85' lang='lat' dir='ltr'><strong>organis</strong></span> <span class='ocrx_word' id='word_1_198' title='bbox 2171 3319 2418 3386; x_wconf 82' lang='lat' dir='ltr'><strong>diversi</strong></span> <span class='ocrx_word' id='word_1_199' title='bbox 2483 3317 2634 3385; x_wconf 90' lang='lat' dir='ltr'><strong>soni</strong></span> 
     </span>
     <span class='ocr_line' id='line_1_32' title="bbox 1080 3425 2637 3523; baseline -0.008 -20"><span class='ocrx_word' id='word_1_200' title='bbox 1080 3436 1488 3504; x_wconf 88' lang='lat' dir='ltr'><strong>emittuntur</strong></span> <span class='ocrx_word' id='word_1_201' title='bbox 1527 3454 1649 3523; x_wconf 90' lang='lat' dir='ltr'><strong>per</strong></span> <span class='ocrx_word' id='word_1_202' title='bbox 1686 3429 1990 3497; x_wconf 78' lang='lat' dir='ltr'><strong>diversas</strong></span> <span class='ocrx_word' id='word_1_203' title='bbox 2047 3425 2334 3507; x_wconf 79' lang='lat' dir='ltr'><strong>listulas,</strong></span> <span class='ocrx_word' id='word_1_204' title='bbox 2394 3433 2458 3492; x_wconf 72' lang='lat' dir='ltr'><strong>et</strong></span> <span class='ocrx_word' id='word_1_205' title='bbox 2499 3447 2637 3491; x_wconf 90' lang='lat' dir='ltr'><strong>me-</strong></span> 
     </span>
     <span class='ocr_line' id='line_1_33' title="bbox 1076 3532 2637 3620; baseline -0.008 -9"><span class='ocrx_word' id='word_1_206' title='bbox 1076 3543 1261 3611; x_wconf 88' lang='lat' dir='ltr'><strong>lodia</strong></span> <span class='ocrx_word' id='word_1_207' title='bbox 1318 3541 1634 3620; x_wconf 79' lang='lat' dir='ltr'><strong>eflicitur,</strong></span> <span class='ocrx_word' id='word_1_208' title='bbox 1715 3547 1782 3606; x_wconf 87' lang='lat' dir='ltr'><strong>et</strong></span> <span class='ocrx_word' id='word_1_209' title='bbox 1847 3535 2354 3605; x_wconf 86' lang='lat' dir='ltr'><strong>concordantia.</strong></span> <span class='ocrx_word' id='word_1_210' title='bbox 2417 3532 2532 3601; x_wconf 88' lang='lat' dir='ltr'><strong>Sic</strong></span> <span class='ocrx_word' id='word_1_211' title='bbox 2598 3553 2637 3598; x_wconf 90' lang='lat' dir='ltr'><strong>a</strong></span> 
     </span>
     <span class='ocr_line' id='line_1_34' title="bbox 1075 3639 2636 3719; baseline -0.008 1"><span class='ocrx_word' id='word_1_212' title='bbox 1075 3649 1487 3719; x_wconf 79' lang='lat' dir='ltr'><strong>Doctoribus</strong></span> <span class='ocrx_word' id='word_1_213' title='bbox 1528 3646 1763 3714; x_wconf 79' lang='lat' dir='ltr'><strong>multae</strong></span> <span class='ocrx_word' id='word_1_214' title='bbox 1809 3643 2163 3712; x_wconf 84' lang='lat' dir='ltr'><strong>sententiae</strong></span> <span class='ocrx_word' id='word_1_215' title='bbox 2192 3641 2459 3709; x_wconf 72' lang='lat' dir='ltr'><strong>Veteris</strong></span> <span class='ocrx_word' id='word_1_216' title='bbox 2513 3639 2636 3707; x_wconf 86' lang='lat' dir='ltr'><strong>Tc·</strong></span> 
     </span>
     <span class='ocr_line' id='line_1_35' title="bbox 1073 3747 2635 3843; baseline -0.008 -18"><span class='ocrx_word' id='word_1_217' title='bbox 1073 3757 1417 3838; x_wconf 84' lang='lat' dir='ltr'><strong>stamenti‚</strong></span> <span class='ocrx_word' id='word_1_218' title='bbox 1504 3751 2035 3843; x_wconf 83' lang='lat' dir='ltr'><strong>Prophetarum,</strong></span> <span class='ocrx_word' id='word_1_219' title='bbox 2100 3747 2521 3830; x_wconf 86' lang='lat' dir='ltr'><strong>Salomonis,</strong></span> <span class='ocrx_word' id='word_1_220' title='bbox 2567 3753 2635 3813; x_wconf 91' lang='lat' dir='ltr'><strong>et</strong></span> 
     </span>
     <span class='ocr_line' id='line_1_36' title="bbox 1072 3853 2636 3950; baseline -0.008 -18"><span class='ocrx_word' id='word_1_221' title='bbox 1072 3865 1275 3942; x_wconf 81' lang='lat' dir='ltr'><strong>Novi,</strong></span> <span class='ocrx_word' id='word_1_222' title='bbox 1314 3861 1520 3931; x_wconf 89' lang='lat' dir='ltr'><strong>modo</strong></span> <span class='ocrx_word' id='word_1_223' title='bbox 1551 3860 1636 3928; x_wconf 91' lang='lat' dir='ltr'><strong>de</strong></span> <span class='ocrx_word' id='word_1_224' title='bbox 1666 3857 2068 3950; x_wconf 81' lang='lat' dir='ltr'><strong>Evangelio,</strong></span> <span class='ocrx_word' id='word_1_225' title='bbox 2119 3854 2325 3927; x_wconf 88' lang='lat' dir='ltr'><strong>modo</strong></span> <span class='ocrx_word' id='word_1_226' title='bbox 2352 3853 2434 3922; x_wconf 92' lang='lat' dir='ltr'><strong>de</strong></span> <span class='ocrx_word' id='word_1_227' title='bbox 2478 3853 2636 3944; x_wconf 87' lang='lat' dir='ltr'><strong>Epi-</strong></span> 
     </span>
     <span class='ocr_line' id='line_1_37' title="bbox 1075 3964 2630 4059; baseline -0.008 -20"><span class='ocrx_word' id='word_1_228' title='bbox 1075 3971 1291 4052; x_wconf 71' lang='lat' dir='ltr'><strong>stoliS,</strong></span> <span class='ocrx_word' id='word_1_229' title='bbox 1333 3969 1443 4037; x_wconf 83' lang='lat' dir='ltr'><strong>vel</strong></span> <span class='ocrx_word' id='word_1_230' title='bbox 1473 3966 1891 4059; x_wconf 79' lang='lat' dir='ltr'><strong>Apocalypsi</strong></span> <span class='ocrx_word' id='word_1_231' title='bbox 1921 3964 2379 4057; x_wconf 85' lang='lat' dir='ltr'><strong>proferuntur,</strong></span> <span class='ocrx_word' id='word_1_232' title='bbox 2422 3983 2630 4028; x_wconf 89' lang='lat' dir='ltr'><strong>unam</strong></span> 
     </span>
     <span class='ocr_line' id='line_1_38' title="bbox 1068 4067 2629 4147; baseline -0.01 1"><span class='ocrx_word' id='word_1_233' title='bbox 1068 4080 1390 4147; x_wconf 82' lang='lat' dir='ltr'><strong>facientes</strong></span> <span class='ocrx_word' id='word_1_234' title='bbox 1455 4073 1898 4145; x_wconf 85' lang='lat' dir='ltr'><strong>concordiam</strong></span> <span class='ocrx_word' id='word_1_235' title='bbox 1967 4079 2033 4140; x_wconf 86' lang='lat' dir='ltr'><strong>et</strong></span> <span class='ocrx_word' id='word_1_236' title='bbox 2087 4069 2479 4138; x_wconf 81' lang='lat' dir='ltr'><strong>melodiam.</strong></span> <span class='ocrx_word' id='word_1_237' title='bbox 2545 4067 2629 4134; x_wconf 91' lang='lat' dir='ltr'><strong>lli</strong></span> 
     </span>
     <span class='ocr_line' id='line_1_39' title="bbox 1072 4173 2626 4277; baseline -0.01 -21"><span class='ocrx_word' id='word_1_238' title='bbox 1072 4195 1231 4257; x_wconf 85' lang='lat' dir='ltr'><strong>sunt</strong></span> <span class='ocrx_word' id='word_1_239' title='bbox 1290 4208 1483 4277; x_wconf 82' lang='lat' dir='ltr'><strong>erge,</strong></span> <span class='ocrx_word' id='word_1_240' title='bbox 1556 4183 1639 4252; x_wconf 88' lang='lat' dir='ltr'><strong>de</strong></span> <span class='ocrx_word' id='word_1_241' title='bbox 1709 4180 1960 4272; x_wconf 88' lang='lat' dir='ltr'><strong>quibus</strong></span> <span class='ocrx_word' id='word_1_242' title='bbox 1999 4175 2340 4257; x_wconf 72' lang='lat' dir='ltr'><strong>dicitur-,l</strong></span> <span class='ocrx_word' id='word_1_243' title='bbox 2402 4173 2626 4243; x_wconf 86' lang='lat' dir='ltr'><strong>Paral.</strong></span> 
     </span>
     <span class='ocr_line' id='line_1_40' title="bbox 1073 4282 2628 4371; baseline -0.011 -7"><span class='ocrx_word' id='word_1_244' title='bbox 1073 4319 1263 4371; x_wconf 79' lang='lat' dir='ltr'><strong>xxm,</strong></span> <span class='ocrx_word' id='word_1_245' title='bbox 1323 4294 1365 4360; x_wconf 72' lang='lat'><strong>4</strong></span> <span class='ocrx_word' id='word_1_246' title='bbox 1421 4302 1490 4361; x_wconf 91' lang='lat' dir='ltr'><strong>et</strong></span> <span class='ocrx_word' id='word_1_247' title='bbox 1551 4292 1642 4359; x_wconf 80' lang='lat'><strong>3:</strong></span> <span class='ocrx_word' id='word_1_248' title='bbox 1708 4290 1827 4356; x_wconf 70' lang='lat' dir='ltr'><strong>Ex</strong></span> <span class='ocrx_word' id='word_1_249' title='bbox 1863 4287 1997 4368; x_wconf 73' lang='lat' dir='ltr'><strong>liis,</strong></span> <span class='ocrx_word' id='word_1_250' title='bbox 2038 4284 2293 4353; x_wconf 90' lang='lat' dir='ltr'><strong>scilicet</strong></span> <span class='ocrx_word' id='word_1_251' title='bbox 2349 4282 2628 4361; x_wconf 77' lang='lat' dir='ltr'><strong>Levitis,</strong></span> 
     </span>
     <span class='ocr_line' id='line_1_41' title="bbox 1071 4391 2631 4472; baseline -0.011 0"><span class='ocrx_word' id='word_1_252' title='bbox 1071 4403 1268 4472; x_wconf 87' lang='lat' dir='ltr'><strong>electi</strong></span> <span class='ocrx_word' id='word_1_253' title='bbox 1324 4409 1489 4468; x_wconf 83' lang='lat' dir='ltr'><strong>sunt</strong></span> <span class='ocrx_word' id='word_1_254' title='bbox 1534 4407 1601 4466; x_wconf 88' lang='lat' dir='ltr'><strong>et</strong></span> <span class='ocrx_word' id='word_1_255' title='bbox 1657 4394 2020 4463; x_wconf 78' lang='lat' dir='ltr'><strong>distributi</strong></span> <span class='ocrx_word' id='word_1_256' title='bbox 2057 4393 2128 4460; x_wconf 84' lang='lat' dir='ltr'><strong>in</strong></span> <span class='ocrx_word' id='word_1_257' title='bbox 2173 4391 2631 4459; x_wconf 82' lang='lat' dir='ltr'><strong>ministerium</strong></span> 
     </span>
     <span class='ocr_line' id='line_1_42' title="bbox 1075 4498 2627 4594; baseline -0.008 -14"><span class='ocrx_word' id='word_1_258' title='bbox 1075 4514 1320 4580; x_wconf 88' lang='lat' dir='ltr'><strong>domus</strong></span> <span class='ocrx_word' id='word_1_259' title='bbox 1354 4506 1642 4578; x_wconf 81' lang='lat' dir='ltr'><strong>Domini</strong></span> <span class='ocrx_word' id='word_1_260' title='bbox 1670 4504 1922 4594; x_wconf 74' lang='lat' dir='ltr'><strong>viyinti</strong></span> <span class='ocrx_word' id='word_1_261' title='bbox 1940 4511 2243 4594; x_wconf 86' lang='lat' dir='ltr'><strong>quatuor</strong></span> <span class='ocrx_word' id='word_1_262' title='bbox 2275 4498 2627 4567; x_wconf 58' lang='lat' dir='ltr'><strong>millia...</strong></span> 
     </span>
     <span class='ocr_line' id='line_1_43' title="bbox 1075 4608 2632 4710; baseline -0.011 -20"><span class='ocrx_word' id='word_1_263' title='bbox 1075 4625 1297 4690; x_wconf 86' lang='lat' dir='ltr'><strong>Porro</strong></span> <span class='ocrx_word' id='word_1_264' title='bbox 1327 4625 1639 4710; x_wconf 88' lang='lat' dir='ltr'><strong>quatuor</strong></span> <span class='ocrx_word' id='word_1_265' title='bbox 1677 4612 1916 4681; x_wconf 88' lang='lat' dir='ltr'><strong>millia</strong></span> <span class='ocrx_word' id='word_1_266' title='bbox 1961 4611 2337 4701; x_wconf 85' lang='lat' dir='ltr'><strong>janitores,</strong></span> <span class='ocrx_word' id='word_1_267' title='bbox 2382 4616 2447 4677; x_wconf 89' lang='lat' dir='ltr'><strong>et</strong></span> <span class='ocrx_word' id='word_1_268' title='bbox 2476 4608 2632 4675; x_wconf 86' lang='lat' dir='ltr'><strong>toti·</strong></span> 
     </span>
     <span class='ocr_line' id='line_1_44' title="bbox 1074 4717 2629 4819; baseline -0.01 -21"><span class='ocrx_word' id='word_1_269' title='bbox 1074 4730 1225 4798; x_wconf 88' lang='lat' dir='ltr'><strong>dem</strong></span> <span class='ocrx_word' id='word_1_270' title='bbox 1259 4726 1517 4819; x_wconf 64' lang='lat' dir='ltr'><strong>psalta·</strong></span> <span class='ocrx_word' id='word_1_271' title='bbox 1543 4731 1860 4792; x_wconf 79' lang='lat' dir='ltr'><strong>canentes</strong></span> <span class='ocrx_word' id='word_1_272' title='bbox 1889 4720 2189 4789; x_wconf 87' lang='lat' dir='ltr'><strong>Domino</strong></span> <span class='ocrx_word' id='word_1_273' title='bbox 2232 4720 2299 4785; x_wconf 90' lang='lat' dir='ltr'><strong>in</strong></span> <span class='ocrx_word' id='word_1_274' title='bbox 2322 4717 2629 4809; x_wconf 76' lang='lat' dir='ltr'><strong>oryanis,</strong></span> 
     </span>
     <span class='ocr_line' id='line_1_45' title="bbox 1076 4825 2632 4928; baseline -0.01 -23"><span class='ocrx_word' id='word_1_275' title='bbox 1076 4859 1226 4928; x_wconf 82' lang='lat' dir='ltr'><strong>quae</strong></span> <span class='ocrx_word' id='word_1_276' title='bbox 1265 4831 1634 4927; x_wconf 84' lang='lat' dir='ltr'><strong>portabant</strong></span> <span class='ocrx_word' id='word_1_277' title='bbox 1665 4831 1736 4898; x_wconf 88' lang='lat' dir='ltr'><strong>in</strong></span> <span class='ocrx_word' id='word_1_278' title='bbox 1775 4851 1969 4896; x_wconf 88' lang='lat' dir='ltr'><strong>armo</strong></span> <span class='ocrx_word' id='word_1_279' title='bbox 2018 4850 2033 4894; x_wconf 73' lang='grc' dir='ltr'><strong><em>ε</em></strong></span> <span class='ocrx_word' id='word_1_280' title='bbox 2095 4827 2255 4919; x_wconf 93' lang='lat' dir='ltr'><strong>quia</strong></span> <span class='ocrx_word' id='word_1_281' title='bbox 2306 4825 2632 4893; x_wconf 86' lang='lat' dir='ltr'><strong>Doctores</strong></span> 
     </span>
     <span class='ocr_line' id='line_1_46' title="bbox 1074 4927 2625 5029; baseline -0.01 -19"><span class='ocrx_word' id='word_1_282' title='bbox 1074 4941 1324 5010; x_wconf 89' lang='lat' dir='ltr'><strong>debent</strong></span> <span class='ocrx_word' id='word_1_283' title='bbox 1401 4934 1590 5029; x_wconf 92' lang='lat' dir='ltr'><strong>quod</strong></span> <span class='ocrx_word' id='word_1_284' title='bbox 1656 4934 1930 5013; x_wconf 85' lang='lat' dir='ltr'><strong>docent,</strong></span> <span class='ocrx_word' id='word_1_285' title='bbox 1989 4954 2192 5022; x_wconf 88' lang='lat' dir='ltr'><strong>opere</strong></span> <span class='ocrx_word' id='word_1_286' title='bbox 2229 4927 2625 5018; x_wconf 87' lang='lat' dir='ltr'><strong>adimplere.</strong></span> 
     </span>
     <span class='ocr_line' id='line_1_47' title="bbox 1076 5036 2628 5130; baseline -0.01 -14"><span class='ocrx_word' id='word_1_287' title='bbox 1076 5047 1316 5116; x_wconf 84' lang='lat' dir='ltr'><strong>Matth.</strong></span> <span class='ocrx_word' id='word_1_288' title='bbox 1351 5068 1422 5124; x_wconf 73' lang='lat' dir='ltr'><strong>V,</strong></span> <span class='ocrx_word' id='word_1_289' title='bbox 1480 5046 1605 5113; x_wconf 79' lang='lat'><strong>19:</strong></span> <span class='ocrx_word' id='word_1_290' title='bbox 1684 5042 1824 5128; x_wconf 84' lang='lat' dir='ltr'><strong>Qui</strong></span> <span class='ocrx_word' id='word_1_291' title='bbox 1874 5040 2114 5130; x_wconf 76' lang='lat' dir='ltr'><strong>fecerit</strong></span> <span class='ocrx_word' id='word_1_292' title='bbox 2168 5047 2232 5106; x_wconf 85' lang='lat' dir='ltr'><strong>et</strong></span> <span class='ocrx_word' id='word_1_293' title='bbox 2297 5036 2628 5115; x_wconf 87' lang='lat' dir='ltr'><strong>docuerit,</strong></span> 
     </span>
     <span class='ocr_line' id='line_1_48' title="bbox 1074 5141 2635 5246; baseline -0.009 -23"><span class='ocrx_word' id='word_1_294' title='bbox 1074 5154 1342 5246; x_wconf 89' lang='lat' dir='ltr'><strong>supple,</strong></span> <span class='ocrx_word' id='word_1_295' title='bbox 1375 5154 1471 5219; x_wconf 88' lang='lat' dir='ltr'><strong>sic</strong></span> <span class='ocrx_word' id='word_1_296' title='bbox 1513 5150 1859 5228; x_wconf 87' lang='lat' dir='ltr'><strong>homines,</strong></span> <span class='ocrx_word' id='word_1_297' title='bbox 1897 5147 2009 5214; x_wconf 78' lang='grc' dir='ltr'><strong>Ιιίε</strong></span> <span class='ocrx_word' id='word_1_298' title='bbox 2035 5167 2331 5235; x_wconf 71' lang='lat' dir='ltr'><strong>maynus</strong></span> <span class='ocrx_word' id='word_1_299' title='bbox 2358 5141 2635 5211; x_wconf 83' lang='lat' dir='ltr'><strong>vocabi-</strong></span> 
     </span>
    </p>
   </div>
   <div class='ocr_carea' id='block_1_12' title="bbox 1078 5258 2002 5351">
    <p class='ocr_par' dir='ltr' id='par_1_12' title="bbox 1078 5258 2002 5351">
     <span class='ocr_line' id='line_1_49' title="bbox 1078 5258 2002 5351; baseline -0.011 -21"><span class='ocrx_word' id='word_1_300' title='bbox 1078 5274 1194 5330; x_wconf 85' lang='lat' dir='ltr'><strong>tur</strong></span> <span class='ocrx_word' id='word_1_301' title='bbox 1224 5264 1292 5330; x_wconf 90' lang='lat' dir='ltr'><strong>in</strong></span> <span class='ocrx_word' id='word_1_302' title='bbox 1335 5284 1543 5351; x_wconf 76' lang='lat' dir='ltr'><strong>reqno</strong></span> <span class='ocrx_word' id='word_1_303' title='bbox 1575 5258 1927 5326; x_wconf 70' lang='lat' dir='ltr'><strong>caelorum.</strong></span> <span class='ocrx_word' id='word_1_304' title='bbox 1971 5280 2002 5319; x_wconf 69' lang='lat' dir='ltr'><strong>n</strong></span> 
     </span>
    </p>
   </div>
   <div class='ocr_carea' id='block_1_13' title="bbox 1151 5520 2627 5597">
    <p class='ocr_par' dir='ltr' id='par_1_13' title="bbox 1151 5520 2627 5597">
     <span class='ocr_line' id='line_1_50' title="bbox 1151 5520 2627 5597; baseline -0.008 -9"><span class='ocrx_word' id='word_1_305' title='bbox 1151 5534 1168 5570; x_wconf 88' lang='lat'>¹</span> <span class='ocrx_word' id='word_1_306' title='bbox 1201 5530 1406 5587; x_wconf 78' lang='lat' dir='ltr'><strong>Matth.</strong></span> <span class='ocrx_word' id='word_1_307' title='bbox 1439 5546 1540 5597; x_wconf 83' lang='lat' dir='ltr'><strong>vn,</strong></span> <span class='ocrx_word' id='word_1_308' title='bbox 1571 5531 1642 5583; x_wconf 79' lang='lat'><strong>22</strong></span> <span class='ocrx_word' id='word_1_309' title='bbox 1674 5531 1735 5583; x_wconf 83' lang='lat' dir='ltr'><strong>et</strong></span> <span class='ocrx_word' id='word_1_310' title='bbox 1761 5527 1870 5581; x_wconf 82' lang='lat'><strong>23:</strong></span> <span class='ocrx_word' id='word_1_311' title='bbox 1928 5526 2094 5582; x_wconf 70' lang='lat' dir='ltr'><strong>Mune·</strong></span> <span class='ocrx_word' id='word_1_312' title='bbox 2139 5523 2323 5580; x_wconf 73' lang='lat' dir='ltr'><strong>dicent</strong></span> <span class='ocrx_word' id='word_1_313' title='bbox 2355 5523 2410 5577; x_wconf 76' lang='lat' dir='ltr'><strong>in</strong></span> <span class='ocrx_word' id='word_1_314' title='bbox 2435 5521 2531 5578; x_wconf 84' lang='lat' dir='ltr'><strong>die</strong></span> <span class='ocrx_word' id='word_1_315' title='bbox 2556 5520 2627 5577; x_wconf 73' lang='lat' dir='ltr'><strong>it-</strong></span> 
     </span>
    </p>
   </div>
   <div class='ocr_carea' id='block_1_14' title="bbox 1075 5616 2633 5786">
    <p class='ocr_par' dir='ltr' id='par_1_14' title="bbox 1075 5616 2633 5786">
     <span class='ocr_line' id='line_1_51' title="bbox 1079 5616 2627 5688; baseline -0.005 -10"><span class='ocrx_word' id='word_1_316' title='bbox 1079 5621 1135 5678; x_wconf 82' lang='lat' dir='ltr'><strong>ta</strong></span> <span class='ocrx_word' id='word_1_317' title='bbox 1155 5638 1178 5676; x_wconf 92' lang='lat'><strong>.·</strong></span> <span class='ocrx_word' id='word_1_318' title='bbox 1202 5620 1452 5688; x_wconf 75' lang='lat' dir='ltr'><strong>Domine,</strong></span> <span class='ocrx_word' id='word_1_319' title='bbox 1485 5620 1736 5685; x_wconf 81' lang='lat' dir='ltr'><strong>Domine,</strong></span> <span class='ocrx_word' id='word_1_320' title='bbox 1766 5631 1949 5672; x_wconf 88' lang='lat' dir='ltr'><strong>nonne</strong></span> <span class='ocrx_word' id='word_1_321' title='bbox 1995 5616 2055 5671; x_wconf 78' lang='lat' dir='ltr'><strong>in</strong></span> <span class='ocrx_word' id='word_1_322' title='bbox 2106 5616 2328 5671; x_wconf 75' lang='lat' dir='ltr'><strong>nomine</strong></span> <span class='ocrx_word' id='word_1_323' title='bbox 2375 5618 2471 5668; x_wconf 79' lang='lat' dir='ltr'><strong>tuo</strong></span> <span class='ocrx_word' id='word_1_324' title='bbox 2496 5628 2627 5684; x_wconf 80' lang='lat' dir='ltr'><strong>pro·</strong></span> 
     </span>
     <span class='ocr_line' id='line_1_52' title="bbox 1075 5702 2633 5786; baseline -0.004 -19"><span class='ocrx_word' id='word_1_325' title='bbox 1075 5709 1457 5786; x_wconf 67' lang='lat' dir='ltr'><strong>phetavimus,</strong></span> <span class='ocrx_word' id='word_1_326' title='bbox 1486 5715 1540 5766; x_wconf 79' lang='lat' dir='ltr'><strong>et</strong></span> <span class='ocrx_word' id='word_1_327' title='bbox 1570 5708 1629 5764; x_wconf 77' lang='lat' dir='ltr'><strong>in</strong></span> <span class='ocrx_word' id='word_1_328' title='bbox 1658 5706 1881 5763; x_wconf 77' lang='lat' dir='ltr'><strong>nornine</strong></span> <span class='ocrx_word' id='word_1_329' title='bbox 1927 5711 2024 5762; x_wconf 77' lang='lat' dir='ltr'><strong>tuo</strong></span> <span class='ocrx_word' id='word_1_330' title='bbox 2051 5702 2330 5762; x_wconf 64' lang='lat' dir='ltr'><strong>daemonia</strong></span> <span class='ocrx_word' id='word_1_331' title='bbox 2356 5702 2633 5777; x_wconf 78' lang='lat' dir='ltr'><strong>ejecimus,</strong></span> 
     </span>
    </p>
   </div>
   <div class='ocr_carea' id='block_1_15' title="bbox 2747 1166 4319 2875">
    <p class='ocr_par' dir='ltr' id='par_1_15' title="bbox 2747 1166 4319 2875">
     <span class='ocr_line' id='line_1_53' title="bbox 2770 1166 4319 1259; baseline 0.014 -29"><span class='ocrx_word' id='word_1_332' title='bbox 2770 1166 3064 1236; x_wconf 84' lang='lat' dir='ltr'><strong>invitant</strong></span> <span class='ocrx_word' id='word_1_333' title='bbox 3104 1170 3172 1237; x_wconf 92' lang='lat' dir='ltr'><strong>in</strong></span> <span class='ocrx_word' id='word_1_334' title='bbox 3226 1173 3447 1242; x_wconf 89' lang='lat' dir='ltr'><strong>cordis</strong></span> <span class='ocrx_word' id='word_1_335' title='bbox 3505 1178 3983 1259; x_wconf 85' lang='lat' dir='ltr'><strong>exsultatione,</strong></span> <span class='ocrx_word' id='word_1_336' title='bbox 4034 1190 4100 1249; x_wconf 92' lang='lat' dir='ltr'><strong>et</strong></span> <span class='ocrx_word' id='word_1_337' title='bbox 4157 1191 4319 1252; x_wconf 87' lang='lat' dir='ltr'><strong>sunt</strong></span> 
     </span>
     <span class='ocr_line' id='line_1_54' title="bbox 2766 1272 4312 1381; baseline 0.014 -44"><span class='ocrx_word' id='word_1_338' title='bbox 2766 1272 3087 1362; x_wconf 78' lang='lat' dir='ltr'><strong>cymbala</strong></span> <span class='ocrx_word' id='word_1_339' title='bbox 3142 1277 3618 1366; x_wconf 82' lang='lat' dir='ltr'><strong>jubilationis,</strong></span> <span class='ocrx_word' id='word_1_340' title='bbox 3664 1283 3798 1353; x_wconf 89' lang='lat' dir='ltr'><strong>Pro</strong></span> <span class='ocrx_word' id='word_1_341' title='bbox 3864 1286 4085 1377; x_wconf 85' lang='lat' dir='ltr'><strong>gloria</strong></span> <span class='ocrx_word' id='word_1_342' title='bbox 4149 1313 4312 1381; x_wconf 82' lang='lat' dir='ltr'><strong>ergo</strong></span> 
     </span>
     <span class='ocr_line' id='line_1_55' title="bbox 2765 1381 4306 1479; baseline 0.014 -33"><span class='ocrx_word' id='word_1_343' title='bbox 2765 1381 3069 1473; x_wconf 88' lang='lat' dir='ltr'><strong>utrisque</strong></span> <span class='ocrx_word' id='word_1_344' title='bbox 3103 1384 3651 1479; x_wconf 47' lang='lat' dir='ltr'><strong>collatasjmonet</strong></span> <span class='ocrx_word' id='word_1_345' title='bbox 3701 1391 3975 1463; x_wconf 88' lang='lat' dir='ltr'><strong>laudare</strong></span> <span class='ocrx_word' id='word_1_346' title='bbox 4017 1395 4247 1466; x_wconf 83' lang='lat' dir='ltr'><strong>dicens</strong></span> <span class='ocrx_word' id='word_1_347' title='bbox 4290 1422 4306 1468; x_wconf 71' lang='grc' dir='ltr'>ε</span> 
     </span>
     <span class='ocr_line' id='line_1_56' title="bbox 2770 1488 4312 1587; baseline 0.014 -36"><span class='ocrx_word' id='word_1_348' title='bbox 2770 1515 2800 1547; x_wconf 87' lang='lat'>«</span> <span class='ocrx_word' id='word_1_349' title='bbox 2847 1488 3161 1556; x_wconf 79' lang='lat' dir='ltr'><strong>Laudate</strong></span> <span class='ocrx_word' id='word_1_350' title='bbox 3196 1514 3350 1560; x_wconf 89' lang='lat' dir='ltr'><strong>eum</strong></span> <span class='ocrx_word' id='word_1_351' title='bbox 3383 1496 3839 1587; x_wconf 41' lang='lat' dir='ltr'><strong>injcymbalis</strong></span> <span class='ocrx_word' id='word_1_352' title='bbox 3870 1502 4031 1570; x_wconf 85' lang='lat' dir='ltr'><strong>bene</strong></span> <span class='ocrx_word' id='word_1_353' title='bbox 4065 1527 4312 1572; x_wconf 91' lang='lat' dir='ltr'><strong>sonan-</strong></span> 
     </span>
     <span class='ocr_line' id='line_1_57' title="bbox 2761 1597 4309 1703; baseline 0.012 -39"><span class='ocrx_word' id='word_1_354' title='bbox 2761 1597 2971 1686; x_wconf 77' lang='lat' dir='ltr'><strong>tibus,</strong></span> <span class='ocrx_word' id='word_1_355' title='bbox 3009 1633 3039 1667; x_wconf 69' lang='grc' dir='ltr'><strong>υ</strong></span> <span class='ocrx_word' id='word_1_356' title='bbox 3084 1603 3154 1671; x_wconf 93' lang='lat' dir='ltr'><strong>id</strong></span> <span class='ocrx_word' id='word_1_357' title='bbox 3194 1613 3317 1683; x_wconf 90' lang='lat' dir='ltr'><strong>est,</strong></span> <span class='ocrx_word' id='word_1_358' title='bbox 3355 1629 3474 1696; x_wconf 90' lang='lat' dir='ltr'><strong>pro</strong></span> <span class='ocrx_word' id='word_1_359' title='bbox 3521 1607 3740 1698; x_wconf 86' lang='lat' dir='ltr'><strong>gloria</strong></span> <span class='ocrx_word' id='word_1_360' title='bbox 3787 1609 4309 1703; x_wconf 70' lang='lat' dir='ltr'><strong>collata’praedi-</strong></span> 
     </span>
     <span class='ocr_line' id='line_1_58' title="bbox 2760 1714 4307 1811; baseline 0.007 -27"><span class='ocrx_word' id='word_1_361' title='bbox 2760 1714 3101 1784; x_wconf 89' lang='lat' dir='ltr'><strong>catoribus</strong></span> <span class='ocrx_word' id='word_1_362' title='bbox 3143 1739 3225 1785; x_wconf 87' lang='lat' dir='ltr'><strong>ex</strong></span> <span class='ocrx_word' id='word_1_363' title='bbox 3255 1715 3580 1787; x_wconf 89' lang='lat' dir='ltr'><strong>charitate</strong></span> <span class='ocrx_word' id='word_1_364' title='bbox 3637 1720 4081 1811; x_wconf 89' lang='lat' dir='ltr'><strong>implentibus</strong></span> <span class='ocrx_word' id='word_1_365' title='bbox 4114 1746 4193 1792; x_wconf 90' lang='lat' dir='ltr'><strong>ea</strong></span> <span class='ocrx_word' id='word_1_366' title='bbox 4221 1726 4307 1794; x_wconf 91' lang='lat' dir='ltr'><strong>ad</strong></span> 
     </span>
     <span class='ocr_line' id='line_1_59' title="bbox 2758 1825 4305 1921; baseline 0.008 -31"><span class='ocrx_word' id='word_1_367' title='bbox 2758 1846 2912 1914; x_wconf 81' lang='lat' dir='ltr'><strong>quae</strong></span> <span class='ocrx_word' id='word_1_368' title='bbox 2970 1834 3254 1893; x_wconf 87' lang='lat' dir='ltr'><strong>monent</strong></span> <span class='ocrx_word' id='word_1_369' title='bbox 3297 1825 3491 1910; x_wconf 85' lang='lat' dir='ltr'><strong>alios,</strong></span> <span class='ocrx_word' id='word_1_370' title='bbox 3549 1849 3631 1897; x_wconf 91' lang='lat' dir='ltr'><strong>ne</strong></span> <span class='ocrx_word' id='word_1_371' title='bbox 3682 1829 3817 1896; x_wconf 90' lang='lat' dir='ltr'><strong>sint</strong></span> <span class='ocrx_word' id='word_1_372' title='bbox 3871 1829 4183 1921; x_wconf 81' lang='lat' dir='ltr'><strong>cymbala</strong></span> <span class='ocrx_word' id='word_1_373' title='bbox 4232 1856 4305 1902; x_wconf 89' lang='lat' dir='ltr'><strong>se</strong></span> 
     </span>
     <span class='ocr_line' id='line_1_60' title="bbox 2756 1932 4306 2022; baseline 0.008 -23"><span class='ocrx_word' id='word_1_374' title='bbox 2756 1932 3252 2000; x_wconf 89' lang='lat' dir='ltr'><strong>consumentia.</strong></span> <span class='ocrx_word' id='word_1_375' title='bbox 3305 1933 3334 1999; x_wconf 95' lang='lat' dir='ltr'>I</span> <span class='ocrx_word' id='word_1_376' title='bbox 3374 1934 3459 2002; x_wconf 85' lang='lat' dir='ltr'><strong>ad</strong></span> <span class='ocrx_word' id='word_1_377' title='bbox 3508 1933 3815 2003; x_wconf 90' lang='lat' dir='ltr'><strong>Corinth.</strong></span> <span class='ocrx_word' id='word_1_378' title='bbox 3867 1961 4012 2022; x_wconf 80' lang='lat' dir='ltr'><strong>xm,</strong></span> <span class='ocrx_word' id='word_1_379' title='bbox 4052 1940 4127 2006; x_wconf 83' lang='lat'><strong>11</strong></span> <span class='ocrx_word' id='word_1_380' title='bbox 4163 1963 4179 2007; x_wconf 91' lang='lat'>:</span> <span class='ocrx_word' id='word_1_381' title='bbox 4221 1941 4306 2011; x_wconf 84' lang='lat' dir='ltr'><strong>Si</strong></span> 
     </span>
     <span class='ocr_line' id='line_1_61' title="bbox 2758 2036 4295 2135; baseline 0.007 -31"><span class='ocrx_word' id='word_1_382' title='bbox 2758 2037 3019 2128; x_wconf 77' lang='lat' dir='ltr'><strong>linquis</strong></span> <span class='ocrx_word' id='word_1_383' title='bbox 3034 2036 3390 2106; x_wconf 77' lang='lat' dir='ltr'><strong>bominum</strong></span> <span class='ocrx_word' id='word_1_384' title='bbox 3416 2039 3687 2131; x_wconf 87' lang='lat' dir='ltr'><strong>loquar,</strong></span> <span class='ocrx_word' id='word_1_385' title='bbox 3705 2051 3830 2110; x_wconf 85' lang='lat' dir='ltr'><strong>aut</strong></span> <span class='ocrx_word' id='word_1_386' title='bbox 3844 2044 4295 2135; x_wconf 77' lang='lat' dir='ltr'><strong>Anqelorum,</strong></span> 
     </span>
     <span class='ocr_line' id='line_1_62' title="bbox 2752 2143 4299 2244; baseline 0.008 -33"><span class='ocrx_word' id='word_1_387' title='bbox 2752 2143 3158 2212; x_wconf 76' lang='lat' dir='ltr'><strong>charitatem</strong></span> <span class='ocrx_word' id='word_1_388' title='bbox 3200 2154 3430 2213; x_wconf 86' lang='lat' dir='ltr'><strong>autem</strong></span> <span class='ocrx_word' id='word_1_389' title='bbox 3497 2171 3633 2214; x_wconf 87' lang='lat' dir='ltr'><strong>non</strong></span> <span class='ocrx_word' id='word_1_390' title='bbox 3686 2148 4005 2237; x_wconf 78' lang='lat' dir='ltr'><strong>habeam,</strong></span> <span class='ocrx_word' id='word_1_391' title='bbox 4064 2155 4299 2244; x_wconf 82' lang='lat' dir='ltr'><strong>sactus</strong></span> 
     </span>
     <span class='ocr_line' id='line_1_63' title="bbox 2748 2252 4296 2348; baseline 0.009 -31"><span class='ocrx_word' id='word_1_392' title='bbox 2748 2273 2902 2318; x_wconf 88' lang='lat' dir='ltr'><strong>sum</strong></span> <span class='ocrx_word' id='word_1_393' title='bbox 2936 2252 3122 2319; x_wconf 86' lang='lat' dir='ltr'><strong>velut</strong></span> <span class='ocrx_word' id='word_1_394' title='bbox 3147 2276 3239 2321; x_wconf 77' lang='lat' dir='ltr'><strong>aes</strong></span> <span class='ocrx_word' id='word_1_395' title='bbox 3267 2277 3540 2334; x_wconf 89' lang='lat' dir='ltr'><strong>sonans,</strong></span> <span class='ocrx_word' id='word_1_396' title='bbox 3575 2267 3700 2324; x_wconf 87' lang='lat' dir='ltr'><strong>aut</strong></span> <span class='ocrx_word' id='word_1_397' title='bbox 3729 2259 4128 2348; x_wconf 77' lang='lat' dir='ltr'><strong>cymbalum</strong></span> <span class='ocrx_word' id='word_1_398' title='bbox 4160 2265 4296 2331; x_wconf 89' lang='lat' dir='ltr'><strong>tin·</strong></span> 
     </span>
     <span class='ocr_line' id='line_1_64' title="bbox 2750 2357 4295 2453; baseline 0.008 -29"><span class='ocrx_word' id='word_1_399' title='bbox 2750 2359 2963 2427; x_wconf 85' lang='lat' dir='ltr'><strong>niens.</strong></span> <span class='ocrx_word' id='word_1_400' title='bbox 3008 2357 3108 2426; x_wconf 91' lang='lat' dir='ltr'><strong>Ne</strong></span> <span class='ocrx_word' id='word_1_401' title='bbox 3144 2360 3278 2427; x_wconf 89' lang='lat' dir='ltr'><strong>sint</strong></span> <span class='ocrx_word' id='word_1_402' title='bbox 3299 2361 3381 2429; x_wconf 88' lang='lat' dir='ltr'><strong>de</strong></span> <span class='ocrx_word' id='word_1_403' title='bbox 3414 2361 3569 2441; x_wconf 86' lang='lat' dir='ltr'><strong>illis,</strong></span> <span class='ocrx_word' id='word_1_404' title='bbox 3598 2365 3711 2453; x_wconf 92' lang='lat' dir='ltr'><strong>qui</strong></span> <span class='ocrx_word' id='word_1_405' title='bbox 3753 2366 3995 2435; x_wconf 86' lang='lat' dir='ltr'><strong>dicturi</strong></span> <span class='ocrx_word' id='word_1_406' title='bbox 4033 2379 4190 2435; x_wconf 89' lang='lat' dir='ltr'><strong>sunt</strong></span> <span class='ocrx_word' id='word_1_407' title='bbox 4225 2370 4295 2437; x_wconf 90' lang='lat' dir='ltr'><strong>in</strong></span> 
     </span>
     <span class='ocr_line' id='line_1_65' title="bbox 2750 2466 4297 2556; baseline 0.008 -22"><span class='ocrx_word' id='word_1_408' title='bbox 2750 2466 2857 2534; x_wconf 90' lang='lat' dir='ltr'><strong>die</strong></span> <span class='ocrx_word' id='word_1_409' title='bbox 2877 2467 3160 2556; x_wconf 88' lang='lat' dir='ltr'><strong>judicii:</strong></span> <span class='ocrx_word' id='word_1_410' title='bbox 3206 2467 3521 2549; x_wconf 88' lang='lat' dir='ltr'><strong>Domine,</strong></span> <span class='ocrx_word' id='word_1_411' title='bbox 3575 2473 3899 2556; x_wconf 87' lang='lat' dir='ltr'><strong>Domine,</strong></span> <span class='ocrx_word' id='word_1_412' title='bbox 3944 2498 4171 2546; x_wconf 87' lang='lat' dir='ltr'><strong>nonne</strong></span> <span class='ocrx_word' id='word_1_413' title='bbox 4228 2480 4297 2548; x_wconf 90' lang='lat' dir='ltr'><strong>in</strong></span> 
     </span>
     <span class='ocr_line' id='line_1_66' title="bbox 2749 2573 4295 2668; baseline 0.008 -26"><span class='ocrx_word' id='word_1_414' title='bbox 2749 2573 2991 2666; x_wconf 89' lang='lat' dir='ltr'><strong>plateis</strong></span> <span class='ocrx_word' id='word_1_415' title='bbox 3030 2578 3164 2644; x_wconf 93' lang='lat' dir='ltr'><strong>tuis</strong></span> <span class='ocrx_word' id='word_1_416' title='bbox 3200 2579 3743 2668; x_wconf 65' lang='lat' dir='ltr'><strong>praedicavimus,</strong></span> <span class='ocrx_word' id='word_1_417' title='bbox 3796 2592 3863 2651; x_wconf 91' lang='lat' dir='ltr'><strong>et</strong></span> <span class='ocrx_word' id='word_1_418' title='bbox 3919 2585 3984 2651; x_wconf 90' lang='lat' dir='ltr'><strong>in</strong></span> <span class='ocrx_word' id='word_1_419' title='bbox 4016 2588 4295 2655; x_wconf 87' lang='lat' dir='ltr'><strong>nomine</strong></span> 
     </span>
     <span class='ocr_line' id='line_1_67' title="bbox 2748 2685 4296 2783; baseline 0.008 -33"><span class='ocrx_word' id='word_1_420' title='bbox 2748 2692 2867 2751; x_wconf 93' lang='lat' dir='ltr'><strong>tuo</strong></span> <span class='ocrx_word' id='word_1_421' title='bbox 2929 2685 3253 2753; x_wconf 86' lang='lat' dir='ltr'><strong>miracula</strong></span> <span class='ocrx_word' id='word_1_422' title='bbox 3299 2686 3579 2755; x_wconf 81' lang='lat' dir='ltr'><strong>fecimus</strong></span> <span class='ocrx_word' id='word_1_423' title='bbox 3618 2691 3653 2757; x_wconf 89' lang='lat'><strong>?</strong></span> <span class='ocrx_word' id='word_1_424' title='bbox 3722 2689 3802 2757; x_wconf 85' lang='lat' dir='ltr'><strong>Et</strong></span> <span class='ocrx_word' id='word_1_425' title='bbox 3860 2693 4296 2783; x_wconf 87' lang='lat' dir='ltr'><strong>respondebit</strong></span> 
     </span>
     <span class='ocr_line' id='line_1_68' title="bbox 2747 2792 4289 2875; baseline 0.006 -16"><span class='ocrx_word' id='word_1_426' title='bbox 2747 2792 3116 2860; x_wconf 87' lang='lat' dir='ltr'><strong>Dominus:</strong></span> <span class='ocrx_word' id='word_1_427' title='bbox 3162 2793 3381 2861; x_wconf 82' lang='lat' dir='ltr'><strong>Amen</strong></span> <span class='ocrx_word' id='word_1_428' title='bbox 3404 2794 3552 2864; x_wconf 89' lang='lat' dir='ltr'><strong>dico</strong></span> <span class='ocrx_word' id='word_1_429' title='bbox 3582 2796 3802 2875; x_wconf 77' lang='lat' dir='ltr'><strong>vobis,</strong></span> <span class='ocrx_word' id='word_1_430' title='bbox 3840 2800 4067 2868; x_wconf 83' lang='lat' dir='ltr'><strong>nescio</strong></span> <span class='ocrx_word' id='word_1_431' title='bbox 4097 2824 4221 2869; x_wconf 90' lang='lat' dir='ltr'><strong>vos</strong></span> <span class='ocrx_word' id='word_1_432' title='bbox 4246 2805 4289 2869; x_wconf 87' lang='lat'><strong>¹.</strong></span> 
     </span>
    </p>
   </div>
   <div class='ocr_carea' id='block_1_16' title="bbox 2735 3010 4295 4726">
    <p class='ocr_par' dir='ltr' id='par_1_16' title="bbox 2735 3010 4295 4726">
     <span class='ocr_line' id='line_1_69' title="bbox 2841 3010 4294 3108; baseline 0.01 -35"><span class='ocrx_word' id='word_1_433' title='bbox 2841 3038 2872 3073; x_wconf 93' lang='lat'>«</span> <span class='ocrx_word' id='word_1_434' title='bbox 2905 3010 3221 3079; x_wconf 90' lang='lat' dir='ltr'><strong>Laudate</strong></span> <span class='ocrx_word' id='word_1_435' title='bbox 3248 3035 3401 3080; x_wconf 84' lang='lat' dir='ltr'><strong>eum</strong></span> <span class='ocrx_word' id='word_1_436' title='bbox 3444 3015 3512 3081; x_wconf 89' lang='lat' dir='ltr'><strong>in</strong></span> <span class='ocrx_word' id='word_1_437' title='bbox 3542 3015 3883 3105; x_wconf 75' lang='lat' dir='ltr'><strong>cymbalis</strong></span> <span class='ocrx_word' id='word_1_438' title='bbox 3917 3018 4294 3108; x_wconf 84' lang='lat' dir='ltr'><strong>jubilatio·</strong></span> 
     </span>
     <span class='ocr_line' id='line_1_70' title="bbox 2741 3115 4293 3218; baseline 0.007 -33"><span class='ocrx_word' id='word_1_439' title='bbox 2741 3115 2972 3199; x_wconf 87' lang='lat' dir='ltr'><strong>nibus,</strong></span> <span class='ocrx_word' id='word_1_440' title='bbox 3010 3143 3043 3184; x_wconf 68' lang='grc' dir='ltr'><strong>ι»</strong></span> <span class='ocrx_word' id='word_1_441' title='bbox 3088 3118 3154 3187; x_wconf 92' lang='lat' dir='ltr'><strong>id</strong></span> <span class='ocrx_word' id='word_1_442' title='bbox 3193 3128 3318 3199; x_wconf 91' lang='lat' dir='ltr'><strong>est,</strong></span> <span class='ocrx_word' id='word_1_443' title='bbox 3363 3122 3431 3189; x_wconf 89' lang='lat' dir='ltr'><strong>in</strong></span> <span class='ocrx_word' id='word_1_444' title='bbox 3476 3121 3719 3214; x_wconf 79' lang='lat' dir='ltr'><strong>gloria,</strong></span> <span class='ocrx_word' id='word_1_445' title='bbox 3764 3133 3831 3193; x_wconf 91' lang='lat' dir='ltr'><strong>et</strong></span> <span class='ocrx_word' id='word_1_446' title='bbox 3898 3149 4021 3218; x_wconf 89' lang='lat' dir='ltr'><strong>pro</strong></span> <span class='ocrx_word' id='word_1_447' title='bbox 4070 3126 4293 3218; x_wconf 83' lang='lat' dir='ltr'><strong>gloria</strong></span> 
     </span>
     <span class='ocr_line' id='line_1_71' title="bbox 2743 3226 4295 3326; baseline 0.006 -31"><span class='ocrx_word' id='word_1_448' title='bbox 2743 3226 3262 3320; x_wconf 64' lang='lat' dir='ltr'><strong>praedicatorum</strong></span> <span class='ocrx_word' id='word_1_449' title='bbox 3294 3230 3362 3297; x_wconf 90' lang='lat' dir='ltr'><strong>in</strong></span> <span class='ocrx_word' id='word_1_450' title='bbox 3386 3231 3621 3299; x_wconf 82' lang='lat' dir='ltr'><strong>laetitia</strong></span> <span class='ocrx_word' id='word_1_451' title='bbox 3657 3234 3879 3302; x_wconf 91' lang='lat' dir='ltr'><strong>cordis</strong></span> <span class='ocrx_word' id='word_1_452' title='bbox 3910 3236 4295 3326; x_wconf 82' lang='lat' dir='ltr'><strong>praedican-</strong></span> 
     </span>
     <span class='ocr_line' id='line_1_72' title="bbox 2744 3335 4286 3415; baseline 0.007 -11"><span class='ocrx_word' id='word_1_453' title='bbox 2744 3340 2916 3404; x_wconf 90' lang='lat' dir='ltr'><strong>tium</strong></span> <span class='ocrx_word' id='word_1_454' title='bbox 2950 3357 2966 3402; x_wconf 74' lang='grc' dir='ltr'><strong><em>ε</em></strong></span> <span class='ocrx_word' id='word_1_455' title='bbox 3001 3335 3223 3405; x_wconf 89' lang='lat' dir='ltr'><strong>taliter</strong></span> <span class='ocrx_word' id='word_1_456' title='bbox 3243 3339 3425 3406; x_wconf 87' lang='lat' dir='ltr'><strong>enim</strong></span> <span class='ocrx_word' id='word_1_457' title='bbox 3456 3339 3603 3407; x_wconf 81' lang='lat' dir='ltr'><strong>vult</strong></span> <span class='ocrx_word' id='word_1_458' title='bbox 3635 3339 3816 3409; x_wconf 85' lang='lat' dir='ltr'><strong>Deus</strong></span> <span class='ocrx_word' id='word_1_459' title='bbox 3854 3343 3980 3410; x_wconf 87' lang='lat' dir='ltr'><strong>sibi</strong></span> <span class='ocrx_word' id='word_1_460' title='bbox 4023 3346 4286 3415; x_wconf 86' lang='lat' dir='ltr'><strong>serviri.</strong></span> 
     </span>
     <span class='ocr_line' id='line_1_73' title="bbox 2745 3444 4289 3528; baseline 0.006 -17"><span class='ocrx_word' id='word_1_461' title='bbox 2745 3444 2950 3513; x_wconf 87' lang='lat' dir='ltr'><strong>Eccli.</strong></span> <span class='ocrx_word' id='word_1_462' title='bbox 2993 3466 3201 3528; x_wconf 83' lang='lat' dir='ltr'><strong>xxxv,</strong></span> <span class='ocrx_word' id='word_1_463' title='bbox 3266 3447 3287 3512; x_wconf 89' lang='lat' dir='ltr'><strong>l</strong></span> <span class='ocrx_word' id='word_1_464' title='bbox 3343 3468 3357 3513; x_wconf 74' lang='grc' dir='ltr'>ε</span> <span class='ocrx_word' id='word_1_465' title='bbox 3429 3447 3508 3514; x_wconf 89' lang='lat' dir='ltr'><strong>ln</strong></span> <span class='ocrx_word' id='word_1_466' title='bbox 3559 3448 3750 3516; x_wconf 86' lang='lat' dir='ltr'><strong>omni</strong></span> <span class='ocrx_word' id='word_1_467' title='bbox 3779 3447 3942 3516; x_wconf 85' lang='lat' dir='ltr'><strong>dato</strong></span> <span class='ocrx_word' id='word_1_468' title='bbox 3989 3450 4289 3520; x_wconf 77' lang='lat' dir='ltr'><strong>hilarem</strong></span> 
     </span>
     <span class='ocr_line' id='line_1_74' title="bbox 2737 3552 4285 3643; baseline 0.007 -24"><span class='ocrx_word' id='word_1_469' title='bbox 2737 3555 2860 3643; x_wconf 78' lang='lat' dir='ltr'><strong>sac</strong></span> <span class='ocrx_word' id='word_1_470' title='bbox 2888 3552 3160 3622; x_wconf 79' lang='lat' dir='ltr'><strong>vultum</strong></span> <span class='ocrx_word' id='word_1_471' title='bbox 3200 3564 3423 3625; x_wconf 81' lang='lat' dir='ltr'><strong>tuum.</strong></span> <span class='ocrx_word' id='word_1_472' title='bbox 3464 3555 3522 3622; x_wconf 85' lang='grc' dir='ltr'><strong>ΙΙ</strong></span> <span class='ocrx_word' id='word_1_473' title='bbox 3561 3556 3646 3624; x_wconf 88' lang='lat' dir='ltr'><strong>ad</strong></span> <span class='ocrx_word' id='word_1_474' title='bbox 3699 3555 4007 3626; x_wconf 88' lang='lat' dir='ltr'><strong>Corinth.</strong></span> <span class='ocrx_word' id='word_1_475' title='bbox 4064 3582 4155 3637; x_wconf 74' lang='lat' dir='ltr'><strong>tx,</strong></span> <span class='ocrx_word' id='word_1_476' title='bbox 4200 3562 4285 3630; x_wconf 82' lang='lat'><strong>7:</strong></span> 
     </span>
     <span class='ocr_line' id='line_1_75' title="bbox 2740 3660 4290 3754; baseline 0.004 -26"><span class='ocrx_word' id='word_1_477' title='bbox 2740 3660 3056 3728; x_wconf 78' lang='lat' dir='ltr'><strong>Hilarem</strong></span> <span class='ocrx_word' id='word_1_478' title='bbox 3122 3661 3427 3730; x_wconf 87' lang='lat' dir='ltr'><strong>datorem</strong></span> <span class='ocrx_word' id='word_1_479' title='bbox 3493 3662 3731 3754; x_wconf 74' lang='lat' dir='ltr'><strong>diliqit</strong></span> <span class='ocrx_word' id='word_1_480' title='bbox 3787 3666 3996 3733; x_wconf 87' lang='lat' dir='ltr'><strong>Deus.</strong></span> <span class='ocrx_word' id='word_1_481' title='bbox 4062 3664 4159 3734; x_wconf 89' lang='lat' dir='ltr'><strong>De</strong></span> <span class='ocrx_word' id='word_1_482' title='bbox 4209 3668 4290 3734; x_wconf 85' lang='lat' dir='ltr'><strong>iis</strong></span> 
     </span>
     <span class='ocr_line' id='line_1_76' title="bbox 2741 3767 4291 3861; baseline 0.006 -26"><span class='ocrx_word' id='word_1_483' title='bbox 2741 3767 3010 3850; x_wconf 89' lang='lat' dir='ltr'><strong>dicitur,</strong></span> <span class='ocrx_word' id='word_1_484' title='bbox 3054 3768 3368 3853; x_wconf 78' lang='lat' dir='ltr'><strong>IEsdrae,</strong></span> <span class='ocrx_word' id='word_1_485' title='bbox 3406 3794 3500 3851; x_wconf 85' lang='lat' dir='ltr'><strong>m,</strong></span> <span class='ocrx_word' id='word_1_486' title='bbox 3542 3774 3621 3841; x_wconf 81' lang='lat'><strong>10</strong></span> <span class='ocrx_word' id='word_1_487' title='bbox 3653 3781 3719 3841; x_wconf 90' lang='lat' dir='ltr'><strong>et</strong></span> <span class='ocrx_word' id='word_1_488' title='bbox 3776 3775 3896 3861; x_wconf 68' lang='lat'><strong>11:</strong></span> <span class='ocrx_word' id='word_1_489' title='bbox 3939 3777 4291 3845; x_wconf 79' lang='lat' dir='ltr'><strong>Steterunt</strong></span> 
     </span>
     <span class='ocr_line' id='line_1_77' title="bbox 2737 3860 4288 3963; baseline 0.005 -18"><span class='ocrx_word' id='word_1_490' title='bbox 2737 3878 3117 3947; x_wconf 82' lang='lat' dir='ltr'><strong>sacerdotes</strong></span> <span class='ocrx_word' id='word_1_491' title='bbox 3156 3879 3228 3946; x_wconf 87' lang='lat' dir='ltr'><strong>in</strong></span> <span class='ocrx_word' id='word_1_492' title='bbox 3256 3891 3506 3948; x_wconf 84' lang='lat' dir='ltr'><strong>ornatu</strong></span> <span class='ocrx_word' id='word_1_493' title='bbox 3556 3903 3684 3950; x_wconf 87' lang='lat' dir='ltr'><strong>suo</strong></span> <span class='ocrx_word' id='word_1_494' title='bbox 3741 3860 3895 3950; x_wconf 85' lang='lat' dir='ltr'><strong>cum</strong></span> <span class='ocrx_word' id='word_1_495' title='bbox 3945 3883 4152 3963; x_wconf 88' lang='lat' dir='ltr'><strong>tubis,</strong></span> <span class='ocrx_word' id='word_1_496' title='bbox 4223 3895 4288 3953; x_wconf 83' lang='lat' dir='ltr'><strong>et</strong></span> 
     </span>
     <span class='ocr_line' id='line_1_78' title="bbox 2743 3984 4288 4081; baseline 0.007 -30"><span class='ocrx_word' id='word_1_497' title='bbox 2743 3984 2986 4069; x_wconf 78' lang='lat' dir='ltr'><strong>Ieritoe,</strong></span> <span class='ocrx_word' id='word_1_498' title='bbox 3017 3987 3163 4075; x_wconf 84' lang='lat' dir='ltr'><strong>filii</strong></span> <span class='ocrx_word' id='word_1_499' title='bbox 3185 3988 3443 4080; x_wconf 80' lang='lat' dir='ltr'><strong>Asaple,</strong></span> <span class='ocrx_word' id='word_1_500' title='bbox 3480 3989 3551 4056; x_wconf 84' lang='lat' dir='ltr'><strong>in</strong></span> <span class='ocrx_word' id='word_1_501' title='bbox 3615 3989 3978 4081; x_wconf 74' lang='lat' dir='ltr'><strong>cymbalis,</strong></span> <span class='ocrx_word' id='word_1_502' title='bbox 4007 4003 4084 4060; x_wconf 85' lang='lat' dir='ltr'><strong>ut</strong></span> <span class='ocrx_word' id='word_1_503' title='bbox 4122 3992 4288 4062; x_wconf 84' lang='lat' dir='ltr'><strong>lau-</strong></span> 
     </span>
     <span class='ocr_line' id='line_1_79' title="bbox 2738 4093 4289 4194; baseline 0.008 -34"><span class='ocrx_word' id='word_1_504' title='bbox 2738 4093 2981 4162; x_wconf 84' lang='lat' dir='ltr'><strong>darent</strong></span> <span class='ocrx_word' id='word_1_505' title='bbox 3028 4098 3246 4164; x_wconf 82' lang='lat' dir='ltr'><strong>Deum</strong></span> <span class='ocrx_word' id='word_1_506' title='bbox 3275 4119 3402 4187; x_wconf 86' lang='lat' dir='ltr'><strong>per</strong></span> <span class='ocrx_word' id='word_1_507' title='bbox 3468 4121 3715 4166; x_wconf 83' lang='lat' dir='ltr'><strong>manus</strong></span> <span class='ocrx_word' id='word_1_508' title='bbox 3780 4102 4037 4181; x_wconf 76' lang='lat' dir='ltr'><strong>David,</strong></span> <span class='ocrx_word' id='word_1_509' title='bbox 4108 4105 4289 4194; x_wconf 62' lang='lat' dir='ltr'><strong>reglis</strong></span> 
     </span>
     <span class='ocr_line' id='line_1_80' title="bbox 2738 4202 4291 4298; baseline 0.006 -28"><span class='ocrx_word' id='word_1_510' title='bbox 2738 4202 2979 4272; x_wconf 89' lang='lat' dir='ltr'><strong>lsrael.</strong></span> <span class='ocrx_word' id='word_1_511' title='bbox 3014 4206 3110 4271; x_wconf 79' lang='lat' dir='ltr'><strong>Et</strong></span> <span class='ocrx_word' id='word_1_512' title='bbox 3137 4204 3576 4273; x_wconf 82' lang='lat' dir='ltr'><strong>concinebant</strong></span> <span class='ocrx_word' id='word_1_513' title='bbox 3608 4207 3677 4274; x_wconf 89' lang='lat' dir='ltr'><strong>in</strong></span> <span class='ocrx_word' id='word_1_514' title='bbox 3707 4207 3985 4298; x_wconf 73' lang='lat' dir='ltr'><strong>hymnis</strong></span> <span class='ocrx_word' id='word_1_515' title='bbox 4021 4220 4086 4278; x_wconf 88' lang='lat' dir='ltr'><strong>et</strong></span> <span class='ocrx_word' id='word_1_516' title='bbox 4122 4234 4291 4279; x_wconf 84' lang='lat' dir='ltr'><strong>con-</strong></span> 
     </span>
     <span class='ocr_line' id='line_1_81' title="bbox 2735 4310 4291 4410; baseline 0.007 -35"><span class='ocrx_word' id='word_1_517' title='bbox 2735 4310 3031 4398; x_wconf 78' lang='lat' dir='ltr'><strong>sessione</strong></span> <span class='ocrx_word' id='word_1_518' title='bbox 3059 4311 3355 4379; x_wconf 87' lang='lat' dir='ltr'><strong>Domino</strong></span> <span class='ocrx_word' id='word_1_519' title='bbox 3386 4335 3410 4380; x_wconf 93' lang='lat'><strong>.·</strong></span> <span class='ocrx_word' id='word_1_520' title='bbox 3444 4314 3788 4398; x_wconf 80' lang='lat' dir='ltr'><strong>Quoniam</strong></span> <span class='ocrx_word' id='word_1_521' title='bbox 3833 4314 4071 4396; x_wconf 80' lang='lat' dir='ltr'><strong>bonus,</strong></span> <span class='ocrx_word' id='word_1_522' title='bbox 4123 4341 4291 4410; x_wconf 85' lang='lat' dir='ltr'><strong>quo-</strong></span> 
     </span>
     <span class='ocr_line' id='line_1_82' title="bbox 2735 4419 4283 4515; baseline 0.008 -31"><span class='ocrx_word' id='word_1_523' title='bbox 2735 4419 2929 4485; x_wconf 82' lang='lat' dir='ltr'><strong>niam</strong></span> <span class='ocrx_word' id='word_1_524' title='bbox 3005 4420 3075 4487; x_wconf 88' lang='lat' dir='ltr'><strong>in</strong></span> <span class='ocrx_word' id='word_1_525' title='bbox 3147 4430 3478 4489; x_wconf 75' lang='lat' dir='ltr'><strong>oeternum</strong></span> <span class='ocrx_word' id='word_1_526' title='bbox 3560 4423 4030 4493; x_wconf 85' lang='lat' dir='ltr'><strong>misericordia</strong></span> <span class='ocrx_word' id='word_1_527' title='bbox 4103 4425 4283 4515; x_wconf 82' lang='lat' dir='ltr'><strong>ejus.</strong></span> 
     </span>
     <span class='ocr_line' id='line_1_83' title="bbox 2737 4524 4287 4608; baseline 0.006 -16"><span class='ocrx_word' id='word_1_528' title='bbox 2737 4524 2795 4592; x_wconf 88' lang='lat' dir='ltr'><strong>Il</strong></span> <span class='ocrx_word' id='word_1_529' title='bbox 2841 4525 3067 4594; x_wconf 85' lang='lat' dir='ltr'><strong>Paral.</strong></span> <span class='ocrx_word' id='word_1_530' title='bbox 3111 4550 3178 4605; x_wconf 86' lang='lat' dir='ltr'><strong>v,</strong></span> <span class='ocrx_word' id='word_1_531' title='bbox 3220 4529 3326 4608; x_wconf 82' lang='lat'><strong>13,</strong></span> <span class='ocrx_word' id='word_1_532' title='bbox 3361 4526 3762 4600; x_wconf 85' lang='lat' dir='ltr'><strong>Sacerdotes</strong></span> <span class='ocrx_word' id='word_1_533' title='bbox 3791 4530 4126 4602; x_wconf 90' lang='lat' dir='ltr'><strong>canebant</strong></span> <span class='ocrx_word' id='word_1_534' title='bbox 4174 4557 4287 4603; x_wconf 79' lang='lat' dir='ltr'><strong>vo-</strong></span> 
     </span>
     <span class='ocr_line' id='line_1_84' title="bbox 2736 4634 3320 4726; baseline 0.003 -25"><span class='ocrx_word' id='word_1_535' title='bbox 2736 4657 2831 4713; x_wconf 86' lang='lat' dir='ltr'><strong>ce,</strong></span> <span class='ocrx_word' id='word_1_536' title='bbox 2865 4644 2929 4701; x_wconf 87' lang='lat' dir='ltr'><strong>et</strong></span> <span class='ocrx_word' id='word_1_537' title='bbox 2957 4634 3320 4726; x_wconf 79' lang='lat' dir='ltr'><strong>cymbalis.</strong></span> 
     </span>
    </p>
   </div>
   <div class='ocr_carea' id='block_1_17' title="bbox 2735 4956 4286 5371">
    <p class='ocr_par' dir='ltr' id='par_1_17' title="bbox 2735 4956 4286 5371">
     <span class='ocr_line' id='line_1_85' title="bbox 2830 4956 4278 5049; baseline 0.008 -30"><span class='ocrx_word' id='word_1_538' title='bbox 2830 4985 2862 5019; x_wconf 73' lang='grc' dir='ltr'>α</span> <span class='ocrx_word' id='word_1_539' title='bbox 2901 4956 3140 5024; x_wconf 86' lang='lat' dir='ltr'><strong>Omnis</strong></span> <span class='ocrx_word' id='word_1_540' title='bbox 3191 4960 3501 5049; x_wconf 80' lang='lat' dir='ltr'><strong>spiritus,</strong></span> <span class='ocrx_word' id='word_1_541' title='bbox 3560 4985 3593 5027; x_wconf 66' lang='grc' dir='ltr'><strong><em>ι</em></strong></span> <span class='ocrx_word' id='word_1_542' title='bbox 3664 4959 3835 5031; x_wconf 87' lang='lat' dir='ltr'><strong>Ecce</strong></span> <span class='ocrx_word' id='word_1_543' title='bbox 3902 4963 4278 5031; x_wconf 89' lang='lat' dir='ltr'><strong>secundum</strong></span> 
     </span>
     <span class='ocr_line' id='line_1_86' title="bbox 2735 5064 4284 5164; baseline 0.006 -30"><span class='ocrx_word' id='word_1_544' title='bbox 2735 5066 2943 5134; x_wconf 87' lang='lat' dir='ltr'><strong>totius</strong></span> <span class='ocrx_word' id='word_1_545' title='bbox 2980 5064 3187 5156; x_wconf 91' lang='lat' dir='ltr'><strong>hujus</strong></span> <span class='ocrx_word' id='word_1_546' title='bbox 3216 5069 3448 5159; x_wconf 90' lang='lat' dir='ltr'><strong>partis,</strong></span> <span class='ocrx_word' id='word_1_547' title='bbox 3484 5072 3554 5138; x_wconf 90' lang='lat' dir='ltr'><strong>in</strong></span> <span class='ocrx_word' id='word_1_548' title='bbox 3602 5093 3738 5162; x_wconf 90' lang='lat' dir='ltr'><strong>quo</strong></span> <span class='ocrx_word' id='word_1_549' title='bbox 3771 5071 3955 5141; x_wconf 89' lang='lat' dir='ltr'><strong>addit</strong></span> <span class='ocrx_word' id='word_1_550' title='bbox 3993 5074 4109 5164; x_wconf 91' lang='lat' dir='ltr'><strong>qui</strong></span> <span class='ocrx_word' id='word_1_551' title='bbox 4159 5074 4284 5143; x_wconf 88' lang='lat' dir='ltr'><strong>de-</strong></span> 
     </span>
     <span class='ocr_line' id='line_1_87' title="bbox 2738 5172 4286 5272; baseline 0.007 -33"><span class='ocrx_word' id='word_1_552' title='bbox 2738 5172 2940 5240; x_wconf 86' lang='lat' dir='ltr'><strong>beant</strong></span> <span class='ocrx_word' id='word_1_553' title='bbox 2977 5175 3329 5265; x_wconf 86' lang='lat' dir='ltr'><strong>potissime</strong></span> <span class='ocrx_word' id='word_1_554' title='bbox 3369 5175 3474 5244; x_wconf 87' lang='lat' dir='ltr'><strong>his</strong></span> <span class='ocrx_word' id='word_1_555' title='bbox 3534 5178 3756 5246; x_wconf 91' lang='lat' dir='ltr'><strong>modis</strong></span> <span class='ocrx_word' id='word_1_556' title='bbox 3784 5178 4087 5265; x_wconf 87' lang='lat' dir='ltr'><strong>laudare,</strong></span> <span class='ocrx_word' id='word_1_557' title='bbox 4122 5183 4286 5272; x_wconf 92' lang='lat' dir='ltr'><strong>quia</strong></span> 
     </span>
     <span class='ocr_line' id='line_1_88' title="bbox 2745 5281 3697 5371; baseline 0.006 -23"><span class='ocrx_word' id='word_1_558' title='bbox 2745 5281 3157 5371; x_wconf 79' lang='lat' dir='ltr'><strong>spiritualeS,</strong></span> <span class='ocrx_word' id='word_1_559' title='bbox 3191 5306 3328 5352; x_wconf 89' lang='lat' dir='ltr'><strong>nou</strong></span> <span class='ocrx_word' id='word_1_560' title='bbox 3368 5284 3697 5354; x_wconf 87' lang='lat' dir='ltr'><strong>carnales.</strong></span> 
     </span>
    </p>
   </div>
   <div class='ocr_carea' id='block_1_18' title="bbox 2737 5522 4288 5784">
    <p class='ocr_par' dir='ltr' id='par_1_18' title="bbox 2737 5522 4288 5784">
     <span class='ocr_line' id='line_1_89' title="bbox 2737 5522 4288 5596; baseline 0.005 -17"><span class='ocrx_word' id='word_1_561' title='bbox 2737 5529 2791 5579; x_wconf 81' lang='lat' dir='ltr'><strong>et</strong></span> <span class='ocrx_word' id='word_1_562' title='bbox 2822 5524 2880 5578; x_wconf 76' lang='lat' dir='ltr'><strong>in</strong></span> <span class='ocrx_word' id='word_1_563' title='bbox 2911 5522 3261 5596; x_wconf 48' lang='lat' dir='ltr'><strong>nominesstuo</strong></span> <span class='ocrx_word' id='word_1_564' title='bbox 3280 5526 3512 5582; x_wconf 77' lang='lat' dir='ltr'><strong>virtutes</strong></span> <span class='ocrx_word' id='word_1_565' title='bbox 3537 5523 3736 5580; x_wconf 79' lang='lat' dir='ltr'><strong>multas</strong></span> <span class='ocrx_word' id='word_1_566' title='bbox 3759 5526 3990 5596; x_wconf 76' lang='lat' dir='ltr'><strong>fecimus</strong></span> <span class='ocrx_word' id='word_1_567' title='bbox 4007 5529 4038 5584; x_wconf 86' lang='lat'><strong><em>?</em></strong></span> <span class='ocrx_word' id='word_1_568' title='bbox 4057 5530 4125 5585; x_wconf 82' lang='lat' dir='ltr'><strong>Et</strong></span> <span class='ocrx_word' id='word_1_569' title='bbox 4156 5536 4288 5587; x_wconf 83' lang='lat' dir='ltr'><strong>tunc</strong></span> 
     </span>
     <span class='ocr_line' id='line_1_90' title="bbox 2738 5614 4288 5687; baseline 0.004 -16"><span class='ocrx_word' id='word_1_570' title='bbox 2738 5614 3036 5685; x_wconf 74' lang='lat' dir='ltr'><strong>confitebor</strong></span> <span class='ocrx_word' id='word_1_571' title='bbox 3056 5614 3205 5674; x_wconf 80' lang='lat' dir='ltr'><strong>iltis:</strong></span> <span class='ocrx_word' id='word_1_572' title='bbox 3236 5616 3379 5682; x_wconf 82' lang='lat' dir='ltr'><strong>Quia</strong></span> <span class='ocrx_word' id='word_1_573' title='bbox 3400 5631 3701 5687; x_wconf 80' lang='lat' dir='ltr'><strong>numquam</strong></span> <span class='ocrx_word' id='word_1_574' title='bbox 3722 5618 3854 5673; x_wconf 76' lang='lat' dir='ltr'><strong>noti</strong></span> <span class='ocrx_word' id='word_1_575' title='bbox 3878 5634 3990 5676; x_wconf 80' lang='lat' dir='ltr'><strong>cos.</strong></span> <span class='ocrx_word' id='word_1_576' title='bbox 4013 5620 4288 5678; x_wconf 75' lang='lat' dir='ltr'><strong>Disecdtte</strong></span> 
     </span>
     <span class='ocr_line' id='line_1_91' title="bbox 2738 5705 3996 5784; baseline 0.005 -22"><span class='ocrx_word' id='word_1_577' title='bbox 2738 5720 2776 5762; x_wconf 80' lang='lat' dir='ltr'><strong>a</strong></span> <span class='ocrx_word' id='word_1_578' title='bbox 2802 5720 2908 5778; x_wconf 74' lang='lat' dir='ltr'><strong>ne,</strong></span> <span class='ocrx_word' id='word_1_579' title='bbox 2938 5721 3124 5763; x_wconf 76' lang='lat' dir='ltr'><strong>omnes</strong></span> <span class='ocrx_word' id='word_1_580' title='bbox 3150 5705 3255 5780; x_wconf 75' lang='lat' dir='ltr'><strong>qui</strong></span> <span class='ocrx_word' id='word_1_581' title='bbox 3278 5708 3590 5781; x_wconf 75' lang='lat' dir='ltr'><strong>operamini</strong></span> <span class='ocrx_word' id='word_1_582' title='bbox 3619 5706 3996 5784; x_wconf 73' lang='lat' dir='ltr'><strong>iniquitatem.</strong></span> 
     </span>
    </p>
   </div>
   <div class='ocr_carea' id='block_1_19' title="bbox 4491 566 4555 626">
    <p class='ocr_par' dir='ltr' id='par_1_19' title="bbox 4491 566 4555 626">
     <span class='ocr_line' id='line_1_92' title="bbox 4491 566 4555 626; baseline 0 0"><span class='ocrx_word' id='word_1_583' title='bbox 4491 566 4555 626; x_wconf 69' lang='grc' dir='ltr'>ὗ</span> 
     </span>
    </p>
   </div>
  </div>
 </body>
</html>
