5008 6329
968 581 1087 649 38

2043 383 2753 451 COMMENTARIUS
2801 383 2897 450 IN
2943 383 3377 454 PSALMUM
3429 387 3599 454 CVI.

1307 580 1342 619 α
1376 557 1471 622 Et
1520 555 1869 625 benedixit
1906 561 2023 626 eis.
2065 585 2097 624 n

1205 995 1458 1083 primo,
1521 993 1829 1082 tangitur
1885 991 1966 1059 de
2021 993 2270 1082 primo.
2306 995 2407 1061 De
2437 993 2763 1075 secundo,

1205 1109 1386 1191 post,
1420 1098 1543 1179 ibi,
1583 1123 1616 1164 α
1660 1101 1756 1166 Et
1773 1097 2126 1188 jumenta.
2166 1129 2198 1163 »

2171 560 2296 625 llic
2364 556 2765 624 secundum.

1212 665 1592 755 Postquam
1660 667 1843 734 enim
1910 667 2207 735 ostendit
2267 663 2772 754 multiplicatio·

1210 797 1369 841 nem
1401 777 2056 853 terraenascentium,
2091 773 2443 864 subjungit
2471 774 2555 842 de
2588 775 2771 843 mul-

1207 885 1633 976 tiplicatione
1683 886 2008 969 filiorum,
2055 893 2120 952 et.
2183 886 2612 953 animalium.
2685 887 2771 952 Et

4304 386 4426 454 129

2973 559 3048 627 In
3079 561 3299 650 prima
3327 561 3485 629 duo.
3532 561 3790 639 Primo,
3835 559 4136 649 tangitur
4164 567 4429 625 contra-

2879 670 3081 737 dictio
3115 671 3451 737 malorum
3517 672 3681 760 ipsis
3736 672 3937 738 bonis
4003 671 4074 737 in
4129 668 4427 736 aediliea-

2878 780 3087 845 tione.
3133 776 3473 857 Seeundo,
3509 779 3812 867 ipsorum
3862 779 4204 847 bonorum
4262 776 4426 845 libe-

2880 886 3070 962 rati0,
3105 907 3226 974 per
3279 885 3770 953 dissensionem
3829 888 4212 954 immissam
4249 886 4425 954 inter

2878 990 3118 1073 malos,
3162 992 3280 1071 ibi,
3324 1001 3386 1069 §n
3420 995 3545 1060 40:
3602 1023 3635 1055 «
3673 996 3925 1084 Effusa
3957 1003 4078 1063 est.
4111 1022 4143 1055 »

2918 1183 2925 1190 .
2962 1096 3041 1164 In
3068 1099 3289 1188 prima
3328 1100 3486 1168 duo.
3524 1101 3784 1183 Primo,
3837 1101 4219 1170 ostenditur
4244 1125 4424 1193 pau-

1293 1208 1412 1274 Ait
1450 1207 1679 1274 enim:
1718 1204 1833 1276 Sic
1879 1207 2325 1299 multiplicata
2369 1216 2529 1275 sunt
2585 1207 2767 1274 bona
2874 1206 3037 1272 citas
3069 1206 3404 1275 bonorum
3475 1231 3625 1297 qum
3653 1209 3780 1275 fuit
3818 1209 3888 1276 in
3926 1210 4287 1300 principio,
4349 1219 4426 1278 ut

1201 1324 1430 1395 terrae‚
1468 1339 1501 1378 ι
1537 1325 1602 1382 et
1639 1344 1671 1377 »
1714 1324 1868 1407 post
1915 1316 2046 1384 hoc
2079 1344 2113 1379 «
2151 1314 2493 1382 benedicit
2570 1315 2688 1393 eis,
2725 1341 2756 1375 n

1202 1425 1656 1515 aptitudinem
1688 1424 1774 1492 ad
1811 1425 2321 1516 generationem
2367 1421 2759 1512 praebendo,

1214 1542 1405 1600 «et»
1467 1533 1564 1600 sic
1626 1559 1659 1593 «
1725 1531 2184 1621 multiplicati
2245 1539 2429 1597 sunt.
2492 1557 2528 1594 n
2578 1530 2755 1598 Psal.

1198 1662 1295 1720 iv,
1329 1641 1411 1706 8:
1446 1642 1504 1707 A
1555 1641 1798 1727 fructu
1849 1638 2213 1728 frumenti,
2275 1639 2442 1719 vini,
2513 1649 2575 1704 et
2627 1638 2763 1705 olei

1194 1748 1311 1813 sui
1348 1745 1812 1837 multiplicati
1860 1755 2047 1813 sunt.
2109 1744 2353 1812 Genes.
2414 1767 2630 1830 xxva,
2675 1747 2757 1812 39

1197 1864 1268 1923 et
1296 1855 1426 1921 40:
1464 1854 1549 1921 In
1594 1854 2020 1945 pinquedine
2084 1865 2303 1934 terrae,
2370 1863 2434 1920 et
2491 1854 2564 1920 in
2610 1876 2760 1921 rore

1196 1963 1354 2032 coeli
1390 1962 1706 2053 desuper,
1739 1963 1870 2030 erit
1900 1961 2271 2029 bmzedictio
2310 1970 2457 2029 tua.
2508 1961 2752 2029 GeneS.

1195 2094 1384 2148 xxvi,
1421 2071 1508 2137 24
1531 2091 1546 2136 ε
1571 2069 1985 2137 Benedicam
2016 2068 2168 2149 tibi,
2189 2078 2253 2136 et
2272 2068 2757 2161 multiplicabo

1188 2202 1418 2246 semen
1482 2187 1708 2245 tuum.
1770 2176 2015 2245 Genes.
2068 2198 2235 2259 xxu,
2278 2178 2380 2256 Π,
2430 2175 2516 2244 ad
2545 2176 2758 2244 Abra·

1191 2288 1356 2355 ham
1386 2286 1708 2355 similiter
1735 2308 1750 2353 :
1774 2285 2187 2353 Benedicam
2216 2283 2365 2352 tibi.
2410 2284 2496 2352 Et
2525 2286 2753 2352 statim

1189 2398 1540 2488 sequitur:
1579 2398 1674 2464 Et
1730 2394 2215 2487 multiplicabo
2270 2418 2493 2463 semen
2526 2406 2748 2464 tuum.

1283 2530 1316 2569 ι
1352 2507 1450 2572 Et
1466 2504 1800 2594 jumenta
1840 2525 2074 2569 eorum
2104 2525 2240 2571 non
2281 2505 2673 2571 minoravit.
2716 2532 2750 2566 n

1189 2611 1419 2679 Minus
1454 2610 1642 2692 dicit,
1684 2619 1750 2678 et
1780 2609 1933 2700 plus
1987 2610 2349 2700 signifieat,
2414 2611 2572 2701 quia
2636 2611 2751 2680 illa

1189 2719 1697 2812 multiplicavit.
1737 2719 2010 2800 Contra,
2048 2718 2106 2786 ll
2150 2717 2403 2798 Esdrae,
2472 2741 2544 2798 ιι,
2623 2722 2744 2789 12:

1185 2828 1283 2895 Et
1298 2827 1711 2916 jumentum
1773 2850 1907 2893 non
1940 2836 2088 2893 crat
2118 2849 2405 2912 mecum,
2437 2828 2576 2894 nisi
2601 2829 2753 2895 ani-

1181 2937 1335 3003 mal
1387 2937 1503 3004 cui
1562 2935 1909 3004 sedebam.
1988 2934 2417 3026 ltespondeo.
2493 2936 2749 3007 Verum

1179 3050 1306 3121 est,
1358 3044 1428 3110 in
1485 3042 1824 3134 principio
1883 3042 2289 3110 reversionis
2364 3041 2752 3115 habuerunt

1169 3156 1485 3245 jumenta
1517 3151 1955 3245 paucissima,
1998 3150 2118 3220 sed
2156 3160 2310 3244 post
2363 3160 2523 3221 sunt
2566 3153 2750 3222 mul-

1175 3261 1505 3352 tiplicata.
1561 3260 2034 3340 λοι-θυμιᾶται,
2078 3260 2191 3326 12:
2230 3261 2600 3348 Confluent
2653 3261 2753 3328 ad

1179 3368 1359 3436 bona
1389 3367 1681 3436 Domini
1707 3389 1914 3458 super
1984 3367 2360 3455 frumento,
2430 3377 2493 3433 et
2558 3369 2739 3447 rino,

1175 3486 1240 3544 et
1268 3475 1447 3558 oleo,
1490 3484 1555 3541 et
1583 3474 1763 3564 soetu
1782 3495 2109 3565 pecorum
2150 3482 2214 3540 et
2241 3484 2737 3542 armentorum.

1175 3583 1344 3651 Post
1372 3604 1702 3673 agrorum
1733 3581 2257 3648 seminationem
2287 3590 2351 3648 et
2382 3583 2739 3651 vinearum

1174 3689 1704 3783 plantationem,
1737 3694 1901 3756 tunc
1936 3687 2054 3757 dat
2116 3687 2457 3756 Dominus
2523 3690 2741 3758 benc-

1169 3799 1543 3868 dictionem
1574 3795 2045 3889 posteritatis:
2103 3803 2169 3864 et
2228 3796 2739 3888 sequiturtilio·

1169 3928 1323 3972 rum
1364 3900 1845 3994 multiplicatio
1879 3908 1947 3969 et
1975 3902 2737 3991 jumentorum,scilicet

1167 4011 1513 4080 bonorum
1583 4007 2091 4077 rationabilium
2188 4016 2254 4076 ct
2317 4006 2732 4098 simplicium

1167 4117 1531 4187 conversio
1557 4115 1642 4184 ad
1678 4115 1920 4184 Deum.
1958 4115 2085 4183 lsa.
2125 4137 2206 4191 ιι,
2242 4116 2283 4182 2
2345 4136 2362 4183 :
2395 4115 2735 4185 Benediaei

1168 4224 1493 4309 Abrabae,
1530 4234 1596 4292 et
1626 4222 2095 4314 multiplicari
2134 4245 2313 4289 eum.
2371 4222 2532 4305 Job,
2565 4246 2725 4303 xut,

1174 4337 1297 4405 12:
1333 4333 1681 4404 Dominus
1755 4329 2109 4400 benedaeit
2150 4332 2541 4400 novissimis
2592 4332 2727 4403 lob

1165 4445 1394 4536 maqis
1431 4464 1646 4535 quam
1671 4439 2046 4534 principio.

1259 4791 1297 4830 α
1331 4766 1428 4834 Et
1449 4763 1667 4855 pauci
1691 4762 1868 4852 sacti
1892 4771 2079 4831 sunt.
2115 4788 2151 4826 a
2187 4761 2311 4830 llic
2349 4760 2723 4831 secundum

1166 4872 1374 4965 hujus
1404 4870 1644 4964 partis,
1685 4869 1937 4939 scilicet
1967 4871 2271 4960 ipsorum
2318 4868 2629 4937 liberatio
2686 4891 2727 4936 a

1166 4979 1352 5049 malo
1410 4979 1630 5047 ruinae
1698 4976 1959 5069 templi,
2019 5000 2172 5068 quae
2228 4976 2425 5045 ruina
2454 4983 2599 5044 erat
2627 4974 2725 5044 eis

1162 5087 1361 5182 quasi
1402 5088 1612 5157 etiam
1663 5084 1975 5177 quiedam
2034 5083 2313 5152 infamia
2368 5106 2386 5153 t
2451 5090 2517 5151 et
2579 5092 2726 5152 tan-

1159 5206 1420 5289 guntur
1447 5194 1613 5263 dno.
1665 5193 1925 5277 l‘rimo,
1981 5191 2292 5260 liberatio
2339 5214 2578 5260 eorum
2637 5190 2723 5259 ab

1160 5304 1686 5397 impugnatione
1762 5300 2282 5393 impedientium
2326 5300 2725 5370 aedificatio·

1160 5435 1347 5482 nem.
1386 5410 1733 5488 Secundo,
1793 5407 2209 5501 adjutorium
2238 5407 2308 5475 in
2356 5407 2721 5478 reaedifica-

1157 5521 1374 5602 tione,
1408 5518 1528 5603 ibi,
1571 5525 1637 5595 5.
1673 5518 1751 5586 -Η
1784 5540 1801 5586 :
1846 5542 1882 5584 ι
1915 5518 2011 5586 Et
2039 5514 2341 5606 adjuvit.
2388 5540 2423 5581 ι

1229 5753 1251 5792 ²
1282 5754 1370 5812 Cf.
1404 5749 1682 5824 lsssdroe,
1713 5766 1791 5821 iv,
1821 5756 1878 5809 et
1935 5749 2291 5825 prasertim,
2323 5747 2571 5809 Nebem.
2615 5763 2722 5807 seu

1417 5886 1542 5932 xvn

2873 1314 2968 1380 sic
3000 1322 3415 1380 monstretur
3444 1314 3748 1404 aptitudo
3772 1315 3857 1382 ad
3883 1316 4419 1386 tribulationem.

2875 1418 3212 1498 Secunde,
3251 1422 3520 1488 vexatio
3543 1445 3580 1488 a
3612 1421 3833 1501 maliS,
3871 1421 4035 1507 ibi,«
4062 1426 4157 1491 Et
4194 1426 4425 1492 vexati

2867 1538 3050 1596 sunt.

2960 1633 3136 1702 Dicit
3173 1657 3334 1724 ergo
3381 1659 3396 1703 ε
3444 1634 3556 1703 Sic
3624 1635 3990 1720 redierunt,
4061 1647 4127 1704 et
4184 1636 4421 1704 multi-

2871 1739 3095 1829 plicati
3169 1751 3366 1809 sunt:
3414 1768 3446 1808 α
3491 1753 3554 1809 et
3586 1768 3619 1803 n
3668 1750 3898 1811 tamen
3945 1768 3978 1809 α
4005 1745 4219 1834 pauci
4244 1746 4420 1831 sacti

2865 1857 3049 1926 sunt,
3110 1874 3137 1910 n
3215 1849 3300 1916 ad
3376 1848 3703 1939 templum
3790 1848 4339 1919 ret-edificandum
4397 1875 4412 1919 ε

2867 1956 3063 2024 multi
3095 1958 3277 2025 enim
3299 1966 3683 2049 tepuerunt,
3717 1966 3784 2026 et
3828 1958 3941 2026 alii
3985 1967 4260 2050 propter
4315 1961 4414 2028 la-

2869 2064 3103 2132 borem
3134 2068 3350 2133 aversi
3382 2074 3576 2133 sunt:
3616 2074 3682 2133 et
3711 2088 3885 2156 opus
3914 2075 4059 2134 erat
4105 2068 4360 2158 grande
4392 2091 4407 2135 ε

2870 2198 2903 2239 α
2945 2183 3009 2242 et
3039 2200 3073 2239 a
3128 2175 3224 2242 sic
3274 2202 3306 2236 «
3350 2176 3580 2242 vexati
3629 2184 3791 2241 sum
3853 2199 3898 2243 a
3965 2173 4440 2255 tribulatione,

2866 2284 3213 2352 malorum
3283 2312 3316 2348 n
3350 2283 3735 2362 hominum,
3771 2286 3887 2375 qui
3929 2309 4047 2354 eos
4086 2287 4409 2378 impedie-

2864 2391 3051 2471 bant,
3090 2418 3123 2459 α
3166 2403 3229 2461 et
3259 2394 3495 2461 dolore
3526 2421 3561 2456 ιο
3622 2393 3962 2471 laborum,
4038 2417 4211 2484 quos
4266 2418 4413 2462 sus-

2864 2498 3167 2568 tinebant
3206 2501 3313 2568 die
3339 2524 3416 2567 ac
3456 2510 3675 2569 nocte.
3714 2500 3812 2567 De
3878 2498 4007 2568 hac
4063 2500 4412 2568 contradi-

2862 2611 3085 2678 ctione
3116 2617 3181 2677 et
3224 2610 3582 2678 vexatione
3640 2633 3677 2676 a
3719 2607 4016 2678 Thabeel
4083 2619 4150 2680 et
4189 2609 4409 2679 Sana-

2861 2716 3093 2794 ballat,
3139 2726 3206 2784 et
3226 2717 3377 2785 aliis
3410 2720 3455 2785 ¹.

2952 2827 3409 2919 Spiritualiter
3455 2850 3469 2894 :
3563 2827 4027 2918 Multiplicatis
4092 2828 4409 2897 fidelibus

2860 2943 2926 3005 et
2948 2936 3304 3024 jumentis,
3340 2936 3403 3002 id
3444 2946 3569 3017 est,
3621 2935 4070 3026 simplicibus,
4113 2938 4283 3006 liunt
4321 2940 4409 3007 ci·

2857 3051 2928 3111 to
2956 3044 3152 3134 pauci
3197 3065 3213 3110 :
3268 3044 3425 3133 quia
3464 3042 3550 3111 ad
3606 3042 4077 3112 infidelitatem
4132 3053 4197 3112 et
4246 3068 4409 3135 pra-

2856 3170 2982 3215 vos
3020 3170 3245 3216 mores
3276 3154 3728 3217 revertuntur.
3764 3145 3895 3215 lsa.
3950 3170 4045 3226 nx,
4080 3150 4120 3216 3
4155 3164 4174 3218 ε
4209 3148 4409 3217 ,llut-

2855 3255 3186 3346 tiplicasti
3208 3264 3500 3345 qcmtem,
3543 3280 3677 3323 non
3717 3257 4189 3346 rtaeaqraeificasti
4237 3257 4408 3325 lecti·

2853 3365 3047 3431 tiam.
3096 3364 3234 3432 Nec
3267 3373 3424 3431 sunt
3473 3365 3600 3431 nisi
3642 3365 3865 3455 pauci,
3910 3366 4027 3457 qui
4066 3366 4400 3458 templum

2854 3472 3285 3556 reaediticent‚
3320 3472 3505 3563 quia,
3540 3470 3780 3539 Mattb.
3816 3493 3938 3550 vu,
3989 3474 4067 3540 ¹4
4111 3496 4128 3541 t
4189 3476 4402 3544 Arcto

2851 3580 2962 3647 ria
3010 3589 3130 3661 est,
3181 3603 3335 3672 quw
3382 3579 3571 3647 ducit
3608 3579 3707 3647 ad
3750 3581 3990 3658 vitam,
4087 3591 4150 3649 et
4186 3584 4403 3673 pauci

2843 3697 3007 3756 sunt
3091 3688 3217 3780 qui
3281 3688 3636 3755 inveniunt
3681 3710 3862 3755 eam.
3916 3687 4023 3768 Et,
4085 3687 4392 3759 ibidem:

2850 3799 3072 3882 Quam
3104 3805 3403 3885 anqusta
3432 3803 3534 3863 est
3555 3805 3788 3887 porta,
3821 3803 3888 3864 et
3910 3797 4108 3888 pauci
4140 3798 4397 3868 intrant

2842 3931 2963 3999 per
2991 3907 3183 3974 eam!
3229 3904 3311 3973 lit
3343 3904 3435 3973 illi
3494 3906 3688 3996 pauci
3724 3904 4138 3974 tribulantur
4174 3931 4214 3974 a
4243 3931 4397 3976 ma-

2842 4013 2948 4092 lis,
2982 4020 3049 4081 et
3103 4019 3463 4080 vexantur.
3525 4011 3584 4079 ll
3634 4012 3721 4080 ad
3771 4011 4073 4082 Timoth.
4116 4037 4211 4099 ιιι,
4261 4018 4383 4082 ¹2:

2843 4126 3089 4191 Omnes
3115 4122 3241 4213 qui
3258 4124 3376 4213 pie
3413 4121 3651 4188 volunt
3689 4124 3910 4189 vivere
3974 4124 4045 4191 in
4117 4124 4388 4193 Christo

2833 4232 3024 4309 lesu,
3050 4228 3585 4321 persecutionem
3617 4232 4023 4318 patiuntur.

2928 4574 2962 4612 α
2986 4548 3237 4639 Effusa
3264 4557 3362 4614 est
3398 4549 3831 4640 contemptio.
3866 4575 3899 4610 ι
3933 4549 4058 4619 llic
4084 4553 4388 4643 tangitur

2834 4655 3175 4724 bonorum
3205 4653 3542 4732 liberatio,
3584 4677 3707 4745 per
3733 4656 4385 4749 contemplationem

2835 4759 3203 4842 malorum,
3236 4768 3303 4829 et
3341 4760 3747 4831 divisionem
3779 4762 3867 4830 ab
3909 4763 4206 4833 invicem
4240 4786 4258 4832 :
4317 4773 4385 4834 et

2836 4868 3155 4939 dicuntur
3190 4867 3355 4939 duo.
3415 4868 3677 4950 Primo,
3731 4869 4073 4940 malorum
4120 4872 4390 4944 dissen-

2837 4982 2956 5048 tio.
3021 4975 3366 5057 Secundo,
3426 5000 3617 5046 error
3680 4985 3745 5045 et
3809 4979 4092 5047 amissio
4158 4981 4386 5050 omnis

2833 5085 3125 5166 consilii,
3194 5095 3432 5156 contra
3486 5086 3731 5168 bonos,
3768 5088 3885 5165 ibi,
3949 5114 3985 5156 ι
4028 5091 4123 5159 Et
4160 5113 4391 5159 errare

2830 5197 3018 5287 lecit.
3065 5220 3100 5261 a

2923 5303 3100 5375 Dicit
3123 5326 3331 5397 ergo:
3379 5302 3493 5372 Sic
3529 5301 3835 5372 tribulati
3893 5314 4079 5393 sunt,
4142 5314 4211 5376 et
4259 5330 4392 5376 vc·-

2830 5414 3018 5482 xati:
3061 5419 3130 5481 et
3164 5420 3331 5481 tunc
3380 5438 3416 5475 ιι
3445 5412 3667 5503 effusa
3693 5423 3791 5481 est
3824 5438 3859 5479 ι
3918 5414 4110 5503 (nota
4162 5413 4392 5484 abun-

2834 5521 3163 5610 dantiam)
3194 5546 3230 5588 a
3261 5542 3468 5611 super
3481 5521 3836 5616 principes
3870 5549 3904 5588 n
3956 5522 4089 5593 illis
4135 5522 4390 5594 adver-

2829 5748 2882 5806 11
2914 5746 3136 5820 Esdrm,
3168 5762 3224 5804 ιν
3253 5750 3314 5803 et
3342 5760 3469 5819 seq.

4040 5868 4076 5923 ⁹

4516 4563 4648 4632 40
