5008 6329
2344 413 3051 485 COMMENTARIUS
3104 413 3193 480 IN
3243 415 3681 485 PSALMUM
3735 416 3912 485 CIV.
4654 418 4737 485 57

1540 583 1905 653 ineffabilia
1949 596 2131 670 sunt,
2181 590 2598 679 praeponitur
2633 587 2871 656 titulus
2914 585 3075 652 huic
3181 587 3432 667 vident,
3470 597 3595 656 etc.
3643 588 3732 657 Et
3778 591 3847 656 in
3885 598 4297 678 conspectus
4321 587 4493 676 ejuS,
4530 594 4733 652 tantae

1076 708 1511 809 esff-mffn-
1538 694 1837 774 Psalm0,
1887 722 1919 761 α
1959 696 2298 778 Alleluia,
2347 725 2378 763 »
2442 697 2627 789 qnod
2678 699 3076 783 interpreta—
3178 695 3428 764 scilicet
3470 697 4029 786 pulchritudiniS,
4088 720 4229 764 non
4270 703 4562 785 possunt
4602 717 4738 761 non

1157 817 1463 870 aeneum
1540 810 1645 869 tur
1690 802 2067 871 secundum
2135 803 2642 881 Cassiodorum,
2706 827 2740 867 α
2773 800 3070 868 Laudate
3175 803 3477 883 laudare,
3514 827 3638 873 nec
3676 805 3878 873 silere
3919 804 4216 871 alaude.
4256 801 4538 892 Apocal.
4588 825 4729 879 xiv,

1539 909 1998 978 invisibilem:
2063 940 2095 974 »
2174 913 2332 1004 quia
2395 911 2679 978 laalelou
2737 908 2912 977 idem
2972 915 3074 975 est

1537 1017 1720 1108 quod
1752 1018 2060 1105 laudate,
2096 1021 2236 1103 iah,
2293 1018 2686 1088 invisibilis.
2759 1017 3071 1108 Dicitque

1536 1126 2002 1207 Cassiodorus,
2053 1128 2237 1219 quod
2269 1156 2303 1190 α
2341 1135 2441 1194 est
2470 1147 2743 1193 carmen
2780 1125 3072 1215 Angeli-

1537 1260 1568 1299 ι
1602 1258 1781 1313 cum,
1853 1247 1921 1305 et
1984 1260 2023 1304 a
2079 1235 2267 1304 nullo
2341 1237 2786 1324 interpretum
2843 1242 3070 1300 muta-

1536 1370 1570 1407 «
1612 1352 1783 1411 tum.
1831 1373 1861 1405 ο

1617 1445 1910 1516 Carmen
1963 1469 2125 1513 vero
2190 1445 2597 1536 Angelicum
2627 1446 2757 1514 dici
2789 1454 3010 1536 potest
3047 1468 3062 1513 ε

1529 1553 1689 1642 quia
1717 1551 1773 1617 si
1806 1552 2149 1617 immunes
2178 1573 2218 1616 a
2257 1558 2531 1640 peccato
2562 1550 2810 1618 debent
2836 1548 3068 1617 lauda-

1529 1681 1598 1726 re
1635 1656 1879 1734 Deum,
1912 1656 2116 1724 Eccli.
2152 1679 2266 1739 xv,
2308 1659 2390 1724 9:
2461 1658 2616 1724 Non
2644 1666 2739 1724 est
2767 1657 3065 1748 speciosa

1530 1759 1687 1827 laus
1719 1761 1790 1826 in
1819 1782 1934 1827 ore
1954 1761 2328 1850 peccatoris
2350 1782 2372 1825 :
2406 1758 2506 1827 illi
2542 1758 2925 1848 specialiter
2951 1758 3066 1849 qui

1531 1872 1814 1939 omnino
1855 1870 2005 1961 puri
2059 1869 2400 1938 elmundi
2457 1876 2620 1937 sunt
2670 1891 2710 1936 a
2753 1875 3060 1959 peccato,

1527 1978 1785 2049 scilicet
1818 1981 2093 2071 Angeli.
2142 1979 2380 2047 Dicant
2408 2000 2572 2070 ergo
2615 1977 2739 2069 ipsi
2792 1973 3062 2067 speciali

1528 2085 1886 2178 privilegio
1930 2108 1945 2153 ε
2011 2085 2351 2155 Alleluia.
2445 2084 2641 2163 Item,
2710 2106 2911 2151 suum
2964 2089 3067 2151 est

1523 2201 1802 2284 propter
1830 2193 2049 2261 laudis
2070 2193 2465 2262 exercitium
2486 2200 2551 2260 et
2582 2191 3058 2285 frequentiam.

1527 2300 1598 2369 Si
1637 2303 1822 2372 enim
1854 2300 2064 2371 homo
2104 2304 2295 2394 quasi
2342 2301 2426 2371 ad
2464 2310 2737 2393 tempus
2785 2300 3059 2369 laudat:

1523 2409 1641 2477 sed
1696 2407 1795 2478 illi
1837 2431 1979 2478 non
2022 2416 2312 2478 cessant.
2356 2408 2638 2499 Apocal.
2675 2431 2769 2490 iv,
2798 2409 2840 2478 8
2875 2430 2891 2475 :
2927 2409 3064 2477 Re-

1521 2518 1749 2609 quiem
1792 2541 1928 2586 non
1964 2516 2304 2586 habebant
2340 2518 2453 2586 die
2498 2541 2578 2584 ac
2606 2527 2796 2586 nocte
2831 2518 3065 2586 dicen-

1520 2625 1661 2691 tia:
1688 2628 2010 2705 Sanctus,
2044 2627 2360 2709 Sanctus-⁸,
2393 2632 2520 2694 etc.
2554 2623 2842 2692 Cantent
2868 2648 3057 2717 ergo,

1521 2733 1636 2823 qui
1665 2740 1936 2801 cantare
1956 2740 2454 2801 consueverunt
2481 2732 2822 2801 Alleluia.
2859 2732 3055 2818 Item,

1519 2862 1723 2908 suum
1762 2848 1864 2909 est
1903 2850 2177 2933 propter
2201 2843 2596 2910 continuam
2636 2840 2761 2909 Dei
2791 2840 3060 2910 fruitio-

1520 2969 1680 3016 nem
1729 2957 1796 3016 et
1868 2957 2292 3041 perpetuam,
2343 2972 2477 3041 qua
2543 2949 2924 3019 excitantur
2972 2953 3058 3021 ad

1516 3051 1789 3125 leudem
1848 3065 1923 3124 ut
1990 3079 2128 3126 non
2168 3059 2431 3149 possint
2522 3081 2662 3127 non
2751 3058 3050 3129 laudare.

1516 3162 1758 3234 Matth.
1820 3188 2013 3249 xvui,
2053 3168 2173 3234 10:
2240 3168 2492 3258 Anqeli
2529 3190 2765 3238 eorum
2789 3191 3053 3259 semper

1508 3440 1733 3493 versets
1777 3435 2042 3492 forment
2088 3433 2147 3493 le
2204 3434 2389 3493 debut
2450 3436 2529 3493 du
2588 3438 2868 3510 cautique
2925 3439 3050 3511 qui,

1507 3525 1745 3601 d'spres
1767 3524 2021 3584 l'suteur
2037 3525 2119 3583 du
2151 3527 2390 3584 ¹⁸·livre
2417 3525 2525 3584 des
2544 3527 3048 3601 Paralipomenon,

1505 3633 1619 3684 xvi,
1651 3620 1709 3684 7,
1732 3623 1869 3678 ete..
1925 3616 2015 3673 sut
2041 3616 2255 3674 cliente
2310 3618 2346 3675 a
2400 3616 2718 3675 l'occnsion
2748 3618 2826 3675 du
2858 3626 3048 3676 tram·

1512 3710 1649 3782 port
1679 3706 1754 3763 de
1783 3705 2003 3763 l'nrelie
2031 3707 2066 3763 a
2093 3705 2257 3764 Sion.
2292 3708 2365 3764 Le
2394 3723 2642 3781 psaume
2668 3715 2761 3765 est
2788 3709 2944 3767 donc
2973 3727 3050 3767 au

1505 3798 1705 3854 moins
1732 3798 2184 3870 contemporain
2213 3796 2287 3854 de
2317 3805 2410 3854 cet
2437 3798 2812 3866 evi-nement,
2841 3817 2942 3857 car
2960 3800 3048 3858 les

1503 3893 1748 3944 auteurs
1774 3893 2139 3962 protestants
2168 3903 2246 3943 ou
2276 3887 2678 3944 rationalistes
2707 3889 2808 3962 qui
2839 3889 3048 3947 l'attri-

1505 3977 1691 4035 buent
1719 3978 1757 4035 ὁ
1810 3976 2085 4052 l'epoque
2114 3978 2480 4053 posterieure
2508 3980 2543 4036 ὁ
2574 3979 2631 4036 ln
2660 3982 2957 4055 captivit-⁴.
2988 3988 3047 4039 et

1503 4074 1837 4142 supposent
1888 4084 2006 4141 que
2060 4068 2118 4125 le
2168 4068 2594 4142 chroniqueur,
2623 4086 2699 4127 en
2737 4070 3047 4129 l'insersnt

1502 4154 1657 4213 daus
1687 4155 1977 4214 l‘histoire
2005 4156 2079 4214 de
2107 4157 2311 4224 David,
2359 4158 2437 4215 l'n
2479 4159 2746 4217 antidoto
2775 4160 2849 4217 de
2908 4160 3043 4234 plu·

1502 4244 1696 4302 sieurs
1722 4246 2032 4302 centaines
2060 4245 2366 4314 d'annees,
2398 4262 2474 4303 ne
2503 4247 2777 4305 donuent
2813 4266 3044 4307 aucune

1501 4332 1703 4391 raison
1746 4349 1900 4408 pour
1932 4348 2199 4407 appuyer
2226 4332 2358 4390 leur
2398 4335 2745 4393 sentiment.
2778 4337 2930 4395 Leur
2956 4337 3046 4394 al-

1506 4424 1809 4481 ssrmstion
1864 4438 1939 4478 ne
2001 4423 2225 4479 saursit
2283 4423 2435 4480 done
2483 4425 2782 4499 prevaloir
2835 4432 3042 4484 contre

1499 4511 1653 4570 celle
1681 4511 1758 4569 de
1786 4511 2079 4569 t'nistoire
2126 4514 2352 4571 seeree.
2403 4513 2562 4570 Dans
2610 4514 2700 4571 les
2737 4516 3043 4589 Paralipo-

1497 4604 1732 4671 menes,
1762 4602 1823 4661 le
1848 4603 2039 4660 {orme
2062 4603 2426 4662 exhortetive
2446 4605 2749 4679 rempleee
2769 4605 2828 4663 la
2854 4605 3044 4664 forme

1494 4694 1794 4752 narrative
1843 4691 1924 4751 du
1975 4694 2444 4767 pseume3ainsi
2497 4717 2522 4749 ι
2556 4696 2979 4765 recordemini,
3013 4721 3037 4749 ι

1493 4782 1547 4853 5.
1586 4785 1652 4839 ¹5
1677 4787 1771 4838 est
1800 4781 1915 4838 mis
1942 4797 2017 4838 au
2074 4780 2195 4839 lieu
2227 4782 2301 4839 de
2350 4807 2378 4833 ιι
2417 4800 2648 4841 memor
2673 4785 2805 4849 t'uit.
2842 4809 2870 4834 ι
2903 4786 2955 4854 5.
2983 4789 3036 4841 8-

1491 4870 1654 4928 Cette
1711 4867 1928 4942 simple
2003 4868 2405 4928 modification
2477 4872 2727 4947 indique
2763 4873 2942 4948 qu'on
3007 4892 3043 4933 s

1493 4961 1672 5019 vonlu
1727 4958 1974 5034 adaptet
1998 4958 2057 5016 le
2095 4958 2279 5017 debut
2320 4960 2403 5020 du
2444 4980 2694 5038 psaume
2751 4965 2787 5023 li
2836 4965 2893 5024 la
2923 4967 3043 5025 eir·

1494 5058 1842 5115 constenee,
1891 5052 1954 5105 et
1997 5047 2179 5122 qu'on
2224 5050 2366 5108 s'est
2418 5055 2615 5112 art-ete
2672 5070 2748 5112 au
2775 5057 2830 5115 t.
2866 5060 2931 5115 lo
2963 5063 3040 5114 ou

1497 5138 1885 5215 l'sdsptation
1913 5136 2189 5195 detenuit
2209 5138 2577 5212 impossible.
2602 5144 2690 5202 Du
2720 5154 2876 5204 resto
2901 5146 3044 5206 l'en-

1498 5234 1625 5288 tree
1681 5226 2015 5286 solennelle
2058 5226 2132 5284 de
2179 5226 2397 5286 l'erche
2452 5230 2488 5287 a
2540 5233 2868 5293 Jerusalem
2897 5241 3044 5298 etait

1497 5336 1732 5378 comme
1778 5335 1898 5378 une
1944 5316 2219 5376 nouvelle
2264 5319 2424 5393 prise
2470 5321 2545 5376 de
2582 5328 2927 5397 possession
2960 5330 3039 5390 du

1499 5400 1798 5468 territoire
1826 5409 1901 5467 de
1929 5410 2229 5478 Chanann,
2269 5416 2330 5467 et
2357 5410 2415 5469 le
2466 5412 2754 5489 seigneur
2805 5425 3044 5494 prennit

1497 5499 1651 5558 ainsi
1703 5496 2157 5558 omeiellement
2212 5500 2270 5559 la
2319 5501 2488 5577 place
2534 5503 2641 5563 des
2690 5508 3039 5588 sebnseens,

1498 5591 1545 5650 n
1575 5593 1717 5667 neg.
1746 5605 1804 5656 v.
1834 5595 1889 5659 7.
1921 5590 2191 5652 derniers
2218 5600 2408 5654 restes
2437 5595 2544 5655 des
2569 5602 2897 5676 peuplsdes
2924 5625 3041 5681 que

1494 5684 1672 5744 Josue
1699 5682 1860 5742 emit
1889 5683 2158 5742 trouvees
2202 5685 2353 5745 dans
2398 5687 2458 5747 le
2489 5696 2647 5748 terre
2677 5697 2959 5768 promise.
2992 5705 3038 5763 ΙΙ

1497 5774 1814 5836 conventit
1858 5772 2015 5833 done
2060 5772 2137 5833 de
2179 5775 2430 5838 clienter
2468 5797 2544 5839 en
2591 5789 2747 5844 cette
2774 5786 3041 5852 circons-

3178 914 3257 977 3:
3325 912 3719 980 Cantabant
3794 913 3999 1003 quasi
4060 912 4405 978 canticum
4480 932 4732 976 novum

3174 1027 3331 1084 ante
3365 1017 3615 1094 sedem,
3677 1019 3807 1086 Dei
3867 1017 4128 1086 scilicet
4183 1025 4250 1084 et
4304 1015 4510 1107 Agni.
4552 1014 4732 1082 Talis

3172 1148 3334 1215 ergo
3362 1125 3593 1192 titulus
3615 1126 3920 1193 insinuat
3968 1136 4037 1193 et
4059 1124 4317 1191 Psalmi
4345 1122 4729 1201 materiam,

3174 1236 3334 1325 quia
3363 1234 3445 1301 de
3477 1234 3674 1302 laude
3731 1234 3859 1302 Dei
3902 1235 4070 1326 agit,
4125 1242 4192 1302 et
4229 1233 4478 1301 actoris
4520 1233 4736 1299 inten-

3172 1345 3457 1417 tionem,
3502 1342 3660 1429 quia
3694 1362 3972 1416 movere
4013 1362 4140 1408 nos
4170 1338 4460 1406 intendit
4489 1338 4572 1405 ad
4607 1335 4734 1404 Dei

3169 1446 3468 1514 laudenn

3259 1640 3603 1707 Dividitur
3639 1647 3872 1707 autem
3905 1638 4228 1707 Psalmus
4270 1640 4338 1704 in
4370 1637 4538 1705 duas
4585 1659 4738 1728 par-

3170 1759 3290 1818 tes,
3342 1752 3600 1828 Primo,
3655 1751 3899 1818 invitat
3942 1751 4027 1817 ad
4102 1749 4221 1818 Dei
4263 1749 4562 1817 laudem.
4602 1748 4734 1816 Se-

3155 1860 3418 1940 cunde,
3436 1858 3663 1926 subdit
3687 1857 4009 1927 laudendi
4036 1858 4399 1935 rationem,
4427 1857 4546 1936 ibi,
4567 1864 4629 1934 5.
4649 1857 4687 1921 “1
4711 1879 4727 1922 ε

3172 1996 3204 2030 «
3238 1968 3390 2057 Ipse
3414 1969 3777 2035 Dominus.
3819 1994 3851 2027 ι)

3259 2072 3332 2140 In
3355 2074 3577 2165 prima
3615 2072 3774 2141 duo.
3826 2071 4091 2150 Primo,
4136 2072 4380 2138 invitat
4434 2069 4519 2137 ad
4571 2069 4725 2137 lau-

3167 2179 3321 2248 dem
3355 2178 3477 2247 nei
3529 2180 3968 2248 exteriorem.
4027 2177 4371 2256 Secundo,
4434 2176 4517 2245 ad
4558 2177 4729 2245 inte-

3167 2295 3443 2377 riorem,
3484 2292 3601 2375 ibi,
3645 2294 3714 2360 in
3741 2291 3971 2360 medio
4001 2299 4066 2368 5.
4101 2291 4140 2359 3
4168 2314 4183 2358 2
4216 2317 4250 2353 α
4284 2292 4583 2358 Laetetur
4609 2310 4727 2355 cor

3165 2425 3416 2470 meum.
3464 2427 3499 2464 »

3254 2508 3329 2576 ln
3372 2510 3593 2600 prima
3622 2507 3777 2574 tria.
3822 2503 4091 2583 Prim0,
4145 2503 4390 2570 invitat
4430 2500 4514 2568 ad
4571 2500 4729 2568 lau-

3165 2621 3319 2690 dem
3363 2621 3483 2688 Dei
3525 2618 3963 2688 exteriorem.
4018 2614 4365 2693 Secundo,
4409 2611 4728 2681 determi-

3164 2737 3280 2796 nat
3345 2727 3628 2796 modum
3689 2748 3828 2817 quo
3899 2721 4282 2790 laudandus
4323 2729 4450 2804 est,
4493 2720 4611 2801 ibi,
4657 2719 4724 2785 in

3163 2839 3388 2907 medio
3415 2846 3478 2915 ἵ.
3516 2842 3554 2905 2
3592 2860 3607 2905 :
3681 2861 3715 2902 ι
3758 2836 4064 2905 Narrate
4093 2835 4352 2901 omnia.
4401 2858 4436 2895 n
4467 2831 4719 2908 Tertio,

3162 2970 3372 3040 quare
3448 2945 3858 3028 laudandus,
3922 2943 4042 3022 ibi,
4102 2950 4166 3020 ὴ.
4228 2943 4267 3010 3
4300 2965 4315 3009 :
4363 2965 4395 3005 s
4439 2940 4728 3009 Lauda-

3159 3056 3356 3123 mt‘m'.
3396 3081 3431 3121 s

3248 3164 3324 3232 ln
3350 3166 3571 3257 prima
3601 3159 3763 3231 duo.
3790 3158 4057 3243 Primo,
4079 3166 4315 3227 monet
4343 3155 4429 3225 ad
4448 3153 4721 3224 laudem

3155 3455 3327 3505 tanes
3378 3444 3712 3503 solennelle
3770 3458 3853 3499 un
3908 3439 4199 3513 sentique
4256 3437 4360 3511 qui
4416 3433 4716 3508 rappelsit

3156 3539 3327 3596 l'ncte
3356 3538 3431 3593 de
3460 3535 3759 3592 donation
3788 3531 3864 3589 de
3891 3530 4138 3596 sehon,
4163 3529 4219 3599 ᾗ.
4255 3531 4343 3584 tt.

3226 3631 3306 3687 La
3334 3628 3549 3685 liaison
3606 3632 3669 3682 et
3716 3623 3778 3680 ln
3829 3622 3988 3679 suite
4045 3619 4155 3676 des
4211 3617 4376 3673 idees
4432 3622 4600 3671 entre
4629 3613 4720 3673 les

3152 3720 3367 3793 quiuze
3397 3717 3689 3791 premiers
3721 3716 3950 3769 versets
3982 3716 4044 3766 et
4081 3708 4138 3766 le
4168 3711 4327 3764 reste
4356 3703 4436 3762 du
4468 3720 4720 3779 psaume

3153 3815 3243 3866 est
3267 3807 3316 3865 si
3345 3803 3686 3876 manifeste,
3716 3802 3900 3876 qu’on
3956 3814 4036 3856 ne
4089 3803 4235 3872 peut
4290 3794 4471 3868 gnere
4503 3792 4721 3851 donter

3152 3915 3267 3972 que
3290 3896 3347 3954 le
3378 3902 3536 3953 texte
3560 3894 3644 3952 du
3673 3890 3945 3968 psautier
3970 3904 4049 3947 ne
4078 3886 4197 3944 soit
4218 3883 4523 3943 enterieur
4550 3883 4586 3940 a
4613 3898 4714 3940 ee·

3149 3989 3233 4049 lui
3290 3986 3398 4045 des
3455 3982 3972 4058 Pmlipomenes.
4032 3977 4312 4036 L'euteur
4357 3974 4514 4032 n'est
4541 3973 4714 4047 point

3148 4095 3368 4138 eonnu.
3403 4079 3477 4135 Le
3528 4075 3676 4132 livre
3723 4072 4064 4145 historique
4093 4069 4183 4127 dit
4224 4065 4561 4124 seulement
4589 4081 4708 4138 que

3149 4168 3328 4229 lus-id
3385 4168 3641 4242 preposa
3700 4162 3899 4235 Asapli
3951 4166 4014 4217 et
4043 4175 4141 4216 ses
4171 4156 4363 4214 freres
4393 4154 4428 4211 a
4453 4153 4713 4210 l'execu-

3151 4262 3274 4317 tion
3304 4257 3412 4315 des
3440 4254 3757 4327 cautiques
3778 4251 4020 4316 sacrem
4052 4246 4207 4305 mais
4237 4245 4369 4303 rien
4400 4242 4711 4317 n'indique

3148 4365 3264 4423 que
3292 4361 3362 4404 ce
3390 4341 3492 4418 qui
3524 4342 3645 4399 suit
3667 4340 3787 4399 soit
3815 4337 3890 4396 de
3915 4333 4100 4396 nsvid
4128 4351 4209 4393 ou
4233 4331 4495 4407 d'Assph
4513 4331 4712 4407 plutot

3147 4455 3264 4515 que
3292 4435 3434 4495 d'un
3464 4440 3656 4493 outre.

3218 4532 3294 4588 Le
3323 4527 3637 4602 psalmisto
3657 4528 3894 4582 retrsee
3923 4523 3961 4579 ὁ
3978 4518 4210 4596 grands
4229 4518 4403 4576 treits
4419 4515 4712 4575 l’histoire

3144 4622 3225 4679 du
3257 4618 3471 4694 penple
3502 4615 3727 4674 liebreu
3749 4611 3998 4688 Jusqu'a
4027 4610 4278 4667 l’entree
4298 4608 4449 4664 dans
4468 4606 4525 4663 ln
4553 4612 4710 4662 terre

3147 4712 3450 4788 promise;
3499 4710 3546 4766 il
3586 4713 3825 4765 montre
3876 4722 3991 4779 par
4018 4703 4076 4760 la
4103 4697 4713 4772 l'nccomplissement

3145 4803 3221 4860 de
3250 4802 3309 4860 la
3337 4813 3646 4876 promesse
3703 4793 3989 4869 rappelee
4026 4808 4103 4849 au
4135 4791 4190 4861 5.
4227 4793 4314 4844 tt.
4368 4786 4486 4843 Son
4516 4784 4712 4842 canti-

3146 4908 3263 4967 que
3292 4885 3619 4948 ressemble
3650 4883 3810 4942 donc
3840 4883 3878 4940 a
3904 4881 3945 4938 l'
3975 4904 4005 4931 «e
4041 4879 4330 4937 Attendite
4363 4899 4391 4925 ι·
4423 4874 4708 4948 d’Asapli,

3145 4982 3304 5041 Psal.
3333 4994 3555 5042 nxxvu:
3587 4974 3928 5033 seulement
3946 4970 4005 5030 le
4036 4970 4209 5045 point
4230 4967 4306 5024 de
4334 4983 4448 5024 rue
4476 4963 4583 5022 des
4602 4980 4709 5023 eu·

3147 5079 3310 5131 teurs
3339 5075 3433 5127 est
3450 5066 3754 5125 different.
3786 5062 3992 5135 Δεινὴ
4042 5057 4378 5133 s’eppliqne
4425 5056 4463 5113 lt
4490 5060 4707 5113 mettre

3145 5181 3223 5222 en
3243 5159 3421 5219 relies
3445 5159 3504 5217 la
3533 5152 3907 5231 perpetuelle
3944 5146 4313 5221 ingratitudo
4341 5147 4422 5204 du
4445 5143 4661 5219 peuple
4686 5159 4703 5212 3

3146 5255 3222 5314 ici
3273 5268 3352 5310 au
3408 5246 3707 5308 contraire
3765 5242 3825 5301 le
3871 5240 4187 5316 psalmiste
4234 5255 4313 5297 ne
4355 5253 4540 5311 songe
4564 5233 4704 5309 qu'll

3146 5341 3426 5420 rappeler
3449 5353 3592 5396 avec
3640 5330 4150 5393 reconnaissance
4179 5327 4269 5385 les
4310 5323 4595 5383 bienl'aits
4622 5321 4704 5380 du

3146 5436 3455 5509 seigneur.
3478 5428 3554 5485 Le
3587 5439 3838 5500 psaume
3868 5421 4065 5478 forme
4096 5416 4257 5478 aussi
4296 5432 4417 5474 une
4446 5419 4607 5472 sorte
4630 5414 4706 5472 de

3149 5521 3382 5595 trilogie
3407 5532 3547 5576 avc-e
3574 5512 3664 5572 les
3694 5512 3850 5569 deux
3881 5506 4264 5584 precedente,
4286 5510 4348 5564 et
4366 5504 4427 5561 ln
4453 5503 4704 5575 lousnge

3149 5616 3227 5673 du
3283 5612 3571 5684 Seigneur
3612 5606 3706 5662 est
3733 5603 4091 5675 empruntee
4137 5589 4704 5655 successivement&

3148 5702 3366 5765 l’ordre
3395 5696 3470 5755 de
3499 5696 3557 5754 la
3580 5692 3780 5769 grace,
3811 5692 3847 5749 a
3875 5689 4099 5749 l’ordre
4130 5688 4206 5745 de
4235 5687 4293 5745 lo
4323 5689 4540 5743 nature
4579 5685 4640 5736 et
4667 5677 4705 5737 a

3146 5792 3456 5857 l'histoire.
