5008 6329
681 268 812 338 484

680 439 834 528 ejus
852 464 984 508 non
1005 437 1472 507 consideratis.
1502 435 1600 504 De
1620 434 1895 526 quibus,
1922 433 2228 524 Sapient.

677 571 820 626 vm,
872 549 949 616 18
994 569 1008 613 :
1045 548 1127 613 In
1157 546 1476 637 operibus
1504 567 1844 613 manuum
1874 544 2077 612 illius
2105 544 2233 611 Ιιο-

675 666 898 723 nestas
959 656 1105 732 sine
1187 656 1583 745 desectione.
1674 653 1857 721 Psal.
1928 676 2062 729 xci,
2125 654 2163 719 5
2207 670 2222 718 t

674 763 1043 829 Delectasti
1072 785 1199 841 me,
1257 765 1576 842 Domine,
1631 763 1700 829 in
1755 764 2041 851 factura
2080 770 2225 824 tua.

673 868 880 937 Eccli.
924 894 1082 955 xm,
1130 873 1209 939 15
1247 894 1261 937 :
1297 875 1563 938 Memor
1608 891 1721 935 ero
1761 888 2041 957 operum
2081 868 2229 931 Do-

672 979 867 1046 mini.
922 979 1006 1048 Et
1045 979 1314 1070 Moyses
1373 978 1560 1055 dicit,
1604 975 1885 1042 Denter.
1946 996 2044 1050 x1,
2084 973 2162 1039 19
2207 992 2223 1040 2

671 1091 921 1157 Docete
951 1088 1140 1178 filios
1179 1095 1430 1153 vestros
1477 1093 1556 1151 ut
1612 1083 1746 1171 illa
1785 1083 2224 1150 meditentur.

679 1196 886 1263 Valde
916 1196 1097 1261 enim
1137 1193 1317 1260 bona
1347 1199 1530 1260 sunt.
1567 1190 1814 1259 GeneS.
1849 1214 1894 1265 1,
1933 1192 2009 1259 31
2051 1211 2067 1259 ε
2130 1191 2231 1258 Vi·

671 1302 777 1368 dit
816 1303 998 1369 Deus
1059 1310 1301 1367 cuncta
1367 1321 1520 1390 quoe
1571 1300 1831 1389 fecerat
1868 1322 1894 1368 .·
1933 1308 1996 1367 et
2034 1307 2230 1365 erant

672 1408 875 1476 valde
922 1408 1120 1476 bona.
1187 1407 1387 1476 Ducit
1450 1408 1634 1476 enim
1683 1406 1838 1475 talis
1876 1407 2226 1474 meditatio

671 1516 756 1584 ad
794 1517 1255 1607 cognitionem
1294 1516 1444 1591 Dei,
1509 1537 1662 1605 quae
1722 1523 1825 1582 est
1877 1513 2079 1582 valde
2105 1512 2227 1580 de-

669 1614 1021 1683 lectabilis,
1058 1614 1361 1705 Sapient.
1396 1636 1539 1691 xm,
1575 1615 1615 1682 5
1651 1634 1667 1681 ε
1701 1615 1759 1682 Α
1791 1611 2229 1703 maqnitudi-

671 1745 755 1790 ne
778 1723 1022 1813 speciei
1048 1732 1111 1789 et
1139 1731 1468 1788 creaturae
1485 1720 2036 1811 coqnoscibiliter
2067 1730 2222 1812 pot-

672 1830 801 1896 erit
835 1839 1099 1896 creator
1124 1829 1373 1895 horum
1412 1827 1653 1895 videri.
1688 1826 1798 1895 Ad
1830 1826 2119 1896 Roman.
2174 1851 2222 1908 1,

671 1941 756 2008 20
791 1960 806 2006 :
834 1938 1223 2008 Invisibilia
1254 1939 1493 2030 ipsius,
1519 1937 1773 2006 scilicet
1801 1937 1948 2018 Dei,
1974 1961 2018 2005 a
2046 1961 2229 2007 crea-

669 2056 830 2114 tura
850 2045 1117 2123 mundi,
1141 2068 1268 2136 per
1295 2068 1374 2113 ea
1403 2067 1557 2136 quae
1582 2047 1777 2135 sacta
1803 2055 1991 2128 sunt,
2018 2045 2226 2112 inlel-

671 2154 870 2236 lecta,
903 2154 1414 2245 conspiciuntur
1451 2176 1475 2220 .·
1501 2154 1916 2244 sempiterna
1953 2174 2225 2245 quoque

668 2260 826 2351 ejus
859 2264 1076 2340 virtus
1103 2271 1167 2328 et
1195 2261 1549 2328 divinitas.

761 2619 797 2660 ι
829 2592 1163 2685 Expandi
1192 2615 1462 2660 manus.
1493 2616 1526 2657 ι
1563 2590 1690 2659 Hic
1727 2589 2026 2658 secunda
2063 2611 2220 2679 pars

668 2700 905 2792 primae
940 2700 1149 2790 partis
1205 2700 1415 2766 totius
1445 2696 1729 2777 Psalmi,
1764 2697 1834 2765 in
1887 2719 2024 2787 qua
2053 2697 2220 2787 petit

665 2807 794 2876 sibi
856 2807 1143 2876 conferri
1202 2804 1406 2885 bona,
1456 2814 1523 2874 et
1568 2804 1748 2871 mala
1795 2802 2094 2871 auferri:
2155 2812 2220 2871 et

665 2913 984 2984 dicuntur
1010 2914 1171 2983 duo.
1236 2913 1496 2992 Primo,
1540 2912 1825 2980 modum
1883 2912 2122 2980 orandi
2155 2921 2219 2980 et

666 3022 867 3090 dandi
889 3020 1315 3090 determinat.
1355 3019 1699 3100 Secundo,
1733 3020 2079 3112 specificat
2109 3043 2222 3110 pe·

666 3131 892 3210 titum,
945 3129 1061 3208 ibi,
1117 3129 1186 3197 in
1235 3126 1464 3196 medio
1507 3136 1571 3205 5.
1626 3129 1720 3196 7:
1778 3153 1811 3195 e
1846 3129 2002 3199 Non
2034 3151 2221 3197 aver·

668 3246 799 3306 tas.
856 3261 889 3302 a
1405 3220 1408 3228 ⁸

756 3345 833 3413 In
866 3346 1083 3436 prima
1120 3343 1283 3413 duo.
1336 3343 1597 3422 Primo,
1658 3343 1941 3411 modum
1985 3344 2222 3413 orandi

673 3454 1100 3524 determinat.
1184 3452 1524 3527 Secundo,
1579 3452 1781 3521 dandi
1852 3453 2036 3546 quod
2093 3477 2222 3545 po-

668 3561 899 3642 stulat,
942 3561 1061 3643 ibi,
1101 3569 1167 3638 5.
1201 3562 1240 3628 ‘1
1276 3585 1291 3630 ε
1329 3588 1365 3624 ι
1423 3561 1746 3628 Velociter
1774 3564 2055 3630 exaudi.
2087 3565 2139 3653 »Ι

756 3668 1035 3739 Modum
1085 3670 1323 3738 orandi
1371 3669 1712 3760 duplicem
1773 3671 2015 3762 tangit,
2066 3693 2221 3740 cum

663 3777 847 3847 bona
873 3778 1290 3867 operatione,
1342 3786 1407 3843 et
1446 3776 1603 3844 forti
1643 3775 2037 3846 adhaesione
2066 3799 2223 3846 cum

664 3889 836 3964 Deo,
881 3886 999 3967 ibi,
1033 3913 1068 3950 α
1100 3885 1357 3954 Anima
1396 3907 1573 3953 mea.
1620 3912 1654 3948 ι»

756 3994 931 4063 Dicit
963 4016 1125 4085 ergo
1164 4014 1179 4060 :
1217 3992 1330 4061 Sic
1367 3993 1554 4084 petii,
1604 3991 1921 4074 Domine,
1946 4016 2085 4062 non
2108 3994 2222 4083 ju·

664 4101 871 4171 dicari
912 4125 953 4170 a
989 4111 1056 4170 te
1097 4103 1165 4168 in
1196 4101 1483 4190 judicio,
1526 4108 1595 4169 et
1644 4102 1848 4168 etiam
1895 4129 1929 4165 α
1963 4125 2222 4194 espan-

664 4208 764 4291 di,
805 4236 835 4271 n
894 4208 1076 4276 bona
1124 4206 1460 4287 faciende,
1523 4232 1556 4272 α
1604 4229 1854 4275 manus
1897 4231 2086 4276 meas
2130 4208 2230 4276 ad

665 4330 751 4387 te.
799 4343 832 4384 a
863 4318 1111 4386 Thren.
1160 4339 1208 4396 1,
1252 4318 1326 4383 17
1373 4338 1389 4383 ε
1443 4316 1813 4406 Εηιαηιίὶι
1849 4318 2021 4384 Sion
2066 4341 2224 4386 ma·

662 4449 795 4494 nus
832 4447 1021 4503 suas,
1089 4446 1224 4493 non
1277 4433 1374 4491 est
1438 4423 1565 4513 qui
1604 4422 2000 4491 consoletur
2042 4447 2220 4517 eam·

661 4533 985 4613 IEsdroe,
1027 4555 1121 4609 1x,
1183 4534 1275 4601 5:
1337 4531 1676 4623 Expandi
1730 4555 1981 4601 manus
2038 4556 2224 4606 meas

660 4641 759 4711 ad
791 4636 1167 4711 Dominum
1206 4643 1421 4709 Deum
1474 4663 1724 4710 meum.
1772 4642 1953 4713 Bene
1993 4653 2219 4714 autem

659 4746 745 4816 ad
796 4747 1013 4817 Deum
1081 4770 1362 4816 manum
1421 4747 1773 4839 expandit,
1844 4750 1962 4841 qui
2033 4750 2219 4820 illam

662 4857 939 4947 pauperi
972 4865 1249 4948 propter
1281 4854 1502 4924 Deum
1537 4856 1844 4947 porrigit.
1886 4856 2212 4928 Proverb.

657 4984 846 5043 xxxi,
880 4965 965 5033 20
1008 4985 1024 5030 ε
1060 4962 1351 5032 Palmae
1374 4983 1541 5032 suas
1578 4962 1886 5031 estendit
1914 4963 2014 5031 ad
2039 4988 2219 5057 pau-

651 5090 908 5161 perem.
942 5067 1182 5138 Matth.
1218 5091 1337 5145 xn,
1377 5068 1458 5136 13
1493 5089 1511 5135 :
1573 5068 1893 5137 Extende
1929 5092 2214 5139 manum

658 5183 881 5258 tuam,
914 5177 1169 5246 dictum
1200 5186 1299 5246 est
1324 5174 1697 5268 paralytico
1734 5198 1750 5243 ε
1786 5188 1852 5245 et
1879 5178 2208 5258 extendit,

656 5294 724 5354 et
751 5290 1066 5360 restituta
1104 5298 1202 5358 est
1253 5289 1547 5358 sanitati
1587 5290 1768 5356 sicut
1823 5290 2074 5358 altera.

750 5531 786 5572 ι
816 5505 1071 5574 Anima
1098 5526 1274 5572 mea.
1303 5531 1336 5566 υ
1371 5503 1497 5572 Hic
1543 5504 1944 5575 secundum.
1998 5503 2210 5585 Quasi

655 5612 956 5683 diceret:
1011 5608 1126 5681 Sic
1188 5632 1435 5679 manus
1481 5613 1808 5703 expandi,
1888 5622 1957 5682 et
1995 5615 2203 5683 etiam

1680 265 1765 330 D.
1815 263 2019 330 ALB.
2072 258 2291 327 MAG.
2344 256 2549 324 0111).
2606 255 2900 322 PRAED.

2348 455 2383 495 e
2418 431 2652 497 anima
2690 450 2865 506 mea,
2904 452 2936 491 n
2973 427 3235 518 supple,
3270 427 3389 494 tibi
3413 424 3649 500 haeret,
3687 449 3718 487 α
3761 422 3888 487 sie·

2348 549 2422 605 ut
2460 548 2642 605 terra
2676 535 2823 602 sine
2886 556 3096 625 aqua,
3145 559 3176 598 n
3242 541 3314 601 ut
3344 529 3571 623 ipsam
3623 530 3884 619 irrigeS,

2345 648 2504 737 quia
2567 668 2606 712 a
2647 668 2754 713 me
2788 644 3051 735 irrigari
3121 665 3258 711 non
3306 649 3547 732 potest.
3598 637 3883 704 Numer.

2345 776 2487 831 xxi,
2516 756 2555 821 5
2593 754 2885 820 :Anima
2914 761 3150 818 nostra
3168 753 3332 840 jam
3369 756 3656 816 nauseat
3684 766 3890 834 super

2340 863 2486 930 cibo
2520 865 2645 929 isto
2697 862 3063 941 levissimo,
3115 869 3181 929 et
3228 862 3359 928 cito
3399 858 3726 926 morietur
3756 853 3884 920 nisi

2339 996 2380 1040 a
2416 983 2480 1040 te
2525 974 2863 1063 irrigetur.
2928 970 3086 1048 Job,
3146 994 3289 1048 vm,
3354 972 3425 1036 11
3478 963 3890 1055 :Numquid

2331 1092 2555 1176 potest
2604 1084 2818 1149 virere
2865 1081 3133 1171 scirpus
3215 1080 3468 1170 absque
3538 1071 3887 1144 humore?

2340 1195 2548 1276 Quasi
2588 1194 2838 1262 diceret
2870 1212 2886 1261 t
2939 1191 3096 1261 Non
3130 1218 3147 1259 ε
3193 1202 3317 1259 aut
3380 1212 3662 1258 crescere
3699 1209 3882 1254 care-

2338 1316 2520 1373 ctum
2547 1307 2693 1372 sine
2721 1326 2906 1396 aqua
2940 1301 2982 1371 Ρ
3041 1302 3176 1370 Sed
3232 1324 3386 1370 cum
3416 1301 3601 1369 Deus
3647 1297 3884 1386 irrigat

2338 1413 2546 1493 arida,
2600 1422 2761 1481 tune
2834 1413 3080 1480 virent.
3151 1410 3348 1486 Osee,
3417 1431 3558 1488 xw,
3594 1410 3686 1475 6:
3739 1409 3882 1474 Ero

2336 1526 2538 1616 quasi
2574 1547 2707 1604 νος,
2739 1522 2965 1593 Israel
2985 1520 3401 1612 qerminabit
3418 1522 3594 1589 sicut
3616 1518 3876 1587 lilium.

2335 1631 2621 1719 Propter
2661 1629 2792 1699 hoc
2821 1628 3089 1708 dicitur,
3120 1628 3296 1704 Joel,
3354 1651 3402 1709 1,
3445 1629 3528 1694 20
3562 1650 3577 1695 ε
3629 1625 3770 1696 Sed
3819 1632 3883 1691 et

2335 1737 2556 1806 bestiae
2603 1739 2780 1829 ayt-i,
2840 1739 3047 1828 quasi
3085 1759 3247 1804 area
3285 1736 3520 1803 sitiens
3568 1731 3878 1816 imbrem,

2330 1855 2779 1937 suspexerunt
2814 1845 2914 1912 ad
2948 1855 3034 1914 te.
3078 1845 3342 1913 Dicitur
3367 1844 3575 1920 enim,
3612 1841 3740 1909 lsa.
3768 1862 3876 1917 ιν,

2338 1956 2444 2035 10,
2488 1953 2671 2045 quod
2709 1953 2947 2032 imber,
2983 1954 3243 2045 gratiae,
3274 1961 3340 2022 et
3374 1953 3501 2020 nix
3537 1948 3882 2018 descendit

2334 2061 2417 2130 de
2441 2061 2634 2141 coelo,
2668 2067 2735 2129 et
2782 2059 3076 2129 inebriat
3122 2070 3400 2137 terram,
3458 2067 3521 2125 et
3567 2055 3883 2146 infundit

2337 2192 2512 2249 eam,
2544 2178 2609 2236 et
2630 2170 3022 2259 qerminare
3048 2190 3197 2236 eam
3226 2167 3424 2257 facit.

2422 2514 2455 2555 e
2503 2488 2825 2556 Velociter
2869 2485 3152 2555 eoeaudi.
3191 2511 3225 2552 n
3289 2484 3418 2553 Hic
3474 2483 3880 2552 determinat

2328 2596 2644 2666 audiendi
2671 2594 2954 2666 modum
2999 2602 3121 2664 :et
3164 2592 3480 2662 dicuntur
3525 2592 3686 2660 duo.
3724 2590 3879 2658 Pri-

2327 2727 2466 2782 mo,
2493 2704 2708 2794 tangit
2736 2700 3019 2770 modum
3051 2723 3187 2792 quo
3227 2698 3557 2768 desiderat
3612 2696 3873 2766 audire.

2331 2810 2670 2889 Secundo,
2703 2808 2886 2877 addit
2925 2809 3256 2875 rationem
3300 2806 3477 2874 illius
3518 2805 3730 2887 modi,
3757 2802 3876 2884 ibi,

2337 2946 2370 2986 α
2408 2919 2668 3011 Defecit
2690 2918 2979 3010 spiritus
3016 2938 3226 2984 meus,
3274 2941 3307 2977 n

2418 3028 2594 3096 Dicit
2623 3048 2787 3118 ergo
2822 3046 2837 3092 :
2869 3023 2983 3093 Sic
3012 3033 3195 3115 peto,
3230 3031 3320 3100 et,
3354 3044 3395 3092 o
3424 3020 3748 3103 Domine,
3775 3043 3881 3088 ro·

2329 3159 2443 3229 go,
2498 3161 2532 3203 e
2566 3134 2881 3206 velociter
2932 3131 3194 3202 exaudi
3238 3153 3365 3199 me.
3407 3158 3440 3194 t»
3502 3128 3749 3220 Supra,
3811 3131 3881 3198 in

2334 3242 2512 3311 l'sal.
2554 3265 2638 3318 cu,
2673 3241 2714 3310 3
2750 3264 2765 3308 :
2802 3242 2884 3308 ln
2922 3260 3355 3331 quacumque
3390 3237 3502 3304 die
3538 3238 3886 3305 invocave-

2330 3377 2406 3423 ro
2444 3362 2532 3433 te,
2563 3352 2880 3420 velociter
2907 3348 3168 3417 exaudi
3196 3370 3325 3426 me,
3360 3347 3529 3415 sicut
3550 3348 3886 3437 promittit

2331 3484 2569 3531 servus
2605 3469 2759 3528 tuus
2784 3459 3019 3536 Isaiae,
3071 3456 3201 3525 lea.
3246 3479 3407 3534 xxx,
3460 3458 3539 3523 19
3574 3477 3589 3522 :
3623 3455 3738 3524 Ad
3764 3478 3886 3522 vo-

2331 3592 2468 3637 cem
2497 3568 2822 3637 elamoris
2851 3567 2979 3644 tui,
3013 3565 3248 3632 statim
3283 3575 3359 3632 ut
3413 3564 3743 3643 audierit,
3776 3585 3887 3630 re-

2326 3674 2685 3769 spondebit
2714 3673 2864 3744 tibi.
2900 3673 3008 3751 Et,
3041 3695 3193 3748 txv,
3215 3673 3300 3739 24
3335 3694 3351 3739 ε
3384 3672 3676 3762 Eritque
3704 3682 3891 3739 ante-

2330 3807 2541 3878 quam
2570 3783 2889 3858 clament,
2916 3803 3039 3874 eqo
3068 3779 3466 3858 exaudiam,
3484 3778 3711 3846 adhue
3741 3778 3890 3846 illis

2335 3890 2791 3985 loquentibuse,
2820 3912 2944 3981 eqo
2973 3888 3288 3956 audiam.

2422 4023 2455 4064 e
2498 3999 2768 4087 Defecit
2811 3996 3107 4089 spiritus
3163 4016 3374 4063 meus.
3427 4022 3458 4055 ι»
3519 3993 3642 4062 llic
3685 3995 3882 4064 ratio.

2331 4104 2537 4185 Quasi
2569 4105 2820 4173 diceret
2863 4125 2879 4170 ε
2916 4101 3077 4169 Ideo
3117 4101 3302 4181 audi,
3346 4100 3505 4191 quia
3546 4101 3879 4190 rogando,

2331 4209 2759 4302 suspirando,
2823 4237 2855 4273 α
2927 4207 3175 4298 defecit
3243 4208 3529 4299 spiritus
3586 4228 3801 4276 meus.
3847 4231 3880 4272 a

2328 4320 2485 4398 Job,
2520 4342 2684 4394 xvu,
2723 4321 2750 4386 1
2794 4319 3144 4410 :Spiritus
3171 4340 3359 4386 meus
3381 4315 3880 4399 attenuabitur,

2330 4430 2473 4497 dies
2510 4431 2644 4497 mei
2695 4426 3214 4497 breviabuntur.
3269 4426 3512 4518 Supra,
3570 4426 3640 4494 in
3698 4435 3885 4494 ante·

2328 4540 2588 4612 cedenti
2632 4538 2812 4607 Psal.
2847 4560 2993 4614 cxx..
3031 4538 3113 4605 4:
3158 4538 3237 4606 ln
3264 4536 3635 4629 deficiendo
3661 4559 3747 4604 ea:
3774 4561 3884 4605 me

2324 4648 2647 4740 spiritum
2676 4666 2930 4714 meum.
2967 4642 3287 4737 Spiritus,
3315 4645 3621 4736 inquam,
3644 4643 3881 4712 elatio·

2326 4756 2457 4834 nis,
2491 4762 2554 4821 et
2594 4752 2953 4843 superbiai,
3003 4751 3088 4821 de
3135 4774 3299 4843 quo,
3356 4748 3597 4822 Matth.
3658 4773 3729 4832 v,
3782 4751 3873 4819 3:

2324 4863 2527 4930 Beati
2547 4882 2886 4954 pauperes
2910 4859 3191 4953 spiritu.

2412 5101 2448 5142 ι
2486 5076 2639 5145 Νοη
2668 5081 2937 5143 avertas
2970 5071 3248 5163 faeiem,
3295 5096 3328 5137 ι
3384 5070 3512 5139 Hic
3550 5069 3876 5138 determi-

2319 5190 2459 5257 nat,
2502 5191 2568 5251 et
2592 5181 2934 5273 specificat
2964 5180 3275 5269 petitum.
3319 5178 3402 5247 Et
3435 5180 3678 5272 primo,
3701 5181 3873 5270 petit

2318 5288 2442 5357 Dei
2471 5301 2723 5358 certam
2756 5288 3094 5357 notitiam.
3122 5284 3462 5365 Secundo,
3496 5286 3577 5356 de
3599 5285 3871 5356 Deimi-
3907 5300 3914 5309 '

2314 5399 2680 5469 sericordia
2706 5397 3210 5477 certitudinem,
3245 5397 3365 5475 ibi,
3405 5405 3468 5476 5.
3514 5398 3557 5467 8
3590 5418 3608 5468 ε
3647 5424 3683 5465 ι
3722 5401 3871 5469 Au-

2313 5506 2557 5578 ditam,
2607 5536 2640 5570 »
2677 5506 2930 5586 Tertio,
2990 5506 3119 5575 viae
3157 5529 3294 5599 qua
3340 5508 3475 5575 itur
3518 5505 3606 5576 ad
3645 5505 3864 5575 Deum

2312 5613 2843 5695 misericordem,
2876 5616 3219 5698 notitiam,
3240 5613 3359 5695 ibi,
3405 5641 3442 5681 α
3471 5616 3724 5686 Natam
3742 5616 3866 5706 lae
