5008 6329
2187 430 2609 502 PSALMUS
2662 428 3018 497 CXXXVI
3025 431 3078 500 1.

4138 428 4269 496 437

1045 599 1201 667 Nisi
1239 602 1545 666 conversi
1578 604 1885 691 fueritis,
1917 615 1980 671 et
2020 604 2430 695 efficiamini
2464 603 2605 667 sic·
2717 600 3014 666 naturali
3059 604 3350 691 origine,
3395 601 3568 667 sieut
3608 599 3931 687 accipitur
3968 595 4101 665 hic.
4159 596 4277 664 sio

1053 714 1128 770 ut
1151 706 1464 794 parvuli,
1497 731 1634 775 non
1673 710 2024 776 intrabitis
2054 712 2123 776 in
2156 730 2441 799 requam
2472 729 2605 773 σεε-
2718 708 2925 774 etiam
2956 711 3158 798 primi
3206 719 3434 779 motus
3475 707 3765 800 parvuli
3818 706 4272 795 appellantur,

1054 810 1305 878 lorum.
1346 813 1858 904 Temporalium
1898 815 2281 892 dilectione,
2327 814 2482 880 Job.
2528 835 2599 896 v,

1051 920 1141 984 2:
1208 921 1442 987 Virum
1488 921 1788 987 stultum
1840 921 2161 1009 interficit
2207 920 2598 1002 iracundia,

1047 1039 1109 1097 et
1143 1031 1534 1121 parvulum
1581 1030 1840 1097 occidit
1872 1032 2161 1099 invidia.
2207 1030 2291 1098 Et
2325 1030 2597 1111 ultimo,

2719 815 2836 907 qui
2868 817 2953 884 ad
2986 817 3331 887 Christum
3384 816 3704 886 allidendi
3746 823 3927 893 sunt,
3961 823 4037 881 ut
4078 813 4277 883 oculo

2715 926 2966 993 mentis
2994 935 3289 1018 purgato
3320 926 3504 993 Deus
3532 924 3867 1007 videatur,
3904 926 4052 1014 ipso
4094 945 4278 1014 prae-

2711 1038 2931 1116 sente,
2975 1033 3093 1123 qui
3132 1031 3689 1112 estbenedictus,
3726 1040 3850 1098 ete.

2177 1521 2644 1596 PSALMUS
2708 1520 3150 1595 CXXXVII.

1179 1862 1473 1934 Laudat
1516 1863 1742 1931 Deum
1773 1865 1861 1933 ob
1894 1861 2248 1951 beneficia,
2300 1874 2368 1932 et
2404 1884 2645 1934 omnes
2675 1883 2881 1954 reges
2910 1860 3009 1932 ad
3038 1860 3476 1934 laudandum
3505 1865 3738 1933 Deum
3763 1873 4139 1957 provocat.

1103 2226 1161 2273 ι.
1217 2201 1366 2293 Ipsi
1414 2202 1671 2271 David.

1226 2307 1650 2379 Confitebor
1707 2308 1868 2390 tibi,
1926 2308 2259 2393 Domine,
2317 2308 2388 2378 in
2447 2327 2600 2380 toto

1316 2416 1531 2485 corde
1607 2438 1799 2495 meo,
1888 2416 2237 2509 quoniam
2330 2416 2601 2486 audisti

1315 2524 1530 2594 verba
1570 2527 1720 2596 oris
1760 2524 1928 2595 mei.

1236 2632 1317 2702 In
1353 2652 1746 2725 conspectu
1806 2633 2231 2726 angelorum
2297 2633 2604 2725 psallam

1324 2739 1484 2820 tibi,

1103 2871 1169 2918 2.
1220 2848 1567 2919 Adorabo
1647 2848 1736 2919 ad
1843 2851 2199 2943 templum
2273 2870 2604 2921 sanctum

1315 2977 1552 3041 tuum,
1585 2978 1655 3029 et
1694 2960 2095 3030 confitebor
2133 2959 2410 3030 nomini
2446 2979 2602 3046 tuo,

1222 3067 1459 3160 Super
1506 3067 2003 3140 misericordia
2071 3087 2190 3141 tua
2265 3089 2335 3140 et
2398 3069 2594 3141 veri-

1314 3193 1456 3246 tate
1498 3194 1645 3254 tua,
1701 3175 2049 3268 quoniam
2115 3177 2591 3269 magnificasti

1315 3307 1533 3377 Super
1615 3306 1834 3356 omne
1911 3308 2173 3357 nomen
2265 3307 2595 3359 Sanctum

1318 3413 1555 3464 tuum.

1098 3502 1163 3570 3.
1220 3502 1300 3570 In
1344 3522 1806 3593 quacumque
1865 3500 1984 3572 die
2050 3502 2473 3573 invocavero
2503 3522 2600 3588 te,

1321 3611 1577 3682 exaudi
1609 3632 1727 3682 me
1761 3632 1780 3681 z
1815 3611 2332 3704 multiplicabis
2353 3613 2425 3683 in
2457 3612 2610 3682 ani·

1321 3741 1440 3790 ma
1469 3740 1629 3790 mea
1660 3736 2028 3791 virtutem.

1098 3852 1170 3918 4.
1224 3827 1730 3900 Confiteantur
1758 3828 1920 3914 tibi,
1961 3827 2297 3913 Domine,
2349 3852 2612 3902 omnes

1322 4289 1418 4359 IN
1466 4288 1768 4358 PSALM
1780 4287 1906 4360 UM
1957 4285 2344 4357 CXXXVII

1565 4525 1752 4572 0020!
1761 4523 2101 4570 mvumcs.

1334 4850 1369 4891 ι
1410 4821 1740 4894 Psalmus
1781 4820 1916 4914 ipsi
1943 4816 2180 4887 David
2220 4834 2264 4884 ¹.
2312 4840 2346 4882 ι

1155 5174 1191 5213 α
1261 5141 1651 5236 confitebor
1688 5140 1818 5209 tibi
1879 5140 2195 5211 Domine.
2270 5168 2303 5202 ι»
2341 5138 2470 5207 nic
2522 5146 2625 5206 est

1071 5255 1383 5324 Psalmus
1409 5249 1828 5324 centesimus
1872 5250 2263 5342 trigesimus
2290 5246 2625 5337 septimus

1142 5524 1261 5582 ¹Le
1294 5525 1431 5581 titre
1460 5523 1719 5582 attribue
1772 5520 1830 5578 le
1863 5534 2113 5594 psanme
2149 5518 2184 5576 a
2229 5518 2451 5590 David3
2493 5517 2626 5576 rien

1070 5616 1223 5673 dans
1270 5613 1328 5671 le
1361 5612 1500 5670 titre
1548 5613 1855 5670 n'inssrme
1911 5615 2067 5668 cette
2124 5607 2474 5668 indication.
2518 5611 2627 5667 Les

1071 5703 1349 5777 Septante
1376 5699 1650 5775 ajoutent
1677 5700 1818 5757 bien
1847 5714 1865 5755 ι
1906 5694 2166 5773 Ἀγγαίου
2203 5692 2293 5750 καὶ
2322 5694 2625 5770 Ζαχαρίου,

1071 5793 1224 5851 mais
1246 5796 1402 5851 cette
1434 5790 1705 5848 mention
1734 5789 1842 5847 des
1868 5786 2023 5844 deux
2042 5783 2362 5861 prophetes
2382 5801 2458 5842 ne
2483 5791 2630 5859 peut

2983 2224 3189 2297 reges
3218 2221 3452 2279 terrae.
3498 2205 3671 2297 quia
3702 2204 4091 2276 audierunt
4125 2225 4269 2274 om-

2995 2312 3119 2382 nia
3157 2314 3374 2384 verba
3395 2313 3544 2384 oris
3577 2315 3730 2384 tui:

2763 2422 2829 2489 5.
2885 2418 2983 2487 Et
3031 2438 3325 2490 cantent
3384 2419 3454 2490 in
3506 2421 3645 2491 viis
3726 2419 4048 2503 Domini,
4093 2442 4275 2512 quo·

2986 2526 3186 2597 niam
3217 2549 3477 2620 magna
3508 2546 3616 2597 est
3646 2527 3872 2620 gloria
3923 2528 4214 2598 Domini
4253 2551 4269 2597 ε

2761 2637 2829 2706 6.
2885 2635 3262 2725 Quoniam
3345 2639 3668 2707 excelsus
3749 2637 4135 2719 Dominus»,
4208 2655 4279 2709 et

2987 2744 3296 2813 humilia
3338 2745 3654 2838 respicit,
3689 2764 3759 2815 et
3799 2746 4003 2816 altaa
4041 2746 4275 2837 longe

2989 2851 3385 2943 cognoscit.

2771 2983 2837 3051 7.
2891 2956 2969 3031 Si
3003 2960 3473 3030 ambulavero
3493 2959 3568 3030 in
3601 2960 3847 3031 medio
3877 2958 4284 3032 tribulatio·

2983 3066 3126 3148 nis,
3186 3067 3585 3137 vivificabis
3651 3089 3769 3139 me
3837 3087 3855 3137 ε
3918 3087 3986 3138 et
4066 3089 4287 3160 super

2985 3175 3171 3245 iram
3225 3173 3702 3246 inimicorum
3770 3197 4102 3247 meorum
4176 3197 4294 3246 ex·

2979 3282 3313 3355 tendistit
3371 3305 3671 3354 manum
3726 3304 3947 3362 tuam,
4027 3303 4096 3354 et
4144 3284 4292 3354 sal-

2996 3411 3173 3460 vum
3227 3411 3343 3460 me
3370 3389 3532 3459 fecit
3574 3390 3861 3460 dextera
3904 3409 4051 3461 tua.

2762 3498 2831 3568 8.
2895 3497 3260 3567 Dominus
3295 3498 3647 3567 retribuet
3691 3519 3822 3589 pro
3861 3518 4002 3567 me.
4041 3496 4292 3567 Domi·

2994 3624 3110 3680 ne,
3207 3601 3711 3671 misericordia
3763 3620 3886 3672 tua
3934 3602 4006 3672 in
4053 3625 4291 3673 saecu-

2996 3712 3152 3782 lum
3188 3731 3206 3781 :
3236 3732 3456 3803 opera
3498 3732 3850 3783 manuum
3884 3731 4177 3784 tuarum
4197 3734 4285 3783 ne

3001 3817 3386 3910 despicias.

2724 4188 2800 4256 in
2832 4194 2982 4256 toto
3023 4184 3228 4267 libro,
3270 4186 3664 4279 trigesimus
3693 4185 4025 4278 septimus
4060 4181 4134 4251 in
4159 4189 4294 4252 ter-

2723 4296 2819 4363 tia
2848 4302 3043 4386 parte
3072 4293 3253 4364 libri.

2814 4401 3197 4494 Postquam
3266 4403 3450 4472 enim
3518 4403 3928 4471 invitaverat
3991 4399 4077 4469 ad
4159 4397 4289 4470 Dei

2725 4507 3031 4591 laudem,
3066 4518 3135 4579 et
3172 4509 3622 4600 subjunxerat
3660 4510 4049 4602 aliquorum
4087 4530 4293 4577 exeu-

2727 4619 3095 4706 sationem,
3128 4621 3248 4712 qui
3296 4623 3517 4715 magis
3554 4620 3932 4715 lugendum
3978 4617 4107 4688 sibi
4136 4640 4290 4688 ere-

2728 4729 2902 4798 dunt
2965 4730 3037 4798 in
3095 4728 3506 4822 Babylonia,
3564 4752 3773 4821 quam
3843 4727 4285 4812 cantandum,

2730 4836 2891 4926 quia
2920 4842 3155 4904 tamen
3192 4833 3326 4904 hoc
3361 4857 3503 4904 non
3541 4841 3642 4902 est
3680 4832 4021 4926 generale,
4064 4832 4292 4925 perfe-

2728 4946 2821 5014 cti
2873 4944 3061 5012 enim
3097 4943 3229 5012 viri
3295 4965 3337 5011 a
3392 4944 3722 5012 servitute
3778 4941 4286 5034 quodammodo

2730 5054 2930 5124 liberi
2987 5063 3173 5132 sunt,
3217 5061 3286 5122 et
3339 5053 3509 5123 tales
3546 5062 3833 5146 possunt
3885 5062 4182 5132 cantare,
4227 5061 4295 5123 et

2733 5161 3164 5232 confessione
3192 5159 3414 5230 laudis
3444 5162 3780 5245 confiteri,
3813 5162 3884 5230 in
3924 5159 4057 5230 hoc
4095 5160 4296 5229 Psal-

2734 5293 2852 5340 mo
2893 5268 3243 5361 Propheta
3278 5278 3636 5364 tamquam
3689 5292 3871 5339 unus
3909 5269 3991 5339 de
4040 5268 4294 5339 talibus

2736 5516 3011 5591 signisser
3037 5511 3260 5588 qu'une
3298 5515 3502 5586 chose,
3550 5516 3698 5572 c'est
3734 5513 3909 5587 qu'ils
3951 5519 4058 5572 ont
4099 5515 4293 5590 appli-

2735 5607 2855 5679 que
2886 5604 2943 5662 le
2983 5620 3236 5680 psanme
3273 5606 3311 5663 a
3338 5604 3600 5678 quelque
3638 5603 4048 5662 circonstance
4091 5607 4291 5678 poste·

2735 5695 2959 5765 rieure,
2990 5710 3101 5767 par
3127 5693 3423 5768 exemple,
3453 5708 3530 5750 an
3561 5698 3769 5751 retour
3794 5693 3868 5751 de
3908 5692 3965 5750 la
3992 5693 4290 5767 captivite.

2735 5784 2922 5844 David
2950 5781 3103 5842 rend
3149 5784 3359 5858 greces
3403 5799 3481 5840 an
3528 5782 3816 5859 Seigneur
3863 5782 4005 5840 d'un
4043 5782 4295 5841 biensait
