5008 6329
685 241 813 310 472

685 436 800 503 spe
839 436 1044 505 quam
1075 414 1282 480 habet
1330 415 1396 479 in
1451 415 1699 504 ipsum,
1754 416 1870 492 ibi,
1929 441 1963 480 α
2023 416 2104 481 In
2164 425 2230 480 te

682 525 974 611 speravi.
1013 547 1045 586 ιο
1157 606 1163 621 Ι

774 627 951 694 Dicit
988 650 1151 718 ergo
1196 650 1210 694 ε
1249 626 1385 707 Sic,
1427 629 1745 714 Domine,
1797 633 1961 721 petii
1991 641 2069 699 ut
2107 655 2229 722 po-

682 756 802 800 nas
832 736 934 802 ori
976 758 1130 803 meo
1162 738 1566 819 custodiam,
1596 749 1658 808 et
1689 763 1728 807 o
1767 768 1800 802 «
1839 742 2157 813 Domine,
2191 767 2221 798 υ

680 866 800 932 per
828 827 1265 927 creationem,
1323 850 1480 939 quia
1520 871 1628 916 me
1666 849 1748 915 dc
1801 847 2013 915 nihilo
2063 846 2228 913 feci-

680 951 761 1015 sti
800 973 813 1016 :
862 950 992 1031 vel,
1030 981 1062 1016 α
1097 955 1416 1032 Domine,
1456 982 1487 1014 »
1529 975 1651 1042 per
1706 952 2220 1030 recreationem,

681 1060 842 1146 quia
869 1081 980 1127 me
1026 1060 1368 1127 redemisti
1408 1082 1422 1125 :
1482 1059 1593 1127 vel
1631 1060 1734 1126 his
1782 1059 1944 1126 dicit
2002 1086 2034 1121 α
2087 1060 2228 1127 Do·

679 1164 882 1240 mine,
920 1190 953 1226 n
988 1173 1264 1253 propter
1292 1163 1628 1254 duplicem
1659 1174 1970 1232 naturam
2008 1186 2022 1230 ε
2064 1190 2097 1230 α
2132 1165 2230 1232 ad

681 1282 766 1351 te,
806 1296 836 1331 ι)
905 1292 1045 1338 non
1084 1272 1170 1339 ad
1217 1271 1427 1351 aliud,
1483 1301 1516 1335 «
1569 1274 1756 1341 oculi
1794 1275 1950 1354 mei,
1984 1301 2012 1336 v»
2069 1296 2227 1364 sup-

677 1374 811 1465 ple,
845 1386 1003 1444 sunt
1030 1378 1291 1448 directi.
1328 1379 1549 1463 Oculi,
1597 1384 1904 1471 inquam,
1947 1382 2224 1450 interio-

679 1508 809 1564 reS,
845 1488 1253 1556 intentiones
1286 1492 1530 1557 mentis
1572 1513 1762 1559 meae.
1797 1489 1861 1555 11
1922 1489 2218 1580 Paralip.

677 1616 793 1675 xx,
843 1596 921 1660 12
966 1618 981 1662 ε
1020 1596 1191 1665 Cum
1223 1598 1612 1686 iqnoremus
1650 1596 1825 1686 quid
1860 1619 2060 1686 aqere
2105 1595 2222 1663 de·

679 1699 980 1779 beamus,
1038 1703 1164 1769 hoc
1224 1703 1452 1770 solum
1531 1703 1854 1770 babemus
1936 1703 2219 1786 residui,

680 1816 757 1874 ut
792 1807 1025 1876 oculos
1060 1818 1325 1877 nostros
1353 1809 1654 1878 levemus
1692 1810 1789 1878 ad
1823 1821 1909 1894 te,
1941 1810 2077 1888 vel,
2121 1810 2224 1877 di-

677 1915 1011 2002 riqamus.
1083 1914 1212 1983 lsa.
1285 1939 1570 1997 xxxvm,
1637 1917 1716 1983 14
1788 1939 1803 1983 ε
1863 1917 2224 1984 Attenuati

674 2031 836 2088 sunt
862 2022 1051 2090 oculi
1081 2026 1238 2102 mei,
1270 2026 1708 2115 suspicientes
1740 2026 1810 2091 in
1849 2024 2217 2093 excelsum.

772 2262 805 2302 α
868 2238 951 2304 In
1008 2246 1071 2305 te
1125 2239 1421 2328 speravi.
1476 2264 1509 2301 ι
1572 2238 1741 2307 Ecce
1816 2238 2214 2307 secundum.

683 2346 890 2424 Quasi
946 2345 1198 2414 diceret
1267 2370 1283 2413 ε
1353 2344 1810 2415 Intentionem
1851 2346 2094 2429 direxi,
2155 2356 2220 2417 et

686 2479 719 2519 α
751 2456 820 2521 in
869 2464 956 2535 te,
999 2483 1030 2516 ιο
1090 2479 1229 2523 non
1278 2457 1345 2523 in
1394 2454 1695 2535 homine,
1769 2482 1804 2522 ι
1852 2458 2145 2548 speravi.
2185 2483 2218 2524 a

692 2562 950 2630 Daniel.
984 2585 1083 2645 111,
1125 2565 1209 2632 40
1253 2584 1270 2633 ε
1311 2564 1463 2631 Non
1495 2573 1591 2632 est
1646 2567 1958 2654 confusio
2015 2565 2226 2654 confi-

686 2668 1000 2737 dentibus
1055 2671 1127 2737 in
1171 2680 1257 2737 te.
1308 2670 1414 2738 Ad
1456 2670 1745 2739 Roman.
1798 2695 1867 2750 ν,
1920 2675 1958 2741 5
2008 2673 2227 2763 :Spes

688 2800 821 2843 non
875 2775 1263 2865 confundit.
1334 2776 1537 2844 Eccli.
1612 2801 1680 2854 ιι,
1760 2780 1830 2844 11
1890 2799 1905 2844 :
1966 2777 2230 2846 Nullus

688 2882 985 2973 speravit
1042 2883 1112 2948 in
1165 2884 1489 2959 Domino,
1539 2892 1604 2949 et
1639 2886 1965 2973 confusus
1992 2895 2112 2953 est.
2145 2883 2231 2951 Et

695 2990 856 3079 quia
917 2990 1016 3057 sic
1078 2998 1204 3068 est,
1277 3014 1310 3054 α
1370 3013 1503 3057 non
1571 2992 1853 3079 auferas
1919 2993 2231 3060 animam

694 3120 939 3177 meam,
995 3122 1029 3163 x·
1082 3095 1150 3164 id
1197 3104 1324 3179 est,
1374 3096 1621 3167 auferri
1672 3119 1810 3164 non
1850 3099 2226 3188 permittam

698 3205 787 3272 lll
841 3205 1008 3297 llcg.
1088 3206 1359 3284 xix,10
1430 3227 1445 3274 ε
1521 3208 1851 3291 Quaerunt
1924 3207 2233 3274 animam

698 3338 916 3383 meam
957 3326 1034 3383 ut
1070 3318 1398 3407 auferant
1424 3338 1599 3383 eam.
1638 3314 1884 3406 Supra,
1936 3317 2005 3382 in
2044 3314 2227 3383 Psal.

700 3444 834 3502 ιιιι,
901 3424 941 3491 5
1023 3446 1039 3490 :
1118 3424 1354 3491 Fortes
1423 3423 1837 3513 quaesierunt
1925 3424 2236 3490 animam

699 3551 945 3597 meam.

796 3876 827 3907 «
862 3846 1150 3916 Custodi
1203 3870 1331 3914 me.
1380 3872 1412 3911 n
1467 3846 1589 3915 llic
1636 3847 1976 3938 specificat
2014 3870 2052 3915 a
2082 3848 2243 3938 qui-

707 3954 831 4021 bus
886 3952 1034 4021 vult
1079 3951 1428 4032 custodiri,
1471 3953 1629 4045 quia
1676 3976 1716 4020 a
1771 3951 2039 4021 duobus
2094 3976 2110 4021 :
2156 3954 2242 4024 ab

707 4062 987 4132 occultis
1042 4060 1378 4129 malorum
1437 4070 1576 4128 tam
1616 4058 1973 4128 hominum
2036 4083 2243 4152 quam

707 4171 1095 4238 daemonum
1128 4168 1413 4246 insidiis,
1447 4179 1513 4237 et
1543 4168 1671 4238 hoc
1708 4171 1930 4261 primo
1963 4191 1980 4236 ε
2047 4178 2114 4238 et
2158 4170 2244 4237 ab

709 4279 957 4369 apertis
1023 4274 1298 4344 illorum
1364 4274 1665 4354 malitiis,
1722 4275 1854 4344 hoc
1916 4274 2242 4356 secundo,

712 4384 829 4465 ibi,
862 4414 896 4448 «ι
924 4386 1021 4453 Et
1057 4407 1102 4452 a
1135 4382 1509 4451 scandalis.
1546 4407 1580 4448 n

798 4493 979 4561 Dicit
1023 4514 1188 4584 ergo
1247 4510 1265 4561 ε
1320 4489 1434 4560 Sic
1480 4491 1639 4581 petii
1686 4498 1759 4557 ut
1814 4490 2062 4560 auferri
2108 4514 2249 4560 non

714 4602 1063 4696 permittas
1092 4601 1419 4675 animam.
1460 4598 1579 4667 sed
1606 4600 1824 4689 magis
1853 4599 2197 4668 custodias
2227 4620 2245 4669 t

713 4720 776 4781 et
813 4735 846 4775 α
887 4707 1157 4778 custodi
1185 4730 1293 4775 me
1318 4731 1362 4772 a
1395 4705 1663 4798 laqueo,
1708 4732 1744 4769 n
1796 4706 2078 4775 occultis
2128 4708 2255 4776 sci-

716 4821 871 4888 licet
907 4815 1197 4900 insidiis,
1232 4839 1268 4880 a
1306 4837 1507 4906 quem
1542 4821 1931 4881 statuerunt
1971 4815 2169 4894 mihi,
2216 4839 2249 4880 a

714 4930 1081 5004 daemones,
1115 4933 1182 4992 et
1214 4922 1371 4991 mali
1403 4922 1735 4992 homines.
1766 4921 1967 4992 Eccli.
2001 4945 2097 5003 xx,
2122 4926 2251 4994 20:

718 5033 1282 5108 communionem
1320 5030 1559 5098 mortis
1591 5029 1784 5110 scito,
1825 5032 2153 5120 quoniam
2183 5031 2258 5098 in

718 5144 938 5213 medio
997 5142 1401 5233 laqueorum
1459 5136 1882 5230 inqredieris.
1942 5137 2257 5229 Laqueus

719 5259 973 5333 autem,
1016 5270 1222 5339 quem
1274 5244 1698 5336 praetendunt
1763 5243 2133 5327 daemones,
2191 5249 2257 5311 et

720 5357 906 5439 mali,
983 5357 1145 5446 ipsae
1199 5360 1525 5422 creatura}
1601 5350 2053 5421 delectabiles.
2125 5349 2260 5419 Sa-

720 5468 930 5559 pient.
961 5485 1103 5542 xnr,
1143 5464 1216 5529 11
1265 5483 1282 5529 :
1331 5461 1672 5531 Creaturoe
1718 5461 1850 5529 Dei
1901 5462 1974 5529 in
2018 5460 2257 5528 odium

717 5579 925 5671 lacta:
959 5581 1147 5650 sunt,
1180 5580 1242 5636 et
1283 5570 1355 5636 in
1401 5570 1837 5636 tentationem
1894 5566 2259 5636 animabus

1674 244 1761 310 D.
1810 244 2009 310 ALB.
2064 244 2283 311 MAG.

2335 241 2545 309 ORD.
2597 241 2890 309 PRAED.

2334 413 2716 479 hominum.
2754 410 2888 478 Sed
2917 411 3284 501 prudentes
3345 411 3627 501 laqueos
3675 414 3887 481 decli-

2337 529 2528 588 nant.
2588 518 2915 586 Proverb.
2988 542 3079 597 ιιι,
3129 520 3209 586 15
3273 541 3288 584 ε
3339 521 3476 602 Qui
3532 531 3719 587 cavet
3778 521 3889 588 la-

2336 650 2566 718 queos,
2608 649 2884 694 securus
2912 627 3063 693 erit.

2430 759 2462 796 a
2534 735 2630 800 Et
2668 758 2710 800 a
2746 733 3120 810 scandalis,
3156 760 3189 794 υ
3230 731 3313 798 ab
3355 731 3603 820 apertis
3660 732 3880 809 malis,

2342 871 2374 904 «
2436 846 2868 932 operantium
2954 843 3413 932 iniquitatem.
3516 867 3547 906 ιι
3640 841 3882 910 Matth.

2333 972 2528 1027 xvm,
2566 952 2603 1016 7
2648 971 2662 1017 ε
2721 952 2825 1016 Vae
2861 951 3120 1016 mundo
3159 976 3202 1017 a
3239 951 3615 1020 scandalis,
3653 949 3886 1018 Primo

2335 1058 2518 1126 enim
2559 1067 2871 1148 peccator
2907 1057 3400 1125 scandalizatur
3444 1059 3516 1125 in
3560 1067 3885 1127 creaturae

2333 1166 2859 1258 pulchritudine.
2897 1165 3101 1234 Eccli.
3139 1191 3235 1248 rx,
3272 1169 3312 1236 5
3359 1191 3374 1235 ε
3423 1168 3766 1259 Virginem
3807 1192 3891 1250 ne

2331 1277 2736 1367 conspiciaS,
2767 1299 2850 1342 ne
2874 1278 3057 1365 sorte
3096 1276 3591 1344 scandalizeris
3642 1277 3711 1343 in
3768 1278 3889 1343 de-

2331 1407 2483 1451 core
2535 1383 2757 1453 illius.
2819 1383 3072 1451 Postea
3135 1382 3254 1450 alii
3308 1385 3378 1451 in
3441 1384 3588 1471 ejus
3653 1406 3885 1473 opere,

2335 1491 2609 1580 quando
2644 1490 3076 1558 manifestum
3110 1498 3234 1568 est,
3268 1492 3567 1560 maxime
3630 1489 3882 1579 pusilli.

2332 1595 2574 1662 Matth.
2611 1619 2799 1672 xvm,
2836 1599 2876 1663 6
2913 1620 2929 1664 :
2985 1598 3415 1687 Quicumque
3449 1598 3884 1666 scandaliza-

2331 1704 2504 1771 verit
2553 1725 2766 1771 unum
2816 1703 2898 1770 de
2940 1704 3228 1795 pusillis
3286 1705 3436 1771 istis
3500 1706 3623 1794 qui
3668 1707 3740 1773 in
3781 1728 3889 1772 me

2329 1812 2642 1889 credunt,
2685 1812 2960 1902 expedit
2989 1813 3051 1879 ei
3081 1822 3158 1880 ut
3182 1813 3650 1904 suspendatur
3694 1814 3886 1882 mola

2332 1920 2647 1987 asinaria
2677 1920 2748 1987 in
2777 1919 2957 1988 collo
2987 1920 3168 2009 ejus,
3211 1930 3273 1987 et
3328 1920 3767 2012 demerqatur
3813 1924 3885 1989 in

2326 2027 2764 2119 profundum
2793 2031 3031 2097 maris.

2422 2368 2457 2407 α
2504 2340 2760 2410 Cadent
2816 2342 2885 2408 in
2952 2341 3311 2410 retiaculo.
3358 2366 3391 2407 a
3461 2341 3590 2411 Hic
3633 2329 3883 2412 secun·
3999 2363 4128 2427 ιθ

2332 2448 2495 2517 dum
2574 2448 2775 2539 hujus
2841 2451 3072 2540 partis,
3144 2449 3214 2515 in
3289 2472 3427 2541 quo
3509 2459 3878 2542 postquam

2332 2558 2659 2650 praemisit
2713 2557 3137 2647 petitionem.
3197 2558 3553 2649 subjungit
3608 2559 3881 2650 petendi

2332 2667 2802 2734 necessitatem
2852 2665 3217 2756 duplicem.
3277 2666 3453 2745 Una,
3516 2669 3885 2738 multitudo

2333 2775 2790 2866 pereuntium,
2824 2782 2890 2842 et
2929 2783 3284 2864 captorum
3331 2777 3401 2842 in
3461 2775 3705 2868 laqueo
3751 2778 3889 2845 ini-

2335 2882 2520 2950 mici.
2597 2879 2779 2962 Alia,
2838 2882 3090 2947 veritas
3156 2881 3660 2971 adjuvantium,
3763 2884 3885 2964 ibi,

2341 3013 2374 3053 α
2408 2985 2882 3077 Sinqulariter
2915 3008 3096 3053 sum.
3135 3010 3168 3051 a

2433 3092 2608 3160 Dicit
2674 3113 2898 3184 ergo:
2963 3089 3077 3160 Sic
3140 3114 3337 3185 rogo,
3408 3116 3535 3164 nec
3607 3098 3886 3179 mirum,

2341 3204 2503 3295 quia
2545 3231 2580 3265 α
2635 3211 3040 3293 peccatores,
3100 3227 3133 3268 a
3175 3225 3471 3294 quorum
3503 3228 3755 3297 magna
3792 3217 3895 3278 est

2343 3307 2735 3393 multitudo,
2771 3336 2805 3373 α
2848 3308 3090 3377 cadent
3127 3312 3199 3377 in
3237 3312 3574 3380 retiaculo
3628 3315 3808 3403 ejus,
3853 3341 3886 3382 s

2340 3419 2696 3503 daemonis,
2755 3418 3126 3487 adulatoris
3183 3419 3253 3486 in
3311 3421 3436 3490 reti
3476 3420 3807 3493 daemonis
3870 3449 3888 3494 :

2343 3528 2530 3619 quia,
2562 3525 2820 3594 Habac.
2862 3547 2911 3607 1,
2949 3527 3057 3607 15,
3099 3525 3388 3595 dicitur:
3436 3529 3894 3624 Conqreqavit

2345 3637 2417 3704 in
2446 3644 2582 3704 rete
2605 3658 2835 3703 suum.
2867 3636 3094 3728 Super
3118 3635 3247 3705 hoc
3288 3636 3668 3721 letabitur,
3699 3653 3764 3710 et
3781 3665 3898 3711 esc·

2341 3742 2659 3813 sultabit.
2717 3742 3135 3830 Adulatoris‚
3196 3744 3280 3815 de
3354 3768 3494 3838 quo
3561 3747 3893 3823 Proverb.

2345 3876 2532 3931 xxix,
2572 3854 2613 3922 5
2658 3875 2674 3921 ε
2709 3854 2929 3921 Ilomo
2967 3855 3092 3945 qui
3118 3852 3401 3924 blandis
3424 3857 3740 3949 fictisque
3764 3883 3902 3929 ser-

2346 3960 2665 4029 monibus
2696 3958 3006 4052 loquitur
3042 3983 3198 4029 cum
3256 3963 3477 4031 amico
3542 3988 3695 4045 suo,
3765 3976 3903 4036 rete

2350 4068 2681 4161 expandit
2700 4066 2994 4160 pedibus
3039 4067 3217 4157 ejus.
3263 4066 3340 4136 ln
3387 4067 3496 4138 his
3543 4073 3906 4164 capiuntur

2350 4186 2761 4268 peccatores,
2822 4175 2983 4266 quia
3038 4198 3180 4244 non
3244 4177 3504 4248 vident.
3568 4179 3901 4250 Proverb.

2353 4286 2567 4364 w,19
2612 4306 2629 4351 ε
2702 4283 2824 4351 Via
2880 4282 3254 4373 impiorum
3314 4284 3666 4356 tenebrosa
3698 4311 3723 4356 .·
3787 4312 3911 4357 ne-

2352 4394 2577 4462 sciunt
2632 4390 2752 4459 ubi
2807 4399 3156 4458 corruant.
3230 4388 3368 4459 Sed
3435 4391 3673 4463 Sancti
3736 4419 3905 4479 non,

2356 4503 2518 4596 quia
2583 4501 2834 4572 oculati
2872 4508 3028 4567 sunt
3094 4499 3426 4592 undique,
3469 4501 3802 4575 Ezechiel.
3856 4529 3905 4588 1,

2356 4612 2398 4677 4
2418 4618 2484 4678 et
2504 4632 2679 4699 seq„
2711 4606 3055 4675 Animalia
3083 4614 3320 4675 sancta
3356 4605 3700 4680 habebant
3737 4634 3911 4682 ocu-

2358 4716 2463 4785 los
2491 4724 2649 4784 ante
2679 4722 2746 4783 et
2784 4722 2991 4784 retro.
3022 4712 3106 4781 Et
3132 4716 3411 4804 pennati
3457 4736 3474 4785 ε
3528 4718 3708 4788 unde
3755 4742 3912 4788 sur-

2358 4846 2512 4892 sum
2581 4829 2739 4888 sunt
2833 4819 3104 4889 elevati.
3182 4818 3516 4892 Proverb.
3596 4848 3643 4906 1,
3737 4828 3816 4896 1‘1
3889 4851 3907 4896 ε

2360 4934 2653 5000 Frustra
2680 4927 2955 5018 jacitur
2981 4936 3119 4995 rete
3154 4939 3318 4997 ante
3369 4930 3606 4999 oculos
3650 4957 3914 5024 penna·

2361 5047 2612 5105 torum.

2456 5268 2491 5308 ι
2524 5241 2997 5334 Sinqulariter
3019 5262 3200 5309 sum.
3238 5266 3273 5310 ι
3306 5242 3480 5313 Ecce
3508 5245 3911 5317 secundum.

2364 5349 2576 5429 Quasi
2605 5350 2859 5419 diceret
2897 5369 2915 5416 ε
2968 5347 3084 5419 Sic
3111 5357 3216 5419 est
3261 5358 3616 5443 captorum
3663 5376 3918 5447 magna

2366 5455 2757 5535 multitudo,
2791 5461 2859 5523 et
2903 5455 3109 5523 etiam
3154 5480 3186 5519 ιι
3237 5477 3360 5544 eqo
3394 5478 3549 5523 snm
3587 5459 3914 5551 sinqrela-

2363 5569 2556 5653 riter,
2616 5597 2647 5629 υ
2713 5567 2857 5635 sine
2913 5563 3281 5655 adjutorio,
3318 5590 3352 5629 ι
3415 5567 3628 5636 donec
3683 5581 3917 5638 trans-
