5008 6329
442 904 505 967 4

668 270 794 332 4415

674 449 740 502 nt
811 441 1225 503 mensuraret
1275 450 1545 515 poenam
1605 421 1973 489 secundum
2007 440 2200 483 men-

668 569 896 613 suram
953 537 1348 628 iniquitatis
1420 533 1581 601 Luc.
1642 555 1760 611 vu,
1812 534 1849 595 2
1889 553 1901 596 :
1943 530 2025 594 In
2064 549 2199 616 qua

666 672 983 719 mensura
1022 646 1233 712 mensi
1259 643 1559 733 sueritiS,
1591 651 1717 708 etc.

759 988 792 1023 «
830 961 925 1025 Et
979 981 1205 1025 omnes
1259 958 1407 1023 vias
1449 976 1654 1020 meas.
1704 977 1736 1015 »
1789 936 1957 1016 Ecce
2010 969 2205 1036 quar-

666 1077 834 1136 tum.
881 1067 1089 1147 Quasi
1120 1066 1370 1133 diceret
1403 1087 1417 1129 ε
1457 1060 1570 1126 Sic
1606 1057 1987 1146 cognovisti
2025 1054 2205 1144 cogi-

662 1181 955 1246 tationes
986 1184 1053 1243 et
1088 1173 1499 1244 affectiones,
1544 1175 1609 1234 et
1648 1168 1946 1256 ipsarum
1987 1186 2206 1255 quan-

660 1289 889 1356 titates
925 1309 939 1352 ε
970 1313 1002 1348 «
1026 1294 1087 1350 et
1109 1308 1143 1347 ι»
1178 1281 1381 1348 etiam
1417 1301 1451 1343 α
1493 1299 1719 1344 omnes
1747 1276 1893 1341 vias
1923 1296 2129 1350 meas,
2169 1297 2200 1336 n

667 1394 1092 1486 operationes
1130 1386 1405 1466 scilicet,
1454 1413 1486 1446 «
1508 1381 1914 1475 praevidisti.
1952 1406 1984 1441 »
2044 1378 2198 1454 soh,

664 1523 901 1579 xxxiv,
945 1499 1022 1563 21
1072 1516 1086 1564 ε
1132 1493 1336 1562 Oculi
1362 1491 1517 1581 ejus
1569 1512 1773 1580 super
1800 1490 1945 1554 vias
1981 1487 2207 1552 lzomi-

666 1632 857 1678 num.
900 1604 1230 1674 Proverh.
1264 1626 1406 1683 xv1,
1442 1603 1481 1668 2
1514 1624 1535 1667 .·
1571 1600 1815 1667 Omnes
1842 1597 1966 1662 vise
1990 1595 2204 1661 lzomi·

664 1719 773 1785 nis
793 1724 1035 1808 patent
1072 1712 1289 1780 oculis
1335 1708 1512 1799 ejus.
1556 1705 1760 1774 Eccli.
1826 1726 2016 1781 xxm,
2065 1703 2147 1768 28
2182 1723 2197 1765 ε

672 1823 875 1895 Oculi
910 1822 1198 1892 Domini
1224 1818 1446 1885 multo
1462 1814 1629 1907 plus
1661 1811 2023 1879 lucidiores
2047 1819 2206 1875 sunt

664 1954 869 2023 super
903 1929 1144 2005 solem,
1179 1922 1790 2013 circumspicientes
1809 1940 2035 1986 omnes
2062 1917 2208 1982 vias

666 2039 1050 2112 bominum,
1094 2036 1233 2100 imo
1291 2027 1762 2121 praevidentes.
1795 2022 1864 2090 ln
1935 2022 2202 2097 eodem,

666 2154 731 2222 ὴ.
765 2146 849 2211 29
884 2166 900 2210 z
938 2143 1235 2211 Domino
1286 2142 1419 2205 Deo
1486 2144 1857 2224 antequam
1895 2152 2208 2199 crearen-

671 2262 809 2333 tur,
843 2250 1075 2317 omnia
1111 2256 1273 2314 sunt
1310 2245 1577 2336 aqnita.

763 2491 797 2533 ι
834 2465 1016 2550 Quia
1055 2484 1190 2528 non
1219 2469 1317 2528 est
1346 2479 1588 2525 serm0.
1640 2483 1673 2516 υ
1696 2453 1826 2521 llic
1864 2458 2206 2543 quartum,

671 2574 925 2643 scilicet
979 2569 1276 2660 cognitio
1339 2564 1822 2644 intentionum,
1876 2569 1940 2627 et
1990 2565 2213 2649 potest

673 2684 767 2751 sic
816 2679 1196 2749 continuari
1240 2675 1325 2744 ad
1379 2670 1830 2765 proecedentia
1872 2691 1887 2734 :
1933 2665 2211 2735 Intelle-

673 2792 826 2857 xisti
857 2796 921 2855 et
947 2786 1075 2853 hoc
1106 2786 1335 2860 etiam,
1378 2810 1410 2842 α
1433 2781 1600 2871 quia
1619 2800 1756 2844 non
1779 2785 1875 2843 est
1902 2796 2144 2849 sermo,
2173 2798 2206 2838 ι)

672 2895 1166 2976 fraudulentiae,
1195 2921 1226 2954 «
1255 2891 1324 2957 in
1359 2888 1603 2978 linqua
1632 2908 1806 2966 mea,
1843 2910 1877 2945 ³>
1905 2890 1976 2949 ut
1998 2905 2208 2948 unum

673 3006 917 3084 dicam,
962 3010 1027 3070 ct
1066 2999 1250 3069 aliud
1300 2995 1671 3065 intendam.
1728 2992 1885 3059 Scio
1924 2991 2106 3058 enim
2140 2989 2215 3055 il-

676 3113 788 3182 lud
815 3111 1142 3181 proverb.
1167 3131 1285 3187 xn,
1320 3108 1403 3174 22
1440 3127 1455 3172 ε
1498 3101 1934 3172 Abominatio
1965 3109 2061 3168 est
2080 3101 2216 3167 Do-

676 3222 860 3288 mino
921 3216 1110 3285 labia
1157 3212 1536 3281 mendacia.
1610 3209 1913 3300 Sapient.
1950 3230 1995 3283 1,
2082 3207 2151 3272 -11
2195 3228 2209 3272 :

676 3330 912 3397 Sermo
952 3326 1297 3401 obscurus,
1341 3321 1456 3411 qui
1489 3319 1938 3387 intentionem
1969 3314 2212 3404 operit,

676 3458 815 3504 non
854 3433 1091 3524 aperit,
1127 3433 1197 3498 in
1236 3450 1491 3496 vanum
1527 3448 1661 3493 non
1693 3422 1840 3492 ibit.
1878 3420 2011 3489 Sed
2042 3422 2097 3487 si
2137 3420 2218 3487 de

678 3544 895 3632 capite
952 3536 1392 3628 intelligatur,
1454 3532 1887 3601 verissimum
1954 3537 2054 3596 est
2087 3550 2102 3593 :
2151 3527 2217 3593 in

679 3649 912 3739 lingua
942 3645 1123 3715 enim
1153 3664 1277 3711 sua
1313 3663 1452 3709 non
1500 3639 1628 3706 l’uit
1655 3636 1852 3705 dolus
1893 3636 1933 3704 ¹.
1971 3634 1999 3701 1
2030 3633 2214 3701 Petr.

682 3778 753 3834 ιι,
796 3754 879 3821 22
922 3774 939 3820 ε
980 3752 1117 3837 Qui
1132 3757 1493 3842 peccatum
1549 3767 1684 3812 non
1732 3744 1923 3834 lecit,
1962 3764 2082 3810 nec
2119 3742 2222 3808 in-

681 3871 917 3930 ventus
954 3867 1050 3926 est
1078 3857 1282 3924 dolus
1320 3857 1394 3922 in
1450 3874 1564 3920 ore
1617 3850 1793 3941 ejuS.
1860 3848 1973 3917 Sic
2017 3852 2221 3917 etiam

683 3975 912 4062 posset
941 3966 1124 4057 legi:
1169 3961 1399 4031 Habes
1450 3961 1913 4050 cognitionem
1964 3959 2222 4048 cogita-

686 4079 979 4150 tionum,
1013 4070 1475 4146 assectionum,
1508 4065 1875 4138 actionum,
1919 4072 1984 4131 et
2021 4066 2224 4131 etiam

692 4200 1116 4259 sermonum,
1157 4205 1190 4237 α
1228 4175 1395 4266 quia
1432 4195 1568 4239 non
1598 4180 1694 4238 est
1726 4192 1945 4236 sermo
1977 4170 2047 4237 in
2089 4169 2227 4237 lin-

690 4312 835 4383 qua
863 4309 1040 4363 mea,
1066 4312 1099 4348 »v
1141 4282 1257 4375 qui
1294 4289 1360 4349 te
1396 4279 1621 4348 lateat.
1658 4276 1863 4346 Eccli.
1895 4300 2053 4354 Χιιι,
2096 4279 2223 4345 20:

696 4397 852 4466 Non
888 4390 1239 4461 abscondit
1262 4410 1333 4456 se
1360 4385 1446 4456 ab
1476 4408 1551 4454 eo
1582 4385 1773 4454 ullus
1804 4407 2043 4453 serm0.

795 4741 828 4776 α
863 4715 1063 4789 Ecce,
1095 4708 1411 4785 Domine,
1463 4713 1540 4773 tu
1595 4703 1991 4796 coynovisti.
2028 4728 2063 4765 ι
2104 4701 2232 4768 llic

699 4816 991 4890 secunda
1031 4837 1185 4908 pars
1240 4815 1475 4904 primae
1522 4813 1755 4903 partiS,
1812 4811 1882 4878 in
1930 4832 2065 4901 qua
2127 4832 2232 4878 os-

693 4936 888 4996 tensa
933 4922 1228 4993 scientiae
1278 4919 1557 4988 Domini
1604 4917 2065 5010 generalitate,
2116 4939 2233 4984 os-

691 5034 908 5103 tendit
938 5031 1374 5100 eminentiam
1413 5025 1594 5095 illius
1631 5026 1945 5094 scientiae.
1981 5025 2066 5094 Et
2101 5025 2233 5115 pri·

692 5162 835 5218 mu,
868 5138 1107 5207 asserit
1128 5135 1590 5205 eminentiam.
1619 5130 1960 5214 Secundo,
1992 5132 2235 5222 probat

694 5253 1047 5325 assertam,
1087 5244 1205 5323 ibi,
1251 5270 1281 5307 ι
1321 5245 1418 5311 Tu
1443 5240 1792 5332 formasti.
1837 5268 1874 5304 n

770 5512 787 5547 ¹
818 5511 930 5568 Isa.
959 5522 1086 5574 un,
1114 5510 1148 5563 9
1182 5523 1197 5563 :
1227 5505 1394 5564 Dabit
1421 5508 1622 5579 impios
1642 5522 1751 5580 pro
1776 5508 2152 5579 capuanam...
2172 5522 2235 5564 eo

699 5600 851 5676 quod
875 5600 1231 5671 iniquitatem
1267 5613 1378 5653 non
1403 5599 1620 5668 fecerit,
1665 5613 1840 5671 neque
1874 5597 2034 5657 dolus
2057 5599 2235 5670 Ῑὶιεήε

1663 250 1742 314 D.
1800 246 1994 312 ΑΕΒ.
2048 241 2262 310 MAG.

2318 238 2523 305 ORD.
2581 236 2874 304 PRAED.

2412 415 2482 478 ln
2555 412 2765 499 prima
2847 409 2980 473 duo
3057 411 3458 494 tanguntur,
3524 423 3643 488 per
3720 419 3871 485 quw

2318 521 2688 588 eminentia
2717 517 3014 585 scicntiae
3035 513 3384 588 asseritur,
3414 506 3719 598 cognitio
3756 505 3879 569 sci-

2317 628 2471 695 licet
2499 627 2887 694 futurorum
2919 625 2989 690 in
3021 621 3281 689 ultimis
3321 612 3778 706 temporibus,
3814 619 3876 675 et

2318 735 2617 824 cognitio
2657 733 3154 824 praeteritorum
3198 731 3268 794 in
3299 724 3623 815 antiquiS.

2406 842 2524 911 Ait
2561 842 2745 909 enim
2791 863 2805 906 :
2854 837 2967 905 Sic
3022 836 3379 926 cognoscis
3427 833 3688 907 omnia,
3732 849 3882 917 quae

2315 950 2650 1040 praedixi:
2696 969 2819 1016 nec
2857 946 3035 1013 dicat
3091 944 3361 1032 aliquiS,
3433 938 3552 1005 illa
3628 956 3882 1024 cogno·

2318 1058 2473 1138 sciS,
2517 1059 2684 1147 quia
2749 1054 3134 1146 paesentis,
3172 1051 3332 1141 quia
3374 1070 3414 1115 o
3477 1070 3511 1112 c
3554 1043 3876 1119 Domine,

2317 1189 2480 1248 ecce,
2527 1192 2560 1228 »
2598 1168 2665 1231 in
2704 1171 2939 1254 aperto
2970 1169 3093 1238 est,
3144 1185 3178 1224 α
3213 1169 3290 1224 tu
3320 1153 3703 1245 coqnovisti
3731 1172 3875 1217 om-

2314 1277 2433 1342 nia
2462 1275 2858 1349 novissima,
2907 1296 2938 1335 n
2991 1268 3419 1358 temporibus
3450 1262 3710 1331 scilicet
3744 1283 3879 1327 no·-

2315 1383 2638 1450 vissimus
2677 1378 2925 1459 fienda,
2986 1402 3019 1443 α
3054 1386 3118 1442 et
3176 1374 3496 1462 antiqua,
3534 1394 3568 1435 »
3623 1366 3883 1436 scilicet

2318 1517 2356 1559 a
2386 1491 2718 1581 principio
2749 1487 2985 1556 mundi
3035 1485 3235 1552 facta.
3308 1482 3361 1548 T
3363 1481 3457 1548 ihi
3491 1481 3677 1547 enim
3707 1476 3881 1545 nihil

2320 1600 2639 1688 praeterit,
2682 1595 2853 1663 nihil
2900 1595 3207 1661 futurum
3267 1586 3593 1666 succedit,
3656 1593 3881 1652 totum

2316 1727 2616 1797 praesens
2646 1712 2748 1772 est
2783 1703 2932 1770 tibi.
2968 1697 3187 1768 Exod.
3223 1719 3321 1777 111,
3360 1696 3442 1762 14
3481 1717 3495 1761 :
3539 1695 3695 1782 qu
3720 1711 3876 1757 sum

2320 1815 2442 1904 qui
2466 1833 2646 1879 sum.
2683 1811 2767 1877 Et
2798 1812 2868 1876 in
2906 1807 3175 1884 eodem,
3222 1803 3475 1871 ibidem
3512 1824 3526 1867 ε
3580 1800 3718 1885 Qui
3749 1807 3875 1876 est,

2320 1922 2507 1988 misit
2535 1942 2642 1986 me
2669 1919 2765 1985 ad
2789 1940 2930 1983 vos.
2979 1914 3157 1982 Hinc
3206 1911 3452 1979 dicitur
3479 1907 3710 1987 idolis,
3742 1905 3881 1987 lsa,

2321 2050 2453 2111 xm,
2498 2027 2582 2092 22
2619 2047 2634 2091 z
2682 2025 2935 2092 Priora
2996 2043 3149 2112 quse
3179 2021 3470 2109 suerunt
3518 2014 3882 2082 nuntiate:

2320 2147 2384 2204 et
2405 2158 2741 2229 ponemus
2769 2156 2888 2202 cor
2929 2142 3266 2207 nostrum,
3329 2135 3394 2194 et
3426 2126 3721 2193 sciemus
3751 2144 3879 2188 no-

2321 2247 2602 2313 vissima
2631 2265 2893 2321 eorum,
2927 2252 2990 2308 et
3036 2262 3188 2330 quae
3232 2246 3521 2304 ventura
3556 2240 3723 2300 sunt
3781 2231 3884 2296 in-

2320 2355 2545 2422 dicate
2609 2351 2828 2419 nobis.
2883 2346 3282 2440 Cognovisti
3344 2345 3652 2432 antiqua,
3716 2361 3888 2429 quo-

2321 2461 2527 2529 modo
2590 2481 2711 2550 per
2756 2458 3056 2549 primum
3103 2453 3701 2543 praevaricatorem
3752 2445 3890 2514 ho-

2320 2570 2580 2635 minem
2621 2568 2882 2633 ruimus
2924 2562 2994 2630 in
3047 2567 3399 2651 peccatum
3450 2576 3717 2624 omnes.
3773 2551 3880 2619 Ad

2323 2674 2612 2741 Roman.
2648 2696 2715 2755 v,
2764 2672 2844 2738 19
2890 2669 3139 2737 :Sicut
3186 2687 3316 2757 per
3347 2661 3884 2731 inobedientiam

2324 2781 2530 2848 unius
2573 2787 2958 2870 peccatores
3003 2773 3358 2842 constituti
3418 2778 3583 2836 sunt
3639 2764 3881 2843 multi,

2324 2891 2422 2956 ita
2460 2898 2549 2968 et,
2593 2894 2719 2955 etc.
2764 2884 2849 2952 Et
2884 2881 3268 2973 cognovisti
3296 2877 3704 2952 novissima,
3742 2896 3893 2965 poe-

2325 3019 2482 3063 nam
2524 3005 2586 3061 et
2649 2990 3159 3066 mortalitatem,
3212 3009 3364 3077 quae
3435 2985 3502 3050 in
3566 2980 3890 3050 omnibus

2326 3114 2420 3172 est
2454 3111 2710 3172 secuta.
2755 3099 2860 3168 Ad
2899 3097 3194 3166 Roman.
3252 3116 3322 3167 v,
3365 3095 3444 3159 12
3491 3114 3505 3157 :
3541 3092 3741 3158 Sient
3765 3110 3891 3180 per

2326 3233 2545 3280 unum
2584 3210 2926 3277 hominem
2949 3214 3309 3297 peccatum
3341 3203 3414 3267 in
3450 3199 3635 3266 hunc
3673 3218 3887 3264 mun-

2325 3320 2491 3387 dum
2559 3318 2866 3393 intravit,
2936 3322 3000 3380 et
3051 3332 3177 3402 per
3200 3317 3562 3400 peccatum
3620 3325 3806 3371 mors
3848 3326 3870 3369 .·

2325 3427 2556 3509 etita,
2617 3431 2744 3491 etc.
2799 3420 3046 3489 Genes.
3130 3438 3226 3493 ιιι,
3294 3417 3429 3482 19:
3483 3412 3565 3480 In
3632 3408 3889 3477 sudore

2328 3532 2564 3601 vultus
2593 3531 2721 3610 tui,
2753 3537 2881 3597 etc.
2908 3525 3069 3606 soh,
3099 3546 3170 3601 V,
3197 3523 3234 3588 ‘1
3274 3543 3289 3587 ε
3324 3522 3550 3589 Homo
3580 3518 3899 3586 nascitur

2329 3639 2427 3709 ad
2453 3638 2783 3707 laborem.

2426 3873 2458 3908 α
2494 3846 2553 3912 T
2547 3866 2593 3912 u
2636 3841 2984 3932 formasti.
3023 3863 3057 3904 »
3090 3835 3222 3904 Hic
3276 3831 3522 3925 probat
3571 3828 3891 3897 eminen-

2330 3953 2497 4020 tiam
2537 3949 2814 4028 dictam,
2849 3954 2918 4013 et
2953 3944 3084 4013 hoc
3111 3965 3235 4034 per
3269 3940 3428 4008 duo.
3466 3936 3604 4004 Per
3626 3935 3894 4003 forma-

2332 4065 2589 4130 tionem
2621 4065 2688 4127 et
2706 4056 3118 4127 creationem
3148 4050 3451 4121 hominis
3477 4071 3492 4115 :
3530 4048 3685 4139 quis
3702 4044 3890 4112 enim

2333 4171 2548 4239 factor
2568 4172 2838 4261 ignorat
2865 4167 3196 4234 facturam
3225 4162 3262 4229 ?
3296 4159 3383 4227 Et
3409 4180 3533 4249 per
3562 4155 3894 4224 inflictam

2336 4300 2635 4371 poenam,
2680 4277 2801 4359 ibi,
2838 4299 2871 4340 α
2912 4275 3009 4342 Et
3039 4267 3363 4364 posuisti.
3400 4290 3435 4331 ι

2432 4382 2611 4451 Dicit
2646 4403 2809 4473 ergo
2853 4401 2871 4445 z
2908 4376 3024 4446 Sic
3069 4373 3304 4444 omnia
3369 4366 3785 4460 cognovisti,
3829 4372 3898 4431 et

2341 4491 2604 4582 prima:
2636 4497 2704 4558 et
2727 4487 2860 4556 hoc
2888 4492 3097 4578 patet,
3131 4479 3396 4570 supple,
3430 4475 3621 4567 quia,
3659 4500 3692 4535 α
3719 4481 3825 4550 tu,
3856 4494 3891 4535 ι

2337 4620 2476 4666 non
2507 4595 2705 4675 alius,
2787 4622 2822 4658 α
2852 4589 3182 4686 formasti
3245 4609 3375 4664 me,
3418 4611 3452 4646 n
3517 4588 3587 4651 et
3652 4600 3897 4649 omnes

2338 4700 2511 4770 alios
2549 4701 2620 4769 in
2657 4701 2881 4791 primo
2916 4702 3229 4788 parente,
3263 4699 3330 4758 et
3357 4689 3566 4758 etiam
3596 4693 3780 4756 certe
3826 4684 3897 4750 in

2337 4810 2550 4878 uteris
2577 4815 2874 4877 matrum
2913 4810 3301 4873 nostrarum
3332 4817 3575 4866 omnes
3603 4816 3756 4862 nos.

2430 4945 2466 4982 α
2506 4920 2601 4986 Et
2630 4914 2952 5008 posuisti,
2986 4938 3023 4976 ιο
3081 4904 3475 4999 diligende,
3523 4900 3706 4971 unde
3764 4898 3899 4967 alia

2338 5028 2561 5097 littera
2586 5024 2792 5095 habet
2826 5045 2892 5090 ια
2912 5019 3325 5113 Aggravasti
3365 5036 3575 5107 super
3611 5033 3725 5081 me
3754 5032 3903 5079 ma·

2340 5160 2506 5205 num
2549 5144 2762 5203 tuam.
2798 5158 2835 5196 ιο
2881 5129 3041 5211 Job,
3082 5151 3226 5209 xix,
3268 5128 3348 5196 21
3391 5148 3407 5193 :
3461 5119 3896 5192 Miseremini

2341 5243 2497 5328 mei,
2540 5238 2963 5309 miseremini
3007 5238 3168 5316 mei,
3226 5234 3476 5303 saltem
3505 5250 3652 5311 vos,
3694 5225 3907 5296 amici

2339 5515 2403 5569 in
2432 5530 2526 5570 ore
2553 5513 2696 5584 ejus.
