5008 6329
2142 341 2849 414 COMMENTARIUS
2900 345 2989 412 IN
3042 341 3476 412 PSALMUM
3528 344 3699 414 CIV.
4442 351 4525 417 67

1320 513 1517 594 niret,
1566 536 1600 578 e
1644 511 1927 580 verbum
1956 512 2137 603 ejus,
2185 540 2218 580 n
2252 517 2435 606 quod
2466 516 2871 607 praedixerat

1321 623 1400 689 de
1455 622 1861 690 liberatione
1905 624 2245 715 pincernae
2302 627 2504 716 regis,
2558 626 2637 692 Et
2679 632 2865 708 nota,

1322 730 1503 818 quod
1542 729 1720 798 facta
1758 739 1861 797 est
1888 730 2057 799 dura
2098 731 2466 813 tribulatiO,
2502 733 2674 798 sicut
2711 731 2870 798 dici-

1323 847 1427 905 tur
1467 836 1602 917 hic,
1628 846 1696 906 et
1725 836 1786 904 11
1828 836 2123 930 Paralip.
2161 840 2565 928 injoratioue
2606 839 2869 907 Manas-

1320 971 1438 1029 sae,
1472 948 1651 1016 circa
1673 949 2005 1019 medium.
2060 951 2249 1017 Dixit
2276 948 2661 1016 Manasses:
2697 949 2869 1016 Mul-

1320 1065 1388 1123 to
1427 1055 1707 1124 vinculo
1751 1056 1938 1137 ferri,
1995 1055 2210 1124 multa
2266 1054 2522 1123 scilicet
2560 1056 2751 1141 dura,
2802 1066 2866 1124 et

1320 1165 1537 1233 tenaci
1569 1164 2035 1245 tribulatione,
2069 1164 2460 1232 incurvatus
2498 1188 2651 1233 sum
2683 1171 2726 1232 ¹.

1404 1273 1693 1341 Ferrum
1723 1274 1933 1342 etiam
1963 1281 2064 1341 est
2100 1273 2330 1340 anima
2358 1272 2551 1353 dura,
2578 1283 2644 1342 et
2672 1275 2862 1365 quasi

1315 1384 1554 1462 ferrea,
1616 1381 1739 1452 sed
1801 1382 2070 1450 acuitur
2124 1380 2300 1449 ferro
2376 1380 2857 1450 tribulationis.

1315 1489 1645 1559 Proverb.
1686 1512 1904 1573 xxvu,
1952 1490 2031 1556 17
2071 1512 2086 1557 :
2128 1490 2420 1557 Ferrum
2467 1492 2653 1580 ferro
2694 1514 2863 1558 exa-

1313 1600 1567 1678 cuitur,
1593 1608 1659 1666 et
1684 1598 1887 1665 homo
1919 1599 2194 1666 exacuit
2211 1599 2464 1688 faciem
2489 1600 2698 1667 amici
2721 1601 2856 1666 sui.

1317 1709 1548 1776 Primo
1634 1707 1893 1776 serrum
1955 1707 2038 1775 de
2114 1715 2292 1775 terra
2357 1706 2639 1786 tollitur,
2702 1709 2863 1799 quia

1312 1818 1761 1889 existentibus
1813 1820 1886 1887 in
1942 1819 2229 1889 terrenis
2303 1819 2861 1911 occupationibus

1312 1927 1543 1997 multae
1599 1926 1788 1997 durae
1843 1926 2319 1996 tribulationes
2392 1930 2727 1997 oriuntur.
2777 1929 2862 1998 Et

1309 2037 1633 2117 secund0,
1667 2035 1753 2105 de
1789 2044 1971 2105 terra
2018 2036 2303 2117 tollitur,
2348 2039 2415 2106 in
2468 2061 2608 2129 qua
2669 2038 2854 2119 latet,

1310 2145 1584 2238 quando
1624 2147 1859 2214 anima
1887 2169 1927 2213 a
1957 2168 2241 2236 corpore
2282 2156 2655 2239 separatur.
2696 2148 2857 2233 Job,

1306 2277 1543 2335 xxvm,
1587 2256 1628 2322 2
1674 2276 1691 2322 ε
1734 2255 2030 2322 Ferrum
2060 2253 2144 2322 de
2182 2262 2364 2324 terra
2393 2255 2694 2324 tollitur.

1395 2497 1429 2539 e
1461 2472 1851 2564 Eloquium
1878 2472 2190 2541 Domini.
2230 2496 2262 2535 ι
2296 2470 2424 2540 llic
2452 2472 2851 2551 secundum,

1303 2582 1485 2676 quod
1527 2582 1823 2673 pertinet
1878 2580 1966 2649 ad
2002 2579 2525 2672 descriptionem
2566 2582 2857 2650 ministri

1302 2688 1752 2758 liberationis.
1797 2687 2161 2755 Praemissa
2201 2687 2382 2756 enim
2432 2688 2577 2776 ejus
2623 2686 2858 2755 humi-

1301 2795 1605 2877 liatione,
1664 2795 1977 2886 sequitur
2031 2793 2115 2862 de
2170 2794 2317 2885 ejus
2382 2794 2790 2864 exaltatione
2835 2815 2851 2863 ε

1298 2906 1368 2973 in
1399 2926 1536 2997 quo
1567 2901 1708 2972 duo
1745 2901 2090 2972 dicuntur.
2133 2900 2475 2972 Liberatio
2516 2927 2555 2971 a
2584 2905 2857 2973 miseria

1299 3013 1367 3080 in
1406 3033 1543 3102 qua
1582 3017 1730 3079 erat
1768 3030 1785 3079 ε
1830 3006 1963 3079 hoc
1992 3031 2266 3079 necesse
2314 3009 2439 3079 ruit
2475 3009 2563 3080 ad
2599 3009 2730 3080 hoc
2778 3019 2853 3081 ut

1294 3117 1731 3190 exaltaretur.
1764 3115 2110 3198 Secundo,
2136 3115 2401 3187 liberati
2430 3116 2851 3200 sublimatio,

1296 3226 1413 3306 ibi,
1447 3234 1514 3303 ᾗ.
1541 3226 1623 3293 21
1676 3246 1692 3294 :
1740 3248 1775 3290 ι
1817 3225 2186 3295 Constituit
2223 3248 2403 3294 eum.
2449 3252 2483 3289 ιι

1384 3334 1463 3402 ln
1510 3333 1734 3425 prima
1790 3331 1954 3401 duo.
2017 3332 2278 3411 l'rimo,
2330 3356 2534 3402 causa
2571 3341 2638 3403 et
2684 3334 2855 3404 ratio

1296 3437 1725 3509 liberationis
1789 3438 2030 3530 ipsius.
2105 3436 2447 3518 Secundo,
2516 3436 2852 3519 liberatio,

1296 3547 1417 3629 ibi,
1448 3555 1516 3626 y.
1553 3547 1643 3615 20
1680 3568 1696 3614 ε
1747 3569 1784 3614 e
1810 3546 2011 3616 Misit
2048 3569 2192 3617 ret.
2237 3571 2272 3610 ι

1391 3656 1575 3726 Dicit
1602 3677 1769 3748 ergo
1818 3677 1837 3723 ε
1874 3653 1991 3724 Sic
2036 3655 2163 3725 fuit
2200 3656 2271 3725 in
2317 3655 2633 3740 vinculis,
2674 3668 2739 3727 et
2787 3658 2857 3726 in

1304 3787 1597 3847 earcere,
1681 3763 1900 3833 donec
1964 3764 2231 3833 veniret
2311 3762 2622 3834 verbum.
2720 3765 2855 3835 Sed

1303 3871 1642 3965 numquid
1689 3872 1944 3942 venit?
1996 3869 2097 3941 lta
2135 3872 2391 3943 scilicet
2443 3895 2582 3942 non
2630 3873 2715 3943 ab
2771 3896 2855 3945 eo

1302 3979 1450 4060 fuit,
1484 3977 1604 4048 sed
1635 3999 1677 4048 a
1721 3977 1871 4048 Deo
1913 3999 1931 4046 ε
1967 3977 2130 4069 quia
2161 4004 2195 4043 e
2227 3978 2578 4072 eloquium
2609 3982 2857 4049 Domi-

1299 4089 1375 4157 ni
1401 4111 1428 4157 .·
1471 4113 1506 4154 ι
1561 4086 1851 4156 verbum
1882 4086 2011 4155 Dei
2043 4086 2295 4156 factum
2335 4087 2423 4158 ad
2458 4111 2579 4159 cor
2613 4090 2850 4182 ipsius,

1298 4218 1419 4287 per
1465 4194 1779 4288 linguam
1827 4194 1983 4276 Dei,
2019 4217 2172 4285 quae
2210 4204 2313 4265 est
2353 4197 2649 4288 Spiritus
2689 4221 2856 4267 san-

1300 4311 1474 4382 ctus.
1500 4303 1647 4395 qui,
1680 4303 1835 4372 Act.
1869 4326 1944 4382 n,
1972 4304 2039 4388 3,
2082 4305 2152 4372 in
2192 4304 2410 4395 igneis
2449 4303 2702 4399 linguis
2738 4328 2856 4400 ap·

1298 4410 1567 4505 paruit¹
1611 4431 1631 4483 τ
1680 4440 1716 4474 ι
1747 4411 2222 4501 inflammavit
2247 4436 2428 4498 eum,
2462 4442 2496 4476 ι
2571 4416 2853 4485 interius

1299 4517 1754 4589 illuminando
1810 4517 2209 4611 adspectum
2246 4519 2520 4601 mentis,
2576 4522 2854 4592 inflam-

1296 4626 1551 4696 mando
1579 4625 1929 4697 affectum.
1964 4625 2260 4720 Quippe,
2285 4627 2354 4697 in
2396 4627 2578 4698 Psal.
2620 4653 2849 4711 cxviii.

1300 4735 1453 4814 tto,
1506 4734 1682 4804 infra
1723 4735 2089 4826 :lquitum
2117 4736 2468 4829 eloquium
2512 4747 2705 4807 tuum
2750 4762 2855 4808 ve-

1294 4841 1661 4913 liementer.
1705 4840 1820 4925 131,
1861 4840 2194 4912 Proverb.
2246 4866 2413 4930 xxx,
2449 4846 2490 4914 5
2540 4866 2560 4915 ε
2613 4845 2855 4917 Omnis

1296 4974 1519 5023 sermo
1555 4952 1694 5022 Dei
1727 4950 2021 5044 iquitus,
2051 4950 2333 5048 clypeus
2368 4966 2465 5026 est
2502 4957 2855 5050 speranti-

1300 5059 1425 5131 bus
1460 5062 1534 5131 in
1568 5083 1664 5132 se.
1721 5059 1978 5131 Jerem.
2030 5082 2226 5145 xxm,
2279 5063 2365 5132 29
2417 5081 2437 5133 ε
2493 5064 2860 5159 Numquid

1299 5187 1435 5234 non
1475 5164 1681 5236 verba
1720 5188 1873 5235 mea
1891 5173 2057 5234 sunt
2083 5166 2288 5258 quasi
2325 5167 2531 5260 iquis,
2580 5177 2647 5238 et
2679 5185 2856 5238 tom-

1369 5457 1391 5496 ¹
1420 5458 1588 5518 Orat.
1618 5459 1929 5526 Manassis.
1960 5456 2123 5516 circa
2173 5453 2479 5516 medium:
2528 5458 2855 5517 Iacui-vatus

1297 5564 1414 5608 sum
1442 5545 1622 5607 multo
1650 5547 1874 5606 vinculo
1900 5549 2108 5619 terreo.
2136 5552 2199 5602 ut
2228 5562 2341 5604 non
2360 5547 2571 5621 possim
2599 5547 2855 5608 mouere

1299 5646 1466 5714 eaput
1486 5656 1693 5707 neura,
1723 5645 1776 5695 et
1805 5653 1917 5695 non
1944 5644 2024 5695 est
2049 5636 2353 5711 remit-atio
2367 5636 2531 5697 nihi.

1369 5730 1394 5768 ¹
1419 5731 1549 5789 Act.
1599 5744 1665 5801 ιι,
1712 5730 1747 5786 ³
1785 5741 1803 5785 ε
1851 5729 1928 5786 Et
1970 5735 2358 5802 apparuerunt
2393 5727 2509 5789 iltis
2553 5728 2853 5804 dispertita·

2980 538 3187 605 quom
3207 517 3505 586 malleus
3534 529 3874 588 conterens
3900 531 4142 612 petras
4168 521 4209 587 ἴ)
4241 522 4529 611 Propter

2981 622 3441 694 hocdicebaut
3486 627 3583 694 illi
3622 628 3782 708 duo,
3835 629 3921 697 ad
3950 652 4246 720 quorum
4279 653 4398 699 cor
4424 631 4529 698 lo-

2979 733 3335 824 quebatur,
3376 737 3539 804 Luc.
3567 760 3751 817 xxiv,
3788 741 3870 806 32
3917 761 3932 806 ε
3968 742 4209 808 Nonne
4246 764 4362 806 cor
4403 763 4531 808 uo-

2975 853 3196 909 strum
3235 843 3481 910 ardens
3511 855 3656 911 erat
3688 846 3757 910 in
3785 845 3980 913 nobis
4013 848 4183 914 dum
4217 847 4533 938 loquere-

2977 958 3089 1017 tur
3140 952 3210 1016 in
3259 952 3371 1018 υἰα
3424 950 3465 1018 ,9
3503 953 3886 1021 Beruardus
3934 979 3948 1022 ε
4018 983 4050 1016 κ
4094 955 4252 1023 Non
4300 964 4531 1047 potest

2988 1086 3017 1122 α
3046 1082 3285 1150 capere
3322 1060 3642 1150 frigidum
3673 1071 3908 1152 pectus
3938 1065 4227 1132 verbum
4268 1067 4440 1155 ejuS.
4489 1092 4524 1129 ιο

2971 1168 3072 1236 De
3140 1167 3284 1235 Elia
3340 1168 3585 1238 dicitur
3637 1194 3652 1236 ε
3726 1171 4009 1240 Verbum
4058 1173 4277 1263 ipsius
4323 1174 4531 1264 quasi

2970 1275 3213 1365 facula
3253 1276 3537 1344 ardebat
3567 1281 3613 1346 ³.

3063 1625 3098 1662 α
3129 1598 3325 1666 Misit
3354 1621 3491 1668 rex.
3534 1627 3566 1661 »
3610 1600 3738 1667 Hic
3776 1600 4089 1670 liberatio
4125 1613 4237 1672 :et
4266 1607 4518 1695 primo,

2972 1729 3011 1774 a
3040 1708 3353 1776 vinculis.
3391 1707 3732 1788 SecundO,
3778 1732 3817 1777 a
3845 1733 4139 1794 carcere,
4184 1712 4304 1793 ibi,
4351 1743 4386 1778 α
4426 1718 4523 1784 Ec

2965 1815 3173 1882 solvit
3211 1837 3390 1882 eum.
3431 1838 3465 1880 n

3054 1922 3139 1991 Et
3176 1922 3247 1989 in
3275 1922 3497 2013 prima
3537 1924 3839 2016 tangitur
3875 1925 4175 1994 liberans
4215 1930 4522 1997 auctori-

2966 2039 3102 2099 tate
3140 2030 3487 2122 primaria,
3521 2030 3776 2099 scilicet
3802 2055 3947 2113 rex,
3982 2041 4049 2102 et
4086 2036 4514 2119 secundaria,

2965 2138 3241 2222 scilicet,
3279 2167 3313 2201 «
3354 2139 3680 2231 Princeps
3697 2141 4156 2233 populorum.
4198 2170 4231 2210 n

3052 2246 3230 2314 Dicit
3258 2268 3463 2338 ergo:
3494 2245 3609 2315 Sic
3639 2271 3796 2316 eum
3826 2249 4138 2319 divinum
4163 2252 4515 2345 eloquium

2965 2356 3415 2425 inflammavit
3449 2380 3464 2424 :
3509 2364 3575 2425 et
3614 2366 3774 2427 tunc
3824 2387 3860 2423 α
3901 2361 4095 2430 misit
4123 2386 4270 2445 rex,
4318 2389 4350 2428 ι
4384 2363 4520 2432 hoc

2960 2467 3261 2556 cognito,
3299 2463 3389 2532 ad
3423 2464 3799 2557 principem
3830 2468 4145 2553 carceris,
4191 2496 4229 2536 α
4268 2479 4335 2538 et
4369 2471 4520 2539 sol-

2962 2575 3058 2641 vit
3086 2595 3265 2652 eum,
3303 2596 3337 2638 n
3398 2594 3439 2641 a
3476 2573 3793 2653 vinculis,
3845 2603 3880 2637 α
3903 2578 4226 2670 princeps
4277 2602 4519 2672 popu-

2965 2681 3215 2749 lorum.
3245 2704 3280 2745 a
3316 2678 3431 2747 Sic
3458 2688 3684 2770 potest
3709 2681 3844 2773 legi
3874 2682 4097 2752 littera
4128 2687 4293 2752 satis
4312 2685 4513 2756 bene.

2969 2791 3116 2872 Vel,
3149 2798 3372 2883 potest
3422 2798 3645 2859 totum
3699 2792 3929 2861 referri
3977 2794 4063 2862 ad
4122 2817 4406 2888 regem:
4451 2806 4518 2866 et

2963 2899 3093 2970 boc
3141 2898 3326 2991 quod
3369 2897 3639 2981 dicitur,
3688 2901 4007 2994 princeps
4056 2903 4514 2995 populorum,

2963 2999 3097 3092 legi
3139 3021 3296 3069 cum
3343 3001 3679 3091 sequenti.
3732 2998 3946 3080 Quasi
3983 3001 4239 3072 diceret
4283 3005 4521 3075 :Misit

2965 3131 3081 3179 rex
3118 3115 3184 3178 et
3221 3106 3427 3177 solvit
3474 3129 3660 3188 eum,
3704 3129 3828 3200 per
3874 3109 4125 3180 missos
4179 3133 4195 3180 :
4232 3137 4270 3178 α
4302 3115 4521 3183 Prin-

2961 3237 3112 3307 ceps
3132 3214 3580 3307 populorum‚
3617 3238 3651 3280 n
3682 3223 3937 3306 repete,
3982 3216 4194 3299 misit,
4241 3243 4276 3285 ι
4310 3230 4376 3289 et
4403 3221 4521 3290 di-

2964 3323 3150 3392 misit
3169 3344 3350 3403 eum,
3384 3350 3416 3385 ι
3454 3321 3537 3390 do
3567 3344 3860 3394 carcere.
3905 3324 4155 3394 Genes.
4193 3349 4330 3413 xci,
4385 3330 4515 3398 14:

2962 3433 3292 3503 Protinus
3329 3431 3427 3500 od
3459 3434 3640 3523 reqis
3665 3434 4033 3526 imperium
4073 3434 4398 3506 eductum
4436 3439 4523 3507 de

2962 3566 3227 3614 earcere
3255 3543 3504 3635 loseph
3533 3544 4001 3626 totonderunt,
4044 3568 4128 3615 oe
4155 3556 4334 3615 veste
4368 3569 4521 3616 mu-

2962 3662 3111 3722 tata
3147 3650 3570 3731 obtulerunt,
3616 3651 3881 3744 supple,
3918 3655 4086 3746 regi.
4125 3653 4240 3725 Sic
4281 3655 4519 3750 imple·

2962 3760 3060 3829 vit
3099 3757 3367 3828 Pharao
3425 3757 3611 3850 quod
3662 3760 4060 3853 praecipitur
4105 3761 4387 3854 regibus
4453 3772 4520 3832 et

2962 3868 3279 3964 praelatis.
3326 3868 3456 3964 lsa.
3505 3890 3686 3949 evin,
3719 3871 3761 3934 6
3801 3889 3819 3939 :
3872 3871 4170 3940 Dimitte
4213 3894 4350 3952 eos,
4393 3875 4520 3965 qui

2961 3977 3298 4070 confracti
3329 3987 3518 4058 suut.
3573 3976 3843 4045 liberos.
3888 3977 3999 4057 Et.
4032 3976 4199 4048 Luc.
4239 4003 4338 4060 vi,
4373 3981 4458 4050 37
4493 4004 4510 4050 :

2960 4085 3333 4168 Dimittat»,
3358 4093 3423 4152 et
3449 4083 3922 4153 dimittemini.

3050 4190 3512 4285 spiritualiter
3547 4212 3666 4260 cor
3700 4191 4209 4262 inflammatum
4259 4216 4301 4265 a
4329 4194 4515 4268 divi·
4543 4202 4869 4251 Μοῦσ-

2959 4324 3052 4372 ιιο
3082 4300 3350 4394 elequio
3379 4307 3448 4369 et
3484 4298 3815 4393 alloquio,
3846 4322 3989 4371 non
4010 4309 4237 4395 potest
4265 4308 4510 4389 teneri,

2960 4432 3085 4480 nec
3123 4405 3569 4501 compedibus
3607 4430 3943 4501 perversae
3963 4412 4512 4496 consuetudinis,

2959 4541 3085 4589 nec
3147 4539 3414 4588 carcere
3469 4515 3824 4609 profundae
3873 4517 4278 4613 voluptatis.
4354 4522 4510 4591 Act.

2959 4652 3079 4713 xu,
3110 4629 3151 4698 '¹1
3190 4636 3257 4697 et
3301 4649 3478 4721 seq..
3515 4626 3603 4697 ad
3647 4626 4053 4697 descensum
4109 4629 4389 4723 Angeli,
4448 4639 4517 4701 et

2958 4736 3335 4830 alloquium
3385 4734 3597 4817 Petri,
3639 4743 3896 4806 catenae
3937 4734 4187 4807 solutae
4226 4747 4415 4823 sunt,
4447 4747 4517 4812 et

2960 4867 3188 4917 carcer
3213 4852 3514 4939 apertus,
3548 4851 3613 4915 et
3641 4844 3852 4916 exivit
3889 4843 4165 4917 Petrus.

3050 5194 3085 5231 α
3132 5167 3502 5239 Constituit
3553 5191 3732 5237 eum.
3799 5195 3834 5234 ι
3902 5171 4032 5242 Hic
4098 5172 4507 5246 secundum.

2961 5453 3166 5528 linque
3223 5461 3511 5529 tamquam
3539 5454 3709 5526 ionis,
3755 5455 4012 5528 seditque
4063 5472 4238 5531 supra
4264 5459 4516 5533 tinnulos

2959 5561 3258 5696 cotug-cli.
3291 5651 3487 5706 nnn,
3520 5637 3570 5692 l.

4559 4259 4658 4318 qn!
4685 4258 4850 4309 divin!-
