5008 6329
654 355 787 421 252

520 601 528 608 ⁸
651 524 831 591 rium
862 524 1169 591 faciendo
1192 523 1256 589 ei
1286 520 1469 610 quod
1493 523 1830 613 praecipit,
1866 523 1990 591 sed
2059 545 2222 612 pes-

651 631 823 698 sime
856 629 1242 698 excusando
1267 628 1451 716 quod
1481 629 1737 697 factum
1770 630 1999 697 fuerit.
2047 628 2224 695 Pro-

656 745 809 827 pter
864 736 1046 826 quod
1124 745 1342 825 rogat,
1406 736 1603 815 infra,
1666 736 1853 804 Psal.
1916 759 2066 816 ext„
2127 735 2219 799 42

656 845 814 912 Non
854 840 1147 908 declines
1183 866 1300 910 cor
1339 867 1568 912 meum
1625 847 1699 910 in
1752 841 1960 909 verba
2007 839 2227 907 mali-

657 951 792 1025 tiae,
838 947 935 1013 ad
958 950 1385 1018 excusandas
1433 950 1908 1018 excusationes
1946 949 2020 1014 in
2061 970 2225 1038 pec-

653 1056 848 1124 catis.

750 1393 784 1434 α
826 1371 1048 1459 Auser
1081 1392 1126 1435 a
1164 1389 1270 1433 me
1300 1365 1774 1458 opprobrium.
1830 1393 1859 1429 υ
1921 1366 2051 1435 Hic
2117 1375 2219 1435 est

653 1475 951 1547 secunda
1025 1496 1181 1565 pars
1265 1475 1473 1541 totius
1549 1474 1912 1541 octonarii.
1997 1473 2215 1540 Petito

652 1586 836 1653 enim
906 1585 1204 1653 remedio
1261 1591 1500 1651 contra
1547 1577 1984 1649 i'ntirmitates
2044 1602 2215 1669 quas

649 1691 957 1759 habetin
986 1692 1209 1782 seipso
1258 1713 1343 1758 ex
1398 1712 1496 1771 se,
1567 1686 1681 1754 hic
1744 1694 1986 1754 contra
2045 1685 2215 1753 illud

645 1799 932 1878 malum,
967 1799 1152 1891 quod
1179 1797 1265 1867 ab
1290 1796 1424 1865 alio
1464 1820 1479 1864 :
1513 1795 1648 1863 hoc
1687 1803 1920 1862 autem
1967 1802 2070 1862 est
2098 1816 2211 1862 ex-

640 1908 955 1998 probatio
995 1917 1058 1977 et
1098 1913 1530 1996 contemptus
1586 1901 1976 1971 infidelium
2035 1903 2207 1992 inju-

639 2025 796 2083 sta:
854 2024 922 2083 et
986 2015 1304 2083 dicuntur
1365 2012 1527 2080 duo.
1591 2011 1864 2096 Primo,
1934 2010 2198 2102 petitio.

638 2123 983 2203 Secundo,
1017 2125 1367 2215 persuasio
1397 2129 1474 2189 ut
1499 2119 1871 2190 inclinetur
1917 2118 2001 2187 ad
2033 2117 2202 2187 dan-

634 2230 800 2299 dum
841 2231 1026 2323 quod
1088 2232 1282 2322 petit,
1318 2228 1437 2311 ibi,
1499 2228 1571 2297 in
1638 2230 1872 2299 medio
1937 2235 2003 2305 ᾗ.
2053 2227 2190 2296 23:

632 2365 669 2403 α
709 2339 964 2408 Servus
1001 2349 1232 2407 autem
1262 2348 1446 2407 tuus.
1489 2367 1523 2401 s

722 2445 799 2514 ln
831 2448 1047 2538 prima
1087 2450 1239 2516 tria.
1271 2447 1532 2533 Primo,
1566 2450 1738 2540 petit
1783 2450 2033 2520 auferri
2067 2476 2199 2545 op-

624 2553 928 2645 probria,
962 2564 1029 2625 et
1058 2563 1515 2647 contemptus.
1555 2555 1909 2643 Secundo,
1964 2568 2194 2629 osten-

623 2664 723 2731 ‹lit
751 2686 905 2754 quoe
935 2665 1211 2734 similla
1247 2664 1642 2755 opprobria,
1722 2666 1846 2753 ibi,
1905 2694 1940 2735 e
2006 2671 2190 2755 Quia

619 2773 1034 2842 testimonia.
1065 2803 1096 2838 s
1133 2773 1388 2856 Tertio,
1442 2797 1486 2842 a
1513 2775 1768 2866 quibus
1798 2779 2187 2866 potentissi-

616 2903 756 2961 me,
789 2889 855 2949 et
910 2883 1183 2973 quando
1240 2891 1398 2951 sunt
1456 2882 1668 2963 illata,
1731 2884 1855 2964 ibi,
1904 2892 1970 2962 ἀ.
2031 2888 2180 2955 23:

616 3017 653 3053 α
696 2991 977 3058 Etenim
1004 2992 1351 3061 sederunt.
1397 3019 1433 3056 s

701 3096 880 3168 Dicit
933 3122 1147 3192 ergo:
1213 3099 1328 3168 Sic
1385 3100 1547 3192 petii
1587 3107 1832 3170 contra
1903 3104 2182 3173 caecita·

605 3217 749 3278 tem
809 3217 878 3276 et
949 3209 1290 3288 exsilium,
1352 3218 1421 3279 et
1465 3211 1701 3290 etiam,
1766 3233 1810 3278 o
1852 3208 2175 3293 Domine,

613 3347 648 3382 «ι
686 3321 893 3409 aufer
943 3344 989 3389 a
1044 3342 1152 3389 me
1214 3319 1691 3412 opprobrium,
1730 3346 1765 3384 s
1813 3323 2001 3413 quod
2048 3346 2179 3393 an-

610 3424 729 3494 dio
795 3425 865 3493 in
980 3426 1234 3510 verbis,
1322 3455 1355 3489 ι
1422 3437 1489 3495 et
1568 3435 2070 3519 contemptum,
2134 3458 2170 3493 s

608 3556 819 3626 quem
849 3535 1154 3604 sustineo
1196 3536 1268 3602 in
1316 3533 1531 3604 sactis.
1585 3533 1674 3603 Et
1738 3543 1845 3605 est
1899 3538 2175 3631 proprie

607 3663 746 3710 vox
800 3639 1212 3712 Sanctorum
1268 3643 1341 3710 in
1411 3642 1767 3733 primitiva
1838 3642 2170 3726 Ecclesia,

601 3747 859 3839 quibus
911 3745 1478 3839 exprobrabatur,
1519 3748 1736 3840 etqui
1765 3757 2171 3820 contemne·

600 3856 875 3924 bantur.
935 3853 1080 3925 Nec
1141 3853 1276 3924 hoc
1330 3854 1569 3925 dicunt
1628 3857 1802 3950 quin
1879 3856 2173 3929 libenter

598 3963 1006 4042 sustineant,
1038 3961 1156 4033 sed
1202 3969 1279 4032 ut
1325 3963 1492 4054 ipsis
1555 3963 2168 4057 exprobratoribus

599 4078 670 4141 et
694 4069 1257 4160 contemporibus
1277 4069 1458 4140 bona
1481 4071 1858 4164 impetrent
1891 4093 1909 4141 ε
1943 4073 2167 4143 sciunt

596 4176 785 4244 enim
822 4197 897 4244 se
926 4174 1084 4244 inde
1105 4174 1463 4244 beatiores.
1504 4173 1668 4257 Job,
1701 4197 1827 4261 ιιι,
1859 4178 1951 4246 4:
2019 4179 2169 4248 De-

597 4280 869 4351 ridetur
917 4279 1110 4371 justi
1152 4282 1594 4373 simplicitas.
1664 4281 1857 4354 Psal.
1928 4305 2159 4364 nxvm,

599 4387 726 4455 1⁰:
764 4383 1155 4480 opprobria
1198 4385 1775 4480 exprobrantium
1813 4386 1948 4457 tibi
1989 4390 2168 4460 ceci-

593 4493 846 4563 derunt
864 4517 1076 4588 super
1099 4518 1233 4565 me.
1294 4493 1603 4588 Sapient.
1655 4517 1732 4583 v,
1783 4497 1855 4579 4,
1914 4496 2164 4569 dicturi

592 4609 796 4671 sunt:
840 4602 983 4673 Nos
1009 4603 1362 4684 insensati,
1413 4604 1633 4673 vitam
1681 4604 1978 4674 illorum
2004 4629 2166 4676 ·aes-

591 4703 1015 4776 timebamus
1043 4707 1415 4787 insaniam,
1482 4715 1551 4776 et
1593 4706 1809 4797 finem
1867 4707 2161 4778 illorum

583 4814 737 4883 sine
768 4812 1047 4884 honore.
1083 4812 1202 4882 Sic
1237 4813 1882 4885 contemnebamus.
1933 4813 2047 4898 Et,
2085 4815 2160 4885 in

590 4921 864 5003 eodem,
906 4928 969 5000 ὴ.
1015 4921 1106 4992 3:
1155 4924 1256 4995 112·
1294 4930 1462 4992 sunt
1531 4946 1708 5016 quos
1767 4923 2159 5017 aliquando

585 5030 965 5101 habuimus
994 5033 1066 5102 in
1096 5030 1426 5112 derisum,
1467 5040 1534 5102 et
1598 5032 1675 5102 in
1726 5031 2159 5102 similitudi-

585 5161 743 5207 nem
775 5140 1201 5233 improperii.
1257 5138 1348 5208 Et
1392 5160 1608 5231 quare
1654 5140 2153 5233 improperant,

584 5269 799 5339 qnare
842 5248 1355 5319 contemnunt?
1406 5277 1439 5313 α
1514 5247 1701 5332 Quia
1758 5249 2155 5318 testimonia

661 5505 679 5543 ¹
711 5507 879 5565 toan.
903 5524 956 5577 v,
986 5506 1076 5566 30.

653 5599 949 5668 ’Lucan
977 5599 1286 5656 22:31⁶&
1311 5601 2002 5660 mttseumvosoderint
2049 5604 2154 5660 ko-

586 5693 868 5762 mines,‚et
895 5705 1020 5748 σιιπι
1048 5686 1435 5763 sepa-aversae
1463 5705 1592 5760 vos,
1648 5696 1703 5749 et
1731 5693 2152 5765 *capt-abrose-

1675 352 1762 419 D.
1815 352 2020 420 ALB.
2073 354 2290 422 MAG.
2342 352 2547 420 om).
2599 352 2889 422 PRAED.

2335 529 2456 586 tua
2499 520 2859 610 exquisivi,
2925 543 2957 583 ιι
3044 519 3113 585 in
3183 520 3548 610 Scripturis
3605 520 3869 587 saeris:

2333 625 2526 693 multi
2567 629 2742 693 enim
2773 625 2972 695 hodie
3013 624 3349 694 habentur
3405 626 3769 717 opprobrio
3810 635 3877 693 et

2332 735 2775 824 contemptui,
2812 736 2971 824 quia
3012 734 3397 801 testimonia
3461 733 3582 800 Dei
3631 736 3876 822 exqui-

2331 839 2612 919 sierunt,
2658 851 2721 908 et
2762 841 2934 909 siunt
2986 839 3314 931 Theologi
3373 841 3871 930 acquiescentes

2333 945 2576 1016 Christi
2617 948 3072 1017 exhortationi
3112 948 3397 1017 dicentis
3432 970 3446 1013 ε
3480 948 3872 1016 Scrutami-

2328 1056 2404 1122 ni
2432 1055 2831 1146 Scripturas
3013 1066 3076 1123 et
3105 1055 3252 1124 illae
3279 1067 3441 1124 sunt
3490 1077 3639 1146 quae
3680 1056 3871 1122 testi-

2326 1165 2633 1229 monium
2691 1162 3045 1253 perhibent
3074 1162 3158 1230 de
3183 1186 3291 1231 me
3330 1164 3376 1229 ¹.
3443 1162 3857 1230 Testimonia

2326 1267 2529 1334 etiam
2573 1278 2729 1335 sunt
2768 1268 3090 1359 martyria
3118 1268 3491 1336 secundum
3525 1266 3858 1336 Glossam.

2325 1381 2548 1457 Μάρτυρ
2588 1375 2771 1443 enim
2802 1374 3028 1443 Graece
3058 1374 3238 1443 idem
3280 1374 3588 1465 estquod
3636 1376 3865 1442 testis:

2326 1488 2394 1547 et
2422 1491 2775 1572 martyreS,
2809 1482 2988 1550 idem
3035 1481 3219 1572 quod
3263 1490 3466 1549 testes
3510 1504 3525 1548 ε
3562 1491 3627 1549 et
3675 1504 3864 1548 mar-

2321 1588 2519 1677 tyria,
2553 1588 2727 1656 idem
2783 1588 2964 1678 quod
3036 1590 3451 1657 testimonia.
3497 1587 3670 1668 Quia
3700 1611 3862 1679 pas-

2318 1696 2543 1763 siones
2599 1704 2662 1763 et
2692 1696 3011 1786 martyria
3039 1695 3432 1785 quaerebam
3485 1719 3607 1787 pro
3666 1695 3856 1763 Chri-

2317 1810 2419 1870 sto
2459 1804 2619 1894 pati,
2723 1803 3246 1894 exprobrabant,
3305 1812 3371 1871 et
3464 1812 3856 1872 contemne-

2314 1910 2478 1980 bant
2517 1910 2850 1982 bomines.
2926 1913 3010 1982 Et
3090 1915 3702 2005 exprobraverunt,
3789 1926 3856 1984 et

2310 2020 2648 2109 ejecerunt
2675 2044 2926 2090 nomen
2946 2030 3256 2090 nostrum
3288 2032 3637 2115 tamquam
3700 2046 3853 2091 ma-

2306 2125 2449 2195 lum
2486 2137 2761 2221 propter
2800 2129 3041 2197 Filium
3081 2129 3382 2199 hominis
3413 2147 3459 2198 ².

2392 2473 2425 2513 e
2476 2450 2751 2517 Etenim
2792 2449 3131 2517 scdemnt.
3208 2449 3338 2518 Ilio
3382 2450 3761 2520 ostenditur
3796 2475 3836 2519 a
3969 2471 4099 2533 22

2299 2556 2568 2646 quibus»,
2600 2565 2666 2625 et
2721 2557 2991 2648 quando
3046 2557 3343 2648 patiatur
3405 2561 3557 2640 ista,
3608 2561 3838 2650 quiaa

2295 2664 2733 2755 principibus,
2758 2673 2821 2732 et
2854 2665 3191 2755 injudicio
3219 2666 3633 2735 sedentibus.
3665 2667 3842 2736 Tan-

2291 2770 2473 2861 gitur
2523 2794 2685 2862 ergo
2749 2773 2968 2863 primo
3013 2771 3286 2842 illorum
3366 2773 3718 2865 dispositio
3769 2778 3840 2842 in

2284 2877 2566 2966 judicio.
2613 2878 2949 2957 Secundo,
2992 2880 3203 2969 ipsius
3235 2881 3662 2972 impugnatio
3719 2905 3843 2973 per

2292 2982 2678 3074 opprobria,
2714 2985 2830 3064 ibi,
2877 3014 2910 3048 α
2948 2988 3047 3054 Et
3100 2987 3461 3057 adversum
3498 3010 3628 3056 me.
3659 3014 3690 3050 s

2371 3090 2489 3159 Ait
2514 3113 2677 3183 ergo
2719 3114 2735 3159 ε
2774 3091 2887 3160 Sic
2929 3092 3096 3171 dixi,
3146 3093 3332 3186 quod
3378 3093 3832 3187 opprobrium

2285 3201 2586 3270 sustineo
2631 3210 2700 3270 et
2751 3210 3273 3293 contemptum:
3338 3204 3395 3272 si
3454 3204 3734 3296 quaeris,
3794 3229 3835 3274 a

2286 3305 2587 3397 quibus?
2616 3307 2809 3388 Ecce,
2856 3335 2889 3374 α
2932 3311 3233 3392 Etenim,
3289 3335 3325 3378 s
3367 3309 3538 3400 (haec
3584 3319 3685 3380 est
3733 3335 3835 3381 as·

2281 3417 2513 3507 sertio)
2546 3418 2941 3498 «sederunt,
2986 3444 3020 3485 s
3063 3428 3413 3511 tamquam
3455 3419 3832 3489 deliberan-

2282 3530 2408 3606 tes,
2448 3533 2516 3593 et
2531 3524 2864 3615 judicium
2909 3524 3266 3618 prolaturi,
3313 3552 3347 3593 α
3381 3528 3750 3620 principes,
3791 3559 3824 3591 ›-

2282 3630 2529 3723 Supra,
2563 3635 2631 3702 in
2663 3632 2843 3702 Psal.
2879 3657 2953 3714 ιι,
2994 3636 3036 3701 2
3070 3656 3088 3704 ε
3139 3633 3579 3704 Adstiterunt
3640 3660 3827 3729 reyes

2276 3747 2494 3817 terrae,
2518 3748 2585 3807 et
2613 3740 2956 3832 principes
3000 3751 3456 3809 convenierunt
3476 3742 3546 3810 in
3578 3765 3818 3812 unum.

2282 3874 2315 3908 ι
2345 3847 2440 3915 ΕΙ
2479 3870 2514 3911 s
2550 3847 2815 3937 ipsimet
2848 3877 2879 3908 «ι
2940 3845 3402 3939 loquebantur
3454 3848 3818 3918 adversum

2273 3976 2404 4034 me,
2459 3980 2493 4017 n
2555 3953 2720 4023 mibi
2786 3955 3332 4045 improperando,
3398 3956 3815 4039 vilificando,

2273 4061 2676 4140 accusando,
2718 4071 2790 4129 ut
2829 4071 3061 4131 contra
3101 4062 3322 4154 legem
3359 4062 3485 4132 Dei
3526 4066 3652 4156 ipsi
3691 4065 3820 4135 ad-

2270 4169 2551 4237 versarii
2605 4177 2851 4246 essent,
2920 4170 3035 4260 qui
3080 4168 3349 4259 judices
3413 4193 3559 4239 esse
3606 4170 3814 4240 debe·

2268 4272 2456 4344 bant.
2506 4274 2779 4343 Denter.
2831 4296 3045 4358 xxxn,
3087 4275 3165 4344 31
3207 4277 3356 4345 :Et
3383 4276 3648 4346 inimici
3697 4301 3817 4346 no·

2263 4382 2397 4451 stri
2409 4392 2571 4451 sunt
2585 4381 2890 4473 judices,
2925 4382 3110 4476 quod
3138 4390 3242 4453 est
3263 4406 3517 4477 magna
3542 4408 3810 4475 perver-

2266 4491 2455 4563 sitas.
2495 4488 2703 4559 nich.
2749 4514 2845 4569 ιιι,
2880 4492 2921 4559 9
2964 4491 3432 4577 :Auditehoc,
3464 4493 3813 4585 principes

2265 4598 2510 4668 domus
2547 4597 2783 4677 Jacob,
2828 4608 2894 4667 et
2929 4598 3211 4690 judices
3270 4600 3519 4670 domus
3563 4600 3806 4683 Israel,

2266 4708 2432 4800 quia
2462 4707 2963 4777 abominamini
3003 4707 3392 4799 judicium,
3456 4719 3521 4779 et
3574 4714 3810 4782 omnia

2266 4823 2444 4884 recta
2463 4816 2872 4906 pervertitis,
2894 4814 3160 4904 judices
3201 4814 3357 4886 facti
3404 4826 3474 4887 et
3525 4841 3808 4889 aecusa-

2263 4929 2469 5002 tores,
2509 4923 2683 4991 sicut
2712 4921 2964 4991 tactum
2993 4922 3121 4992 t'uit
3150 4923 3221 4992 in
3252 4922 3332 4992 Β.
3370 4924 3721 5018 Stephano
3751 4927 3796 4994 ³.

2269 5030 2459 5102 Unde
2484 5039 2554 5102 et
2579 5030 2708 5103 hoc
2737 5033 2994 5123 optime
3038 5041 3349 5104 cantatur
3385 5034 3469 5105 dc
3522 5034 3664 5104 illo.

2350 5276 2386 5314 α
2416 5251 2665 5319 Servus
2700 5261 2925 5319 autem
2974 5262 3161 5320 tuus.
3197 5277 3231 5318 s
3274 5249 3401 5320 llic
3445 5251 3797 5343 persuasio

2253 5514 2394 5584 rint,
2435 5522 2486 5573 et
2514 5518 2773 5590 q'eeerint
2800 5532 2991 5573 nomen
3039 5521 3283 5573 vestrum
3343 5523 3633 5592 tamquam
3673 5536 3798 5578 ma·

2255 5606 2371 5662 ium
2391 5614 2627 5679 propter
2650 5607 2853 5663 fitium
2880 5605 3143 5663 bominis.

2324 5691 2449 5753 'CL
2482 5696 2607 5751 Act.
2640 5711 2737 5765 vn,
2758 5698 2819 5752 5¹
2851 5699 2911 5752 ct
2938 5710 3064 5768 seq.
