5008 6329
786 3496 1101 3623 “ess‘-

1879 319 2596 390 COMMENTARIUS
2646 319 2740 386 IN
2785 321 3224 391 PSALMUM
3275 321 3584 390 CXXXl.

1120 493 1252 560 duo
1287 493 1605 563 dicuntur
1646 497 1716 563 in
1756 495 2063 564 Psalmo,
2094 494 2359 571 Primo,
2388 492 2683 582 loquens

1118 600 1187 667 in
1220 624 1509 690 persona
1571 606 1740 694 justi
1799 602 2106 694 perfecti,
2162 599 2485 688 exprimit
2558 617 2686 662 ve-

1118 707 1405 778 hemens
1481 709 1895 779 desiderium
1963 703 2342 774 aedificandi
2400 702 2684 769 domum

1119 817 1268 898 Dei,
1306 821 1389 886 ab
1422 821 1831 887 aedificatore
1861 838 2054 894 ver0,
2090 813 2360 880 Christo
2430 810 2687 879 scilicet

1119 925 1247 993 sub
1285 936 1449 1016 typo
1478 925 1726 993 David.
1782 919 2126 1000 Secundo,
2189 919 2382 987 laetus
2447 917 2689 986 asserit

1122 1033 1437 1102 desiderii
1487 1034 1588 1100 sui
1622 1031 2241 1123 complementum,
2275 1028 2393 1110 ibi,
2426 1034 2491 1103 ᾗ.
2548 1028 2622 1093 11
2665 1046 2679 1091 :

1128 1171 1161 1206 (ι
1192 1144 1472 1211 Juravit
1502 1143 1845 1210 Dominus
1881 1139 2191 1208 David.»

1214 1249 1292 1316 In
1319 1251 1542 1341 prima
1581 1257 1772 1341 parte
1812 1248 2241 1316 demonstrat
2296 1242 2684 1333 exprimens

1125 1358 1563 1442 desiderium,
1615 1367 1682 1427 et
1719 1358 1890 1448 petit
1926 1364 2006 1424 ut
2049 1351 2479 1423 aedificatoris
2535 1369 2691 1416 me-

1123 1466 1415 1534 moriam
1456 1465 1706 1533 habeat
1761 1464 1972 1531 DeuS.
2046 1457 2394 1540 Secundo,
2459 1459 2688 1547 ipsum

1124 1577 1373 1644 excitat
1438 1596 1643 1664 quem
1714 1570 2059 1661 rogitavit,
2130 1575 2208 1636 ut
2270 1564 2686 1654 adjutorium

1125 1682 1451 1774 praebeat,
1516 1679 1637 1760 ibi,
1690 1687 1754 1756 ᾗ.
1819 1679 1911 1746 8:
1960 1704 1993 1768 ᾳ
2073 1677 2323 1765 Surqe,
2367 1671 2686 1753 Domine,

1126 1794 1194 1859 in
1228 1792 1553 1881 requiem,
1599 1815 1632 1851 »

1216 1897 1294 1965 ln
1359 1898 1583 1988 prima
1643 1895 1804 1964 duo.
1897 1892 2161 1971 Primo,
2224 1887 2562 1979 supplicat
2615 1893 2691 1953 ut

1122 2005 1550 2073 aedificatoris
1589 2001 1838 2070 habeat
1878 1997 2311 2067 memoriam.
2340 1991 2688 2078 Secundo,

1130 2113 1556 2180 demonstrat
1595 2134 1681 2180 ex
1744 2107 1995 2200 quibus
2062 2105 2333 2174 noverit
2389 2101 2688 2170 fiendam

1122 2219 1679 2297 aedificationem,
1725 2216 1845 2296 ibi,
1886 2222 1953 2290 ὴ.
1998 2214 2038 2280 6
2074 2235 2089 2279 :
2138 2237 2172 2278 ι
2208 2213 2380 2279 Ecce
2407 2208 2692 2278 audivi-

1122 2351 1299 2395 mus,
1341 2354 1372 2389 n

1212 2434 1287 2502 ln
1320 2437 1540 2526 prima
1579 2435 1709 2500 tria
1753 2432 2098 2500 dicuntur.
2160 2425 2422 2505 Primo,
2495 2431 2692 2514 rogat

1123 2552 1197 2611 ut
1234 2543 1636 2612 memoriam
1670 2539 1919 2607 habeat
1959 2538 2042 2605 de
2086 2534 2524 2603 aedificatore.
2563 2529 2692 2598 Se-

1124 2652 1376 2731 cundo,
1448 2672 1723 2719 causam
1803 2648 2109 2738 assignat
2174 2664 2382 2735 quare
2449 2638 2692 2708 debeat

1125 2761 1400 2837 habere,
1476 2758 1597 2838 ibi,
1672 2785 1702 2820 «
1795 2757 1890 2823 Et
1963 2753 2187 2822 onmis
2289 2755 2694 2817 mansuetu-

1124 2872 1331 2938 dinis.
1371 2896 1404 2932 n
1436 2868 1692 2945 Tertio,
1736 2865 1820 2933 ad
1853 2864 2017 2956 quid
2065 2861 2231 2930 velit
2293 2861 2517 2950 ipsum
2565 2856 2693 2925 ha-

1126 2979 1283 3048 bere
1341 2979 1488 3067 ejus
1533 2975 1970 3053 memoriam,
2072 2980 2140 3041 et
2206 2972 2274 3038 in
2333 2989 2496 3060 quo,
2568 2964 2687 3050 ibi,

1124 3094 1188 3164 5.
1225 3088 1265 3153 2
1302 3107 1317 3151 ε
1367 3110 1398 3150 α
1429 3082 1951 3173 Sicutjuravit.
1989 3106 2023 3146 ιι

1216 3405 1396 3473 Dicit
1435 3426 1597 3495 ergo
1633 3425 1650 3471 z
1697 3402 1835 3480 Sic,
1888 3400 2210 3477 Domine,
2287 3394 2586 3474 confido,
2630 3400 2693 3462 et

1131 3538 1240 3583 me
1272 3512 1624 3581 humiliter
1647 3510 1818 3579 nihil
1850 3531 1999 3579 esse
2038 3508 2208 3590 scio,
2251 3505 2372 3574 sed
2409 3526 2451 3573 o
2479 3528 2514 3569 ι
2546 3506 2697 3572 Do-

1132 3623 1337 3707 mine,
1373 3646 1409 3688 ι
1444 3642 1641 3713 rogo,
1679 3644 1713 3686 ι
1757 3627 2091 3686 memento
2144 3613 2406 3694 David,
2448 3637 2482 3677 ιι
2560 3611 2698 3700 spi·

1132 3727 1392 3798 ritualis
1481 3724 1919 3795 aedificatoris
1999 3721 2341 3800 Ecclesiae‚
2436 3718 2695 3788 scilicet

1126 3974 1303 4049 apres
1333 3973 1390 4029 la
1437 3971 1739 4045 captivite,
1789 3976 1850 4026 ct
1878 3985 1959 4027 on
1994 3967 2091 4027 n'a
2138 3966 2303 4042 point
2360 3964 2694 4039 d'exemple

1128 4065 1300 4121 ‹le-ce
1335 4080 1473 4119 nom
1525 4060 1811 4135 applique
1843 4058 1996 4117 dans
2042 4059 2098 4115 le
2149 4074 2290 4116 sens
2337 4056 2496 4131 large
2545 4056 2582 4113 a
2611 4073 2693 4114 un

1130 4155 1344 4228 simple
1376 4153 1517 4210 chef
1532 4152 1611 4208 du
1644 4151 1862 4225 peuple
1888 4167 1905 4219 ;
1930 4167 2007 4207 on
2030 4156 2122 4207 est
2139 4148 2296 4207 donc
2326 4148 2465 4205 bien
2496 4146 2695 4221 oblige

1128 4245 1202 4299 de
1247 4260 1322 4299 ne
1381 4243 1551 4315 point
1588 4239 1877 4313 depasser
1932 4238 2208 4313 l'epoque
2266 4240 2344 4295 ou
2400 4236 2491 4294 les
2545 4236 2696 4293 Juirs

1127 4334 1363 4391 avaient
1417 4349 1497 4388 un
1551 4330 1663 4400 roi,
1694 4346 1799 4386 sur
1842 4329 1901 4385 la
1932 4330 2049 4385 tete
2080 4325 2307 4400 duquel
2348 4326 2391 4383 il
2427 4326 2560 4384 leur
2605 4326 2695 4383 sut

1126 4424 1557 4482 actuellement
1572 4420 1836 4495 possible
1855 4418 2262 4493 d’appelerlee
2279 4417 2695 4475 benedictions

1129 4514 1382 4571 divinos.
1424 4511 1481 4568 Si
1513 4511 1710 4568 meme
1759 4528 1835 4568 on
1870 4524 2187 4581 remarque
2212 4524 2352 4566 avec
2381 4506 2555 4580 queis
2585 4505 2695 4563 de-

1131 4604 1267 4662 tails
1317 4603 1377 4659 la
1428 4600 1787 4657 translation
1840 4600 1917 4657 de
1973 4596 2194 4656 l'arche
2249 4603 2343 4656 est
2387 4594 2692 4671 lappelee,

1134 4695 1224 4762 ἢ.
1257 4693 1369 4759 ῦ·8,
1411 4707 1488 4747 on
1522 4689 1651 4745 doit
1693 4688 1977 4746 conclure
2029 4704 2147 4762 que
2204 4687 2260 4745 le
2315 4703 2563 4762 psaume
2594 4684 2694 4745 n'a

1129 4799 1234 4855 pas
1263 4781 1358 4837 6ῑό
1384 4777 1667 4851 compos&
1695 4783 1826 4851 trop
1858 4776 2194 4851 longtemps
2224 4775 2400 4850 apres
2429 4781 2528 4833 cet
2555 4774 2690 4832 6νέ-

1131 4876 1400 4937 nement,
1446 4866 1753 4941 peut-etre
1784 4883 1926 4923 sous
1956 4865 2247 4933 Roboam,
2298 4882 2376 4922 ou
2404 4864 2529 4922 l'un
2584 4864 2691 4922 des

1129 4975 1510 5018 successeurs
1530 4957 1604 5014 de
1628 4956 1808 5013 David
1843 4956 1931 5014 les
1962 4956 2099 5033 plus
2129 4956 2438 5030 epmuves.

1202 5052 1276 5108 Le
1309 5064 1558 5123 psaume
1588 5062 1654 5105 se
1706 5044 1896 5103 divise
1951 5062 2027 5104 en
2059 5044 2213 5104 deux
2268 5045 2492 5119 parties
2545 5044 2696 5103 dont

1128 5140 1340 5199 Patrizi
1373 5136 1606 5212 siguale
1636 5152 1776 5192 avec
1826 5137 2029 5193 raison
2063 5137 2120 5194 le
2182 5135 2403 5209 pax-fait
2441 5135 2695 5208 paralle-

1131 5232 1339 5298 lisnu·;
1381 5230 1531 5285 dans
1559 5228 1613 5283 la
1645 5227 1964 5300 meniis-re,
2002 5227 2089 5295 ii.
2130 5231 2267 5294 ΜΟ,
2302 5225 2355 5282 le
2386 5226 2693 5299 psalmists

1129 5321 1398 5396 rappelle
1429 5336 1497 5378 ce
1529 5335 1645 5392 que
1676 5315 1858 5375 David
1880 5332 1917 5374 a
1944 5315 2055 5374 ruit
2080 5333 2235 5391 pour
2264 5315 2322 5374 la
2353 5316 2590 5374 maison
2619 5315 2693 5374 de

1126 5411 1346 5470 lehova
1374 5428 1391 5479 ς
1422 5409 1577 5467 dans
1606 5408 1670 5465 la
1698 5405 1980 5476 seconde,
2003 5407 2096 5477 55.
2132 5407 2323 5477 ¹¹48,
2352 5422 2421 5465 ce
2450 5422 2569 5479 que
2596 5405 2695 5463 Je-

1128 5504 1281 5561 bova
1308 5516 1345 5558 a
1373 5499 1604 5575 promis
1634 5499 1709 5557 de
1758 5496 1908 5554 taire
1956 5512 2111 5571 pour
2153 5495 2336 5555 David
2371 5502 2434 5553 et
2459 5512 2529 5554 sa
2556 5496 2692 5555 dee·

1128 5591 1457 5655 cendance.
1491 5590 1769 5647 L’auteur
1799 5588 1967 5644 sacre
2020 5602 2096 5644 ne
2145 5585 2236 5643 dit
2270 5586 2402 5644 rien
2425 5584 2501 5643 de
2531 5584 2691 5660 plue,

1130 5684 1285 5743 mais
1314 5698 1393 5740 on
1420 5679 1543 5736 voit
1568 5677 1929 5736 clairement
1957 5674 2103 5751 qu'il
2133 5692 2209 5734 ne
2240 5675 2554 5751 prendrait
2581 5692 2688 5752 pas

4218 318 4346 385 393

2790 489 3063 559 Christi.
3119 492 3270 580 Ipse
3312 494 3496 559 enim
3565 512 3764 556 verus
3823 485 4068 563 David,
4138 506 4349 551 manu

2788 597 2980 664 fortis
3021 597 3299 665 scilicet.
3366 595 3692 664 Proverh.
3737 618 3927 674 xxxr,
4009 595 4090 662 19
4130 615 4143 659 :
4186 594 4350 658 Μα-

2788 727 2958 772 num
2995 728 3198 773 suam
3227 706 3417 772 misit
3446 704 3543 771 ad
3573 704 3814 793 sortia.
3886 699 4091 769 Mich.
4138 721 4232 776 111,
4278 698 4345 777 8,

2790 813 3037 883 dicitur
3076 816 3144 882 in
3176 836 3469 905 persona
3528 814 3787 904 ipsius:
3842 813 3995 900 qu
4051 808 4351 899 repletus

2786 948 2942 990 sum
2978 924 3397 1015 fortitudine
3431 923 3716 1013 spiritus
3742 919 4055 988 Domini.
4111 915 4197 982 Et
4224 914 4352 983 ad-

2791 1040 3031 1122 spectu
3136 1029 3630 1099 desiderabilis.
3712 1026 3968 1095 Cantic.
4053 1047 4129 1107 u,
4201 1022 4282 1088 14
4329 1043 4344 1088 :

2794 1137 3086 1207 Ostende
3115 1138 3291 1204 mihi
3324 1137 3577 1226 faciem
3618 1144 3837 1216 tuam,
3909 1132 4343 1208 exteriorem,

2797 1267 2947 1335 quae
2984 1243 3184 1312 valde
3224 1241 3509 1334 pulchra
3557 1242 3704 1310 fuit.
3763 1239 3942 1307 Psal.
4017 1260 4200 1316 κων,
4244 1237 4284 1305 3
4329 1257 4345 1302 :

2793 1351 3154 1441 Speciosus
3215 1353 3476 1440 forma,
3547 1355 3673 1416 etc.
3735 1345 3820 1413 Et
3922 1343 4347 1421 interiorem,

2795 1466 3071 1549 propter
3101 1456 3287 1548 quod
3334 1456 3602 1534 dicitur,
3652 1453 3904 1521 Jerem.
3956 1474 4148 1534 xxxi,
4210 1449 4293 1516 23
4332 1470 4347 1515 :

2795 1566 3163 1634 Benedicat
3238 1564 3367 1632 tibi
3465 1563 3830 1640 DominuS,
3899 1558 4350 1651 pulchritudo

2781 1672 3111 1762 justitiae.
3220 1671 3510 1762 Propter
3571 1668 3755 1761 quod
3830 1667 3992 1735 dicit
4077 1662 4347 1744 Petrus,

2794 1782 2821 1848 Ι
2855 1781 3039 1850 Petr.
3087 1805 3132 1862 1,
3174 1782 3296 1847 12:
3326 1781 3410 1848 In
3443 1801 3668 1870 qum,
3703 1775 3957 1845 scilicet
3989 1773 4347 1865 Spiritum,

2795 1890 3190 1958 desiderant
3236 1888 3490 1980 Anqeli
3538 1888 3942 1980 prospicere.

2897 2026 2926 2063 α
2989 2000 3085 2066 Et
3151 1999 3372 2067 omnis
3446 1993 3995 2064 mansuetudinis
4067 1990 4247 2080 ejus.
4313 2012 4348 2054 ι

2796 2104 3008 2185 Quasi
3093 2105 3396 2174 diceret:
3467 2103 3622 2196 lpsa
3695 2097 4149 2170 mansuetudo
4228 2118 4353 2165 sua

2795 2236 3000 2285 causa
3038 2214 3127 2282 sit
3155 2211 3665 2289 recordationiS,
3709 2209 3796 2279 ad
3830 2209 4154 2279 litteram.
4205 2204 4356 2274 Lit-

2797 2320 3028 2391 teralis
3087 2318 3312 2388 David
3375 2317 3669 2387 multum
3740 2316 3866 2385 fuit
3920 2321 4348 2391 mansuetus,

2796 2428 2978 2520 quod
3020 2427 3374 2520 probatur,
3410 2428 3570 2518 quia
3594 2425 3893 2516 pepercit
3950 2421 4143 2492 Sauli
4209 2427 4352 2487 tam

2795 2536 3053 2606 crudeli
3090 2538 3504 2629 persecutori
3555 2530 3600 2602 ¹.
3664 2532 3801 2602 Sed
3866 2531 4083 2600 multo
4152 2551 4355 2597 man·

2794 2647 3053 2715 suetior
3107 2645 3236 2713 fuit
3289 2641 3659 2736 spiritualis
3732 2639 3950 2708 David
4011 2637 4348 2716 ChristuS,

2796 2754 2901 2823 cui
2936 2753 3170 2821 datum
3211 2759 3355 2821 erat
3384 2751 3646 2820 aPatre
3687 2755 4098 2842 praeceptum
4149 2766 4355 2815 man-

2797 2860 3204 2930 suetudinis.
3248 2858 3454 2929 Eccli.
3491 2882 3588 2943 in,
3643 2860 3723 2926 19
3770 2855 3991 2936 :Fili,
4044 2857 4116 2923 in
4144 2875 4354 2922 man-

2794 2967 3161 3037 suetudine
3203 2990 3412 3061 opera
3468 2976 3592 3034 tua
3630 2964 3904 3056 perfice.
3958 2960 4093 3042 Qui
4150 2960 4347 3037 dixit,

2797 3075 3043 3145 Matth.
3076 3098 3172 3154 xi,
3205 3076 3291 3143 29
3326 3097 3343 3143 ε
3378 3075 3633 3144 Discite
3670 3097 3713 3141 α
3751 3094 3882 3150 me.
3946 3071 4115 3162 quia
4161 3069 4354 3136 mitis

2793 3208 2975 3264 sum,
3035 3194 3103 3253 et
3145 3183 3437 3253 humilis
3481 3181 3703 3251 corde.
3765 3179 4019 3248 Jerem.
4072 3201 4142 3257 x,
4211 3177 4350 3245 19:

2796 3294 2950 3383 qu
2971 3292 3176 3383 quasi
3202 3313 3427 3382 aqnus
3480 3297 3901 3371 mansuetus,
3941 3288 4066 3378 qui
4099 3292 4355 3378 porta-

2798 3411 2914 3469 tur
2943 3400 3044 3469 ad
3065 3400 3448 3469 victimam.

2891 3747 2926 3789 ι
2967 3724 3166 3794 Sicut
3203 3722 3485 3812 juravit
3547 3723 3869 3791 Domino.
3907 3745 3940 3787 ι
4019 3719 4147 3790 Ηίο
4205 3728 4350 3790 ter-

2799 3972 2858 4029 la
2888 3970 3065 4045 peine
3094 3970 3169 4029 de
3215 3977 3532 4045 rapporter
3556 3987 3655 4028 ces
3678 3970 3956 4043 antiques
3984 3985 4348 4044 promeesee,

2801 4068 2860 4119 et
2886 4059 3077 4119 deles
3103 4060 3385 4135 reppeler
3411 4076 3487 4120 eu
3515 4062 3794 4118 couvenit-
3820 4060 3895 4118 de
3927 4060 4094 4129 Dieu,
4124 4058 4177 4117 ei
4197 4057 4351 4117 dans

2799 4152 2857 4209 le
2896 4157 3165 4210 moment
3187 4155 3263 4208 ou
3295 4152 3339 4209 il
3363 4151 3533 4217 ecrit.
3571 4150 3755 4208 lsrael
3800 4157 3862 4208 et
3888 4149 3945 4208 le
3982 4147 4356 4207 descendant

2799 4241 2872 4299 de
2904 4240 3085 4298 David
3107 4240 3472 4315 jouissaient
3496 4239 3571 4297 de
3599 4239 3658 4297 la
3680 4238 4012 4314 prosperite
4036 4240 4351 4297 annoncee

2797 4349 2873 4389 au
2905 4332 3085 4406 pieux
3116 4332 3230 4389 roi.

2872 4421 2980 4479 Les
3010 4420 3103 4491 ἢ.
3132 4424 3153 4477 ¹
3178 4423 3227 4487 1,
3260 4423 3348 4490 ¹2,
3402 4420 3826 4494 reproduisent
3876 4436 3995 4476 une
4044 4434 4353 4494 promeese

2798 4511 2900 4585 qui
2932 4512 3030 4568 n’a
3083 4509 3712 4585 d’accomplissement
3755 4526 3874 4583 que
3926 4508 4080 4567 dane
4126 4508 4185 4567 le
4213 4524 4355 4566 sene

2798 4601 3207 4674 messianique
3242 4598 3355 4658 :de
3383 4599 3445 4658 la
3483 4599 3882 4673 l'explication
3906 4615 4024 4673 que
4049 4597 4140 4656 loe
4169 4599 4350 4656 Pet-es

2800 4689 3077 4751 donnent
3101 4690 3176 4749 de
3207 4695 3336 4749 tout
3390 4690 3448 4748 le
3474 4706 3744 4766 psaume.
3799 4712 3830 4742 α
3861 4690 3990 4748 Non
4032 4695 4126 4746 est
4153 4687 4355 4746 embi-

2801 4804 2829 4833 α
2853 4797 3037 4855 guum
3068 4780 3215 4855 quin
3271 4779 3452 4837 etiam
3489 4779 3590 4836 hic
3644 4778 3936 4854 prophete
3991 4778 4262 4853 egregius
4293 4781 4356 4836 et

2801 4893 2831 4921 «ι
2863 4885 3119 4946 magnus
3147 4868 3220 4927 de
3249 4886 3318 4927 eo
3350 4867 3555 4937 David,
3586 4869 3688 4943 qui
3718 4874 3925 4944 postea
3966 4867 4214 4936 exstitit,
4244 4865 4348 4925 Dei
4441 4926 4454 4945 ‚

2803 4959 3095 5033 «spiritu,
3125 4959 3432 5033 propheto
3506 4959 3707 5017 otsscio
3763 4959 3843 5017 sit
3883 4957 4140 5024 locutus,
4173 4978 4199 5010 ι
4259 4957 4349 5015 dit

2797 5049 2855 5105 S.
2889 5048 3132 5107 Bilaire.
3165 5049 3251 5107 Cf.
3284 5050 3499 5107 Euseb.
3560 5049 3865 5107 Demonst.
3911 5065 4115 5122 evang.
4149 5064 4224 5115 iv,
4257 5050 4347 5119 ¹6,

2797 5140 2863 5209 ὃς
2897 5157 2992 5206 vn,
3020 5137 3080 5208 2,
3110 5142 3179 5208 23
3210 5140 3268 5197 S.
3302 5142 3508 5212 Prosp.
3549 5145 3661 5196 etc.
3715 5137 3967 5213 L’Eglise
4023 5137 4348 5212 l'applique

2798 5230 2961 5287 aussi
2993 5247 3068 5288 au
3102 5230 3308 5287 blessie
3340 5230 3490 5287 dans
3521 5231 3607 5287 les
3639 5231 3856 5303 vepres
3877 5229 3951 5285 de
3980 5229 4147 5286 Noel.

3790 5409 3859 5467 u.
3891 5408 4153 5469 Lustru-

2865 5591 2885 5629 ¹
2921 5590 3008 5649 Cf.
3044 5592 3069 5649 1
3099 5593 3239 5665 neg.
3271 5608 3425 5662 xxiv,
3447 5593 3480 5648 5
3509 5596 3571 5651 et
3590 5607 3716 5667 seq.
