5008 6329
1808 411 2519 484 COMMENTARIUS
2567 411 2661 478 IN
2708 407 3144 477 PSALMUM
3194 407 3573 476 CXXXIX.

1091 611 1301 655 manu
1367 591 1607 674 leonis,
1688 604 1751 661 et
1828 593 1910 662 de
1982 615 2197 661 manu
2265 590 2432 662 ursi,
2501 587 2643 673 ipse

1091 699 1414 770 liberabit
1443 728 1550 771 me
1597 705 1680 772 de
1738 728 1954 772 manu
2014 699 2358 771 Plzilistaei
2393 695 2634 782 lzujus.

1085 806 1242 885 Job,
1282 832 1348 884 v,
1418 811 1495 877 15
1556 833 1578 875 .·
1637 810 1934 878 Salvum
1998 807 2208 896 saciet
2263 822 2545 893 eqenum
2598 821 2641 864 a

1083 914 1327 1004 qladio
1367 917 1509 981 oris
1547 937 1812 993 eorum,
1856 922 1919 980 et
1968 912 2054 978 de
2101 932 2314 977 manu
2356 908 2641 976 violenti

1081 1043 1481 1111 pauperem.

1179 1261 1211 1298 α
1259 1233 1397 1315 Qui
1470 1233 1971 1321 coqitaverunt.
2054 1258 2086 1293 n
2157 1228 2283 1296 Hic
2337 1228 2639 1317 tangitur

1082 1339 1638 1430 persequentium
1673 1339 1986 1405 intentio.

1172 1447 1379 1527 Quasi
1412 1446 1667 1513 diceret
1711 1469 1725 1511 :
1767 1445 1881 1514 Sic
1932 1469 2039 1514 me
2086 1443 2346 1512 custodi
2403 1441 2487 1508 ab
2527 1438 2633 1506 his

1082 1552 1647 1643 persequentibus
1688 1576 1796 1620 me
1827 1550 2004 1619 facto
2056 1556 2121 1617 et
2158 1571 2386 1639 opere,
2431 1572 2463 1612 α
2514 1547 2636 1636 qui

1079 1661 1550 1749 coqitaverunt
1576 1661 2034 1751 supplantare
2066 1678 2566 1748 qressusmeos,
2596 1680 2628 1718 n

1080 1766 1328 1858 quibus
1404 1767 1849 1834 ambulabam
1907 1768 1976 1832 in
2024 1767 2138 1832 via
2177 1765 2323 1842 Dei,
2366 1764 2632 1830 abstra-

1077 1873 1301 1941 hendo
1344 1896 1452 1941 me
1504 1875 1589 1940 ab
1633 1873 1770 1941 illa.
1812 1872 1979 1941 Ecce
2023 1896 2260 1941 corum
2315 1871 2623 1939 intentio.

1078 1978 1405 2046 Proverb.
1452 2002 1543 2055 ιν,
1585 1980 1666 2045 16
1712 2001 1727 2045 2
1778 1981 1874 2046 Et
1904 1981 2181 2069 rapitur
2222 1999 2501 2044 somnus
2539 1973 2625 2042 ab

1075 2089 1193 2163 eis,
1228 2087 1366 2152 nisi
1406 2086 2038 2177 supplantaverint.
2089 2086 2341 2154 Jerem.
2393 2107 2486 2161 1x,
2522 2084 2562 2148 4
2606 2103 2622 2147 :

1080 2193 1319 2261 Omnis
1354 2199 1582 2282 frater
1615 2193 2080 2284 supplantans
2116 2192 2620 2284 supplantabit,

1075 2305 1130 2371 si
1189 2312 1411 2394 potest
1461 2327 1475 2370 :
1525 2304 1644 2372 sed
1694 2303 2031 2372 Dominus
2095 2328 2256 2373 suos
2304 2306 2620 2375 custodit.

1072 2410 1149 2478 In
1187 2412 1363 2479 l’sal.
1409 2435 1647 2493 xxxv1,
1693 2415 1802 2490 31,
1836 2436 2042 2503 supra
2077 2436 2092 2481 :
2135 2417 2277 2482 Les:
2314 2417 2444 2482 Dei
2470 2417 2625 2506 ejus

1072 2520 1143 2585 in
1181 2515 1384 2586 corde'
1429 2520 1670 2609 ipsius,
1704 2531 1769 2588 et
1806 2542 1944 2587 non
1984 2520 2626 2612 supplantabuntur

1063 2648 1334 2716 qressus
1372 2624 1556 2714 ejus.

1155 2965 1188 3005 ιι
1221 2939 1737 3007 Absconderunt
1763 2940 2063 3031 superbi.
2114 2968 2143 3005 ο
2209 2942 2334 3011 Hic
2373 2943 2618 3011 modus

1061 3047 1567 3139 supplantandi,
1612 3050 1774 3139 quia
1812 3049 2123 3118 latenter.

1151 3158 1266 3224 Ait
1312 3158 1495 3225 enim
1547 3180 1562 3225 ε
1619 3156 1736 3226 Sic
1774 3168 2297 3250 persequuntur,
2366 3172 2433 3231 et
2490 3162 2617 3233 hac

1061 3265 1463 3341 intentione,
1507 3274 1575 3333 et
1621 3263 1754 3333 hoc
1821 3266 2053 3348 modo,
2130 3295 2163 3329 «ι
2217 3269 2516 3359 superbi,
2574 3296 2608 3337 ι

1059 3372 1434 3448 daemones,
1515 3380 1582 3440 et
1634 3370 1952 3440 homines
2026 3373 2212 3455 mali,
2292 3384 2357 3444 et
2421 3379 2604 3458 elati,

1062 3508 1093 3542 «
1129 3478 1652 3556 absconderunt,
1723 3505 1755 3540 n
1829 3480 2141 3559 latenter,
2196 3507 2229 3546 ι
2283 3482 2607 3575 laqueum

1057 3587 1255 3664 mihi,
1318 3614 1349 3649 n
1423 3588 1641 3677 ipsam
1707 3586 1964 3656 scilicet
2036 3594 2603 3679 persecutionem,

1055 3719 1177 3787 per
1233 3696 1446 3785 ipsam
1529 3694 1959 3762 intendentes
2018 3717 2127 3763 me
2187 3695 2474 3786 dejicere
2534 3702 2604 3768 in

1054 3804 1324 3892 culpam
1366 3803 1838 3892 impatientiae,
1881 3810 1948 3869 et
2003 3801 2464 3894 blasphemiae.
2497 3807 2606 3877 Je-

1054 3934 1223 3978 rcm.
1254 3934 1322 3991 v,
1367 3912 1452 3978 26
1496 3930 1513 3979 ε
1564 3911 1830 3977 Inventi
1854 3920 2017 3977 sunt
2060 3912 2131 3978 in
2153 3913 2416 4003 populo
2455 3939 2603 3984 meo

1055 4018 1256 4109 impii
1294 4016 1699 4084 insidiantes
1746 4018 1953 4108 quasi
1993 4039 2300 4107 aecupes,
2337 4044 2603 4108 ponen-

1053 4137 1147 4195 tes
1189 4128 1469 4218 laqueos
1505 4136 1569 4193 et
1618 4126 1902 4217 pedicas
1956 4127 2055 4194 ad
2087 4129 2450 4219 capiendos
2496 4133 2603 4199 vi-

1051 4259 1182 4304 ros.
1241 4235 1402 4317 Job,
1462 4257 1656 4316 xvm,
1708 4236 1786 4305 10
1831 4257 1849 4303 ε
1899 4235 2316 4305 Abscondita
2379 4248 2476 4306 est
2529 4240 2601 4308 in

1049 4356 1233 4414 terra
1284 4343 1537 4436 pedica
1630 4344 1812 4433 ejus,
1880 4353 1945 4412 et
2017 4345 2337 4436 decipula
2404 4347 2601 4416 illius

1042 4477 1252 4544 super
1321 4453 1665 4520 semitam.
1741 4452 1824 4521 Et
1905 4452 2219 4521 diabolus
2256 4456 2595 4537 similiter,

1045 4562 1290 4629 Genes.
1334 4582 1431 4637 ιιι,
1483 4562 1613 4629 ¹5:
1667 4562 1761 4628 Tu
1818 4558 2253 4628 insidiaberis
2280 4563 2598 4631 calcaneo

1042 4669 1221 4759 ejus.
1296 4666 1445 4749 Vel,
1492 4695 1528 4732 α
1588 4667 2113 4752 absconderunt,
2179 4694 2211 4734 ι
2271 4670 2396 4737 sub
2447 4693 2601 4763 pro·

1041 4778 1359 4865 speritate
1429 4774 1751 4866 laqueum
1817 4774 2175 4865 superbiae.
2248 4775 2273 4843 l
2351 4778 2435 4846 ad
2488 4778 2598 4847 Ti-

1041 4880 1260 4951 moth.
1298 4904 1392 4965 ιιι,
1428 4884 1469 4949 6
1503 4903 1520 4950 t
1567 4884 1721 4950 Non
1751 4883 2195 4974 neophytum,
2236 4908 2320 4952 ne
2357 4887 2426 4953 in
2472 4909 2598 4955 su-

1031 4991 1348 5084 perbiam
1440 4990 1689 5067 elatus,
1764 4991 1834 5057 in
1897 4990 2255 5081 judicium
2335 4994 2598 5063 incidat

1040 5098 1331 5168 diaboli.

1133 5334 1166 5374 α
1227 5310 1323 5377 Et
1393 5312 1622 5398 stenes.
1676 5334 1709 5374 ιι
1764 5308 1895 5379 llic
1931 5321 2275 5402 quartum,
2328 5314 2400 5382 in
2456 5338 2592 5406 quo

1039 5418 1339 5488 ostendit
1368 5419 1523 5509 quis
1562 5417 1719 5486 finis
1766 5422 2284 5509 persecutionis,
2328 5424 2487 5514 quia
2516 5431 2592 5491 ut

1041 5526 1411 5618 illaqueent
1442 5549 1563 5616 per
1599 5525 1897 5615 culpam.
1945 5524 2287 5608 Secundo,
2330 5538 2406 5597 ut
2442 5529 2592 5598 illa-

1037 5635 1750 5731 queatumssdejiciant,
1822 5642 1890 5702 et
1955 5656 2149 5704 ruere
2213 5636 2463 5707 faciant
2520 5640 2590 5707 in

1036 5744 1450 5837 gehennam,
1503 5742 1624 5822 ibi,
1662 5768 1695 5808 α
1736 5745 1960 5812 Juxta
1992 5742 2141 5812 iter.
2182 5770 2214 5806 n

4171 395 4292 464 461

2836 580 3011 646 Dicit
3043 603 3204 669 ergo
3253 603 3265 644 :
3315 580 3426 645 Sic
3458 575 4294 669 persequunturlatenter,

2748 717 2780 752 α
2850 700 2911 756 et
2966 691 3413 756 extenderunt
3475 692 3702 779 funes,
3770 717 3801 752 »
3864 691 4297 779 propriorum

2742 804 3199 886 peccatorum,
3258 780 3375 886 qui
3454 798 3518 863 in
3581 820 3687 863 me
3738 808 4111 886 operantur
4189 816 4297 860 me

2744 905 3132 996 affligendO,
3184 905 3291 972 vel
3361 904 3525 972 mihi
3594 905 4040 980 ostendendo,
4109 930 4141 969 α
4224 906 4297 970 in

2745 1013 3094 1104 laqueum,
3130 1040 3162 1078 n
3222 1014 3605 1081 trahentem
3659 1037 3988 1102 ruereque
4039 1014 4297 1080 facien-

2740 1129 2880 1188 tem
2920 1123 2988 1187 in
3019 1120 3313 1210 culpam.
3372 1121 3694 1187 Proverb.
3744 1144 3812 1200 V,
3871 1124 3955 1187 22
4001 1144 4016 1187 ε
4070 1123 4296 1188 Funi-

2743 1227 2865 1294 bus
2915 1239 3350 1319 peccatorum
3414 1251 3699 1296 suorum
3758 1231 4045 1319 quisquc
4132 1252 4296 1296 con-

2737 1337 3125 1425 strinqitur.
3170 1336 3492 1403 proverb.
3537 1359 3654 1415 vn,
3707 1338 3783 1404 16
3829 1359 3842 1402 :
3889 1339 4119 1404 Intexi
4180 1339 4296 1426 su-

2735 1441 2940 1508 nibus
2982 1442 3312 1510 lectulum
3344 1466 3595 1519 meum,
3650 1466 3767 1511 cor
3818 1466 4050 1512 meum
4100 1446 4293 1512 scili-

2737 1558 2862 1628 cet,
2924 1551 2995 1616 in
3063 1575 3197 1641 quo
3267 1552 3609 1642 quiescere
3651 1552 3878 1620 debui.
3932 1553 4145 1620 Eccle.
4194 1577 4287 1634 xv,

2743 1656 3285 1722 121Funcculns
3341 1658 3598 1746 triplae⁸
3655 1657 3953 1746 difficile
4019 1660 4293 1748 rumpi-

2736 1771 2852 1828 tur
2881 1785 2903 1827 :
2936 1772 3286 1852 peccatum
3335 1764 3583 1836 cordis,
3619 1764 3781 1839 oris,
3807 1765 4060 1853 operiS.

2826 1894 2860 1930 α
2892 1870 3113 1935 Juxta
3143 1870 3296 1935 iter.
3336 1893 3367 1932 n
3426 1869 3591 1936 Ecce
3633 1872 4035 1937 secundum.
4075 1870 4285 1949 Quasi

2734 1976 3024 2045 diceret:
3066 1975 3526 2044 Extenderunt
3561 1977 3780 2058 funeS‚
3810 1988 3880 2044 ut
3915 1978 4289 2070 illaqueent

2731 2083 3038 2151 faciendo
3071 2107 3267 2153 ruere
3307 2088 3376 2151 in
3415 2084 3713 2174 culpam,
3746 2094 3807 2151 et
3851 2086 4048 2152 etiam
4093 2113 4124 2151 α
4153 2109 4291 2175 po-

2729 2200 3014 2257 suerunt
3056 2191 3493 2270 scandalum,
3564 2221 3594 2252 »
3655 2193 3720 2258 iu
3786 2216 3922 2282 quo
3989 2197 4286 2284 cespita-

2734 2322 2898 2372 rem.
2932 2310 2997 2368 et
3029 2323 3297 2369 ruerem
3330 2302 3396 2368 in
3438 2301 3801 2376 infernum,
3842 2328 3873 2366 ι
3907 2304 4290 2391 mihijux-

2729 2418 2802 2475 ta
2843 2410 2993 2488 iter,
3029 2433 3063 2474 ι
3098 2432 3237 2477 non
3271 2411 3337 2477 in
3370 2411 3629 2478 itinere.
3669 2410 3979 2501 Laqueus
4000 2422 4066 2478 et
4096 2434 4288 2479 scan-

2728 2516 2958 2584 dalum
2992 2540 3183 2586 ruere
3216 2518 3466 2586 faciens
3498 2518 3563 2584 in
3606 2519 3969 2595 infernum,
4006 2529 4101 2587 est
4137 2542 4287 2610 per-

2728 2646 3047 2692 severans
3102 2636 3450 2715 peccatum
3494 2647 3508 2690 :
3565 2625 3681 2693 sed
3724 2627 3922 2713 juxta
3972 2628 4098 2695 iter
4152 2637 4278 2706 est,

2727 2729 2999 2821 quando
3021 2731 3292 2799 videtur
3312 2753 3457 2799 esse
3490 2731 3773 2809 bonum,
3801 2732 3905 2800 vel
3935 2733 4279 2802 modicum

2727 2837 3009 2906 malum.
3052 2837 3237 2906 Vera
3271 2842 3453 2906 enim
3476 2839 3611 2915 via,
3647 2861 3885 2906 verum
3919 2842 4046 2909 iter
4073 2843 4279 2910 eundi

2724 2944 2807 3012 ad
2843 2945 3084 3024 Deum,
3119 2956 3276 3013 sunt
3307 2948 3452 3035 ejus
3484 2955 3839 3037 praecepta.
3889 2947 4017 3015 lsa.
4062 2973 4276 3030 xxxv,

2724 3054 2763 3121 8
2797 3072 2814 3120 ι
2853 3054 3011 3121 llaec
3046 3053 3176 3120 erit
3205 3053 3391 3121 vobis
3435 3054 3693 3122 directa
3753 3058 3887 3132 cia,
3945 3067 4021 3124 ut
4073 3059 4282 3126 stulti

2720 3183 2856 3227 non
2911 3171 3136 3229 errent
3175 3184 3302 3253 per
3352 3185 3526 3229 eam.
3564 3161 3672 3241 Et,
3715 3186 3879 3242 xxx,
3923 3168 3998 3232 2¹
4053 3189 4069 3233 ε
4118 3169 4282 3237 Haec

2719 3276 2816 3334 est
2854 3268 2993 3344 via,
3027 3268 3386 3336 ambulate
3415 3271 3484 3336 in
3524 3293 3629 3345 ea,
3665 3280 3727 3336 et
3781 3294 3916 3338 non
3978 3272 4279 3343 decline-

2716 3377 2804 3442 tis
2839 3398 3055 3467 neque
3125 3376 3224 3443 ad
3273 3376 3650 3457 dexteram,
3706 3401 3919 3470 neque
3963 3380 4061 3447 ad
4098 3384 4277 3450 sini-

2712 3482 2995 3552 stram.J
3005 3491 3168 3551 uxta
3179 3483 3362 3550 viam
3378 3507 3541 3575 ergo
3560 3487 4270 3575 poniturscandalum,

2716 3590 2988 3682 quando
3019 3593 3419 3681 proponitur
3447 3591 3729 3668 malum,
3764 3595 3946 3684 quod
3989 3608 4274 3686 apparet

2716 3697 2998 3764 bonum.
3062 3697 3486 3786 Augustinus
3543 3697 3626 3764 ad
3692 3698 4194 3791 Hieronymum
4244 3726 4261 3770 ε

2719 3830 2752 3869 ι
2787 3803 3112 3884 Quaedam
3155 3814 3314 3872 sunt
3358 3808 3524 3873 vitia
3581 3807 3945 3874 virtutibus
3984 3811 4263 3894 similia,

2717 3937 2750 3976 ι
2801 3922 2873 3979 ut
2914 3912 3287 4002 prudentias
3336 3918 3607 3992 astutia,
3668 3921 3993 3985 tenacitas
4044 3925 4266 4010 parci-

2714 4047 2749 4083 «
2790 4023 3064 4098 moniae,
3115 4021 3398 4090 audacia
3438 4023 3842 4103 fortitudini,
3893 4029 4266 4117 pertinacia

2713 4156 2748 4192 ιι
2788 4129 3208 4197 constantie.
3250 4158 3282 4191 »ι

2802 4476 2835 4511 «
2868 4448 3046 4516 Dixi
3099 4448 3421 4515 Domino.
3469 4472 3502 4512 ιι
3565 4447 3688 4516 llic
3745 4452 4046 4521 secunda
4105 4476 4263 4545 pars

2708 4555 2947 4647 primae
2997 4556 3207 4647 partis
3265 4553 3467 4642 hujus
3528 4554 3808 4638 Psalmi,
3863 4559 3931 4625 in
3988 4582 4130 4651 qua
4187 4571 4264 4631 ut

2709 4664 3033 4733 liberatus
3081 4685 3223 4732 non
3272 4663 3545 4739 recidat,
3581 4666 3797 4755 petiit,
3851 4668 4026 4736 sicut
4076 4670 4266 4761 ipse-

2708 4780 2848 4839 met
2904 4772 3088 4839 dicit.
3150 4768 3465 4849 Quatuor
3517 4780 3745 4839 autem
3796 4772 4116 4843 dicuntur
4195 4780 4265 4846 in

2708 4877 2837 4946 hac
2874 4886 3088 4969 parte.
3145 4876 3404 4955 Primo,
3448 4877 3630 4968 quod
3671 4879 3973 4971 dirigens
4012 4905 4131 4951 cor
4178 4886 4265 4954 ad

2705 4987 2929 5055 Deum
2959 4988 3209 5076 ipsum,
3253 5006 3409 5052 vere
3472 4984 3687 5053 Deum
3745 4988 4098 5058 confessus
4144 4994 4257 5061 sit.

2708 5093 3053 5171 Secundo,
3149 5091 3334 5183 quod
3432 5093 3736 5161 exaudiri
3831 5096 4052 5185 petiit.
4136 5099 4257 5181 ibi,

2710 5230 2745 5272 ι
2811 5201 3123 5280 Exaudi,
3176 5201 3491 5269 Domine.
3570 5229 3603 5263 n
3686 5201 3941 5282 Tertio,
4048 5229 4262 5298 quare

2705 5314 2927 5381 Deum
2997 5310 3220 5399 ipsum
3280 5308 3629 5377 confessus
3684 5309 3796 5387 sit,
3865 5310 3989 5393 ibi,
4057 5318 4254 5392 18:

2669 5418 2743 5484 ἀ
2779 5419 3095 5499 Domine,
3155 5417 3471 5494 Domine,
3548 5416 3791 5484 virtus.
3871 5447 3903 5480 »o
3962 5420 4253 5510 Quarto,

2705 5526 2865 5618 quid
2905 5525 3193 5615 petierit,
3228 5523 3348 5599 ibi,
3388 5528 3453 5597 ς’.
3486 5522 3526 5587 9
3570 5542 3586 5587 :
3625 5550 3657 5578 a«
3697 5524 3799 5591 Ne
3852 5529 4096 5598 tradas
4151 5556 4261 5601 me

2703 5659 2747 5703 a
2785 5633 3145 5702 desiderio.
3191 5657 3224 5697 ι

2792 5740 2968 5807 Dicit
2999 5760 3163 5829 ergo
3201 5759 3216 5805 ε
3265 5735 3405 5819 Sic,
3436 5736 3763 5826 Domine,
3816 5743 4003 5834 eripe
4043 5767 4152 5815 me
4185 5758 4261 5817 ut
