5008 6329
428 1221 551 1287 ¹7

323 5072 415 5129 Qut
433 5072 609 5119 monn!

528 5124 627 5173 lau·

670 275 801 343 206

672 468 824 514 ram
843 457 1093 526 autem,
1124 475 1158 512 v
1193 446 1643 525 materialem,
1672 455 1737 514 et
1766 447 2219 538 spiritualem,

674 580 708 620 α
744 555 936 624 dedit
961 556 1136 644 filiis
1184 554 1572 636 hominum,
1608 579 1640 614 »
1689 554 1774 622 ad
1804 555 2229 624 fructifican-

673 663 927 732 durnin
946 688 1048 742 ea,
1083 671 1149 730 et
1177 662 1655 748 laborandum,
1682 667 1868 755 quia,
1894 665 2223 735 Proverb.

673 796 791 849 xu,
855 774 960 852 11,
1035 770 1278 837 dicitur
1319 793 1333 837 ε
1403 771 1542 855 Qui
1576 785 1906 867 operatur
1942 786 2222 850 terram,

670 877 1044 947 satiabitur
1064 877 1397 968 panibus.

770 1223 804 1263 ι
837 1199 992 1267 Non
1057 1200 1315 1267 mertui
1370 1197 1765 1266 laudabunt
1830 1209 1916 1267 te.
1990 1226 2019 1264 υ
2097 1201 2226 1269 Hic

675 1307 873 1377 tertia
909 1331 1066 1399 pars
1113 1306 1425 1376 secundae
1458 1307 1664 1397 partis
1729 1309 1943 1376 totius
2017 1308 2223 1400 hujus

675 1416 959 1486 Psalmi.
994 1417 1367 1507 Postquam
1399 1417 1582 1485 enim
1614 1419 1754 1509 egit
1808 1419 1892 1489 de
1931 1442 2223 1491 conver-

673 1526 887 1615 sionis
914 1524 1420 1614 exspectatione
1484 1526 1736 1616 primo,
1792 1534 1859 1596 et
1916 1529 2218 1597 secundo

671 1632 755 1700 de
815 1631 1261 1699 conversione
1340 1640 1754 1730 exspectata,
1814 1631 1928 1701 hic
2021 1634 2216 1703 tertio

666 1739 894 1830 agitur
919 1736 1003 1806 de
1035 1739 1409 1829 gratiarum
1450 1739 1717 1807 actione
1746 1761 1873 1829 pro
1911 1740 2220 1835 comple-

664 1854 785 1915 ta:
830 1852 898 1915 et
934 1852 1309 1939 tanguntur
1358 1845 1521 1914 duo.
1578 1845 1844 1929 Prim0,
1901 1849 2017 1939 qui
2075 1872 2215 1917 non

667 1960 830 2026 sunt
865 1953 1054 2047 digni
1103 1953 1405 2025 laudare.
1470 1952 1817 2043 Secundo,
1877 1959 1998 2049 qui
2054 1967 2216 2027 sunt

659 2062 878 2155 digni,
920 2069 987 2132 et
1016 2060 1307 2153 qualiter
1333 2061 1736 2145 laudabunt,
1773 2061 1895 2145 ibi,
1933 2072 1999 2141 ᾗ.
2063 2066 2148 2135 18
2193 2085 2211 2132 :

661 2199 697 2237 α
738 2171 882 2242 Sed
913 2193 1035 2239 nes
1071 2171 1196 2263 qui
1228 2170 1548 2240 vivimus.
1585 2198 1618 2235 »
2093 2159 2097 2163 ’

749 2278 830 2346 ln
856 2278 1079 2370 prima
1106 2277 1266 2348 duo.
1300 2276 1565 2364 Primo,
1598 2279 1902 2349 excludit
1944 2304 1985 2351 a
2012 2280 2213 2352 laude

662 2387 733 2454 in
759 2386 1053 2479 peccatis
1073 2384 1368 2455 finaliter
1387 2392 1721 2455 mortuos.
1760 2385 2107 2469 Secundo,
2142 2390 2213 2457 in

661 2492 928 2562 inferno
977 2492 1359 2560 damnatos.
1421 2490 1736 2560 Primum
1778 2495 2113 2586 sequitur,
2146 2502 2215 2563 et

659 2607 951 2681 creatur,
974 2622 1013 2668 a
1043 2598 1367 2678 secundo,
1402 2597 1521 2682 ibi,
1559 2628 1591 2661 α
1620 2600 1859 2691 Neque
1884 2624 2138 2670 omnes.
2172 2629 2206 2664 n

750 2706 929 2776 Dicit
977 2729 1137 2798 ergo
1196 2730 1212 2775 ι
1277 2704 1394 2775 Sic
1448 2705 1847 2798 implebitur
1901 2708 2205 2788 tandem,

660 2824 730 2886 et
757 2814 1151 2885 recordante
1206 2813 1535 2896 Domino,
1595 2816 2005 2887 universalis
2050 2841 2211 2888 con·

658 2924 886 2994 versio
920 2945 936 2992 :
971 2922 1115 3001 sed,
1149 2944 1190 2989 o
1234 2951 1263 2988 ι
1299 2923 1623 3004 Domine,
1669 2946 1706 2986 n
1728 2944 1854 3014 pro
1877 2920 2006 2994 bac
2045 2949 2209 2996 con.

657 3030 975 3101 versione
1010 3057 1044 3092 «
1074 3052 1209 3097 non
1260 3026 1656 3097 laudabunt
1710 3037 1775 3097 te
1837 3033 2120 3102 mertui.
2169 3059 2203 3100 s

658 3137 737 3209 ln
779 3135 961 3209 Psal.
1005 3158 1304 3217 cxxxvii,
1343 3138 1448 3217 12,
1511 3158 1716 3229 supra
1767 3157 1785 3207 ε
1843 3138 2212 3232 Numquid

654 3245 971 3317 narrabit
1016 3245 1276 3339 aliquis
1333 3245 1404 3313 in
1446 3244 1763 3338 sepulcre
1818 3248 2207 3317 misericer-

657 3355 848 3425 diam
874 3364 1094 3433 tuam,
1126 3354 1342 3445 ipsam
1382 3351 1754 3440 laudando,
1796 3361 1865 3422 et
1901 3352 2023 3423 tibi
2047 3379 2208 3426 con-

658 3462 970 3533 fitendo?
1006 3460 1214 3533 Eccli.
1247 3483 1414 3542 xvxi,
1436 3461 1524 3530 26
1560 3483 1578 3531 ε
1617 3463 1679 3532 Α
1702 3473 1975 3531 mortue
2001 3466 2209 3556 quasi

656 3568 864 3650 nihil,
904 3570 1093 3664 perit
1153 3569 1509 3661 consessio.
1602 3567 1919 3638 Mortuus
1974 3579 2203 3642 autem

653 3686 779 3757 est,
813 3678 932 3770 qui
960 3684 1063 3747 est
1100 3676 1170 3745 in
1211 3682 1517 3769 peccato,
1559 3673 1726 3745 dum
1764 3683 1997 3746 tamen
2058 3676 2207 3747 vult

655 3806 934 3855 manere
973 3783 1045 3852 in
1073 3781 1191 3852 illo
1225 3803 1243 3849 ε
1278 3789 1347 3851 et
1375 3780 1487 3852 hic
1544 3779 1822 3852 laudare
1853 3806 1994 3853 non
2045 3792 2206 3877 pot-

654 3897 783 3972 est.
839 3889 1000 3983 quia
1028 3886 1237 3959 Eccli.
1283 3910 1399 3967 xv.
1433 3889 1503 3974 9,
1543 3886 1842 3960 dicitur:
1897 3890 2055 3961 Non
2104 3900 2205 3960 est

649 3998 953 4093 speciosa
994 3996 1150 4065 laus
1204 3996 1274 4064 in
1303 4017 1420 4065 ere
1454 3994 1858 4090 peccatoris.
1918 3995 2206 4091 Propter

651 4107 786 4178 hoc
835 4105 1081 4177 dicitur
1129 4108 1198 4175 in
1254 4103 1438 4174 Psal.
1498 4128 1743 4190 xxxin,
1814 4107 1951 4175 22:
2011 4109 2203 4177 Mers

636 4226 1082 4312 peccaterum
1137 4213 1470 4307 pessima,
1538 4219 1681 4282 tota
1762 4215 1835 4282 in
1899 4212 2199 4295 miseria,

654 4345 796 4393 non
830 4322 904 4391 in
950 4320 1175 4391 laude.
1227 4317 1410 4389 Mala
1455 4318 1529 4389 in
1577 4342 1807 4390 rerum
1866 4327 2205 4414 tempora-

653 4432 824 4503 lium
873 4431 1270 4512 amissione,
1302 4452 1475 4524 quas
1530 4427 1767 4500 dilexit
1817 4452 1836 4501 ε
1897 4431 2091 4521 pejor
2129 4432 2200 4500 in

652 4539 901 4610 animm
928 4563 970 4609 a
1008 4560 1291 4631 corpore
1317 4537 1793 4630 separatione:
1834 4537 1954 4608 sed
1982 4538 2203 4629 pessi-

652 4670 770 4719 ma
798 4649 867 4718 in
895 4649 1252 4740 utriusque
1280 4645 1666 4740 perditione
1695 4646 1768 4715 in
1824 4645 2198 4732 internum,

654 4763 727 4826 et
772 4751 1181 4823 contritione
1229 4748 1314 4819 ab
1384 4749 1547 4843 igne
1601 4758 1671 4820 et
1727 4771 1986 4820 verme.
2061 4748 2195 4820 lsa.

653 4882 836 4939 uvi,
888 4858 975 4927 24
1018 4878 1037 4926 z
1083 4856 1338 4924 Vermis
1370 4877 1611 4925 eorum
1658 4878 1799 4925 nen
1839 4856 2200 4935 morietur,

654 4978 720 5039 et
757 4966 940 5060 iqnis
964 4985 1199 5033 eorum
1236 4984 1371 5031 nen
1401 4964 1899 5056 exstinguetur.

744 5073 882 5144 Sed
919 5079 1078 5142 sunt
1127 5070 1382 5139 mortui
1438 5069 1556 5161 qui
1616 5078 1906 5162 possunt
1967 5068 2200 5138 lauda·

446 5182 751 5255 m're.
817 5179 1059 5257 Primi,
1119 5176 1374 5246 mortui
1436 5183 1743 5269 peccato,
1795 5176 1878 5247 de
1951 5173 2201 5268 quibus

652 5285 1052 5382 Apostolus,
1093 5281 1503 5352 adnomen.
1569 5305 1666 5364 vi,
1728 5284 1802 5352 11
1859 5305 1877 5352 ε
1938 5282 2203 5350 Existi·

653 5407 838 5467 mate
882 5416 999 5463 ves
1052 5403 1358 5461 mertuos
1421 5391 1698 5484 quidem
1757 5401 2063 5485 peccate.
2116 5388 2201 5457 Et

653 5500 907 5572 mortui
939 5495 1223 5581 mundo,
1282 5493 1367 5564 de
1395 5493 1646 5588 quibus
1701 5495 1911 5582 idem,
1944 5494 2031 5563 ad
2071 5490 2201 5563 Co·

655 5612 816 5681 loss.
863 5631 965 5695 m,
1031 5605 1072 5677 3
1107 5602 1424 5672 :Mortui
1461 5602 1741 5694 quidem
1783 5604 1945 5672 estis
1992 5623 2200 5671 mun-

1664 275 1749 342 D.
1802 273 2002 342 ALB.
2058 275 2274 344 MAG.

2325 276 2530 345 ORD.
2583 275 2876 342 PRAED.

2335 449 2447 527 de,
2518 455 2582 514 et
2618 449 2757 516 vita
2810 456 3032 513 vestra
3103 446 3503 515 abscondita
3551 461 3671 529 est,
3747 460 3874 520 etc.

2335 550 2584 617 Mortui
2624 575 2778 618 cum
2847 551 3144 618 Domino
3200 553 3268 618 in
3327 552 3881 622 tribulationibus

2333 665 2399 725 et
2430 660 2743 740 miseriiS,
2814 659 2919 725 Ad
2960 658 3227 727 Ronan.
3288 682 3383 740 vi,
3420 661 3459 727 8
3496 684 3511 729 :
3555 662 3638 729 Si
3689 685 3883 728 mer-

2335 766 2438 831 tui
2489 789 2726 833 sumus
2765 789 2918 832 cum
2963 766 3254 846 Christe,
3306 768 3645 834 credimus
3710 771 3879 858 quia

2329 874 2547 940 simul
2582 875 2787 940 etiam
2831 875 3134 942 vivemus
3171 897 3326 941 cum
3361 875 3657 945 Christe.
3703 876 3882 944 Mor-

2332 983 2430 1048 tui
2487 980 2573 1047 ad
2601 980 2891 1048 litteram
2932 1003 3056 1070 pro
3113 981 3440 1059 Domino,
3481 983 3656 1050 sicut
3694 982 3881 1050 Mar-

2331 1095 2510 1178 tyres
2540 1089 2776 1170 sancti,
2821 1086 3001 1153 Psal.
3073 1110 3228 1166 cxv,
3267 1090 3346 1156 15
3386 1111 3400 1156 :
3433 1091 3749 1158 Pretiosa
3781 1101 3880 1158 est

2331 1194 2402 1260 in
2456 1203 2808 1284 conspectu
2864 1194 3152 1260 Domini
3234 1216 3417 1261 mers
3478 1206 3875 1264 sanctorum

2329 1302 2503 1391 ejus.
2576 1301 2682 1368 Ad
2729 1302 3023 1370 Roman.
3067 1325 3212 1382 vin,
3249 1304 3332 1370 36
3377 1325 3392 1369 :
3475 1307 3770 1396 Propter
3816 1315 3878 1372 te

2327 1407 2827 1497 mortificamur
2855 1418 3000 1474 teta
3057 1408 3191 1491 die,
3233 1411 3560 1478 aestimati
3630 1433 3875 1478 sumus

2322 1514 2498 1580 sicut
2544 1536 2693 1580 eves
2746 1514 3119 1580 occisionis.
3147 1512 3400 1581 Mortui
3437 1515 3509 1581 in
3546 1514 3877 1595 Domine,

2322 1618 2393 1685 in
2449 1618 2582 1687 fide
2635 1619 2895 1688 scilicet
2949 1618 3260 1699 Domini,
3364 1620 3653 1712 Apocal.
3726 1644 3869 1706 xiv,
3925 1642 3946 1659 ·

2328 1728 2406 1795 12
2441 1728 2692 1795 :Beati
2727 1727 3007 1806 mertui,
3077 1728 3202 1819 qui
3249 1728 3319 1796 in
3368 1729 3669 1798 Domine
3729 1752 3874 1797 me-

2321 1836 2620 1904 riuntur.
2673 1835 2825 1905 Act.
2878 1858 2998 1916 vn,
3078 1837 3162 1905 59
3234 1859 3249 1903 :
3321 1836 3752 1907 Obdermivit
3799 1841 3872 1907 in

2320 1944 2643 2012 Domine.

2410 2197 2446 2235 α
2493 2171 2729 2261 Neque
2790 2191 3046 2238 omnes.
3095 2195 3127 2235 »
3214 2168 3388 2240 Ecce
3455 2172 3866 2241 secundum.

2319 2274 2526 2355 Quasi
2566 2276 2864 2346 diceret:
2936 2276 3045 2345 Sic
3101 2278 3354 2346 mortui
3429 2302 3567 2347 non
3625 2279 3871 2348 lauda-

2318 2383 2510 2468 bunt,
2557 2413 2590 2448 (ι
2640 2407 2854 2476 neque
2891 2406 3123 2452 omnes
3158 2386 3282 2475 qui
3337 2384 3752 2454 descendunt
3794 2388 3868 2454 in

2318 2493 2689 2582 infernum,
2798 2517 2832 2558 s
2920 2490 3199 2560 laudare
3280 2501 3626 2584 poterunt.
3726 2495 3859 2564 Isa.

2315 2622 2600 2681 xxxviii,
2665 2602 2793 2669 18:
2845 2603 2998 2670 Neu
3065 2603 3379 2691 infernus
3431 2602 3868 2692 confitebitur

2316 2709 2464 2788 tibi,
2507 2734 2720 2802 neque
2791 2732 2973 2777 mers
3050 2710 3372 2780 laudabit
3427 2722 3514 2780 te.
3595 2713 3622 2780 1
3685 2712 3860 2805 Reg.

2315 2840 2385 2897 11,
2420 2820 2459 2885 9
2523 2839 2538 2884 :
2591 2818 2802 2909 [mpii
2873 2818 2944 2884 in
3009 2815 3300 2886 tenebris
3390 2820 3857 2890 conticescent.

2315 2922 2442 2993 llic
2471 2946 2634 3015 ergo
2689 2923 3013 2992 confitere
3043 2931 3109 2991 et
3136 2921 3365 3009 lauda,
3417 2926 3603 3016 quia,
3636 2924 3862 2995 Eccle.

2314 3055 2409 3115 lx,
2451 3034 2526 3102 ¹0
2570 3054 2587 3099 ε
2660 3031 3405 3124 Quodcumquefsacere
3460 3043 3685 3126 petest
3722 3058 3866 3103 ma·

2313 3162 2443 3209 nus
2503 3150 2650 3220 tua,
2715 3141 3050 3209 instanter
3094 3162 3377 3233 operare
3433 3163 3458 3209 .·
3514 3141 3683 3234 quia
3741 3164 3863 3211 nec

2314 3270 2509 3340 epus,
2602 3271 2721 3316 nec
2807 3248 3015 3329 ratio,
3101 3270 3222 3316 nec
3285 3248 3658 3338 sapientia,
3743 3273 3864 3318 nec

2309 3356 2593 3423 scientia
2674 3365 2874 3424 erunt
2942 3353 3140 3447 apud
3232 3355 3518 3444 inseres,
3576 3379 3713 3448 que
3780 3366 3858 3424 tu

2305 3485 2660 3556 properas.

2409 3775 2610 3846 «Sed
2641 3798 2762 3843 nes
2798 3775 2924 3867 qui
2977 3775 3294 3844 vivimus.
3339 3801 3376 3841 n
3446 3776 3576 3845 llic
3620 3799 3859 3847 secun-

2310 3881 2499 3969 dum,
2551 3883 2622 3951 in
2661 3905 2797 3975 quo
2822 3879 3207 3951 ostenditur
3231 3883 3348 3973 qui
3378 3892 3667 3974 possunt
3702 3884 3860 3954 lau-

2309 3990 2493 4069 dare,
2563 3995 2628 4059 et
2701 3987 2946 4058 modus
3025 4010 3164 4080 quo
3264 3987 3638 4059 laudabunt
3707 4013 3725 4060 :
3791 4001 3860 4062 et

2308 4097 2682 4169 secundum
2752 4095 2884 4164 hoc
2966 4095 3105 4165 duo
3171 4095 3513 4167 dicuntur.
3595 4098 3855 4182 Primo,

2308 4205 2768 4276 conditionem
2799 4204 3023 4294 tangit
3086 4202 3544 4274 laudantium.
3590 4205 3863 4278 Secun-

2306 4313 2422 4395 do.
2473 4311 2694 4382 laudis
2732 4309 3046 4395 modum,
3114 4311 3445 4402 quoniam
3511 4316 3862 4385 {eternali-

2307 4430 2431 4502 ter,
2472 4419 2595 4499 ibi,
2639 4444 2674 4486 ι
2713 4420 2832 4489 Ea:
2889 4417 3018 4487 bec
3042 4439 3247 4488 nunc.
3310 4443 3348 4483 ι

2393 4527 2511 4596 Ait
2549 4526 2732 4595 enim
2769 4548 2785 4594 ε
2833 4524 2949 4594 Sic
2988 4546 3112 4594 nec
3159 4525 3444 4606 mortui,
3502 4548 3628 4598 nec
3659 4527 3864 4599 dani-

2309 4637 2473 4717 nati,
2508 4640 2828 4727 poterunt
2864 4631 3178 4703 confiteri
3214 4632 3644 4708 confessione
3699 4637 3862 4708 lau-

2307 4742 2436 4825 dis,
2488 4767 2524 4809 «
2554 4742 2677 4809 scd
2699 4763 2821 4809 nes
2848 4739 2975 4832 qui
3019 4738 3338 4822 vivimus,
3384 4765 3418 4806 s
3463 4743 3609 4833 ejus
3647 4743 3861 4816 bene..

2304 4848 2626 4931 dictione,
2662 4848 2697 4915 ἀ
2739 4844 3198 4915 benedicimus
3243 4846 3568 4930 Domine,
3600 4877 3630 4915 ι
3686 4875 3861 4923 con-

2306 4958 2599 5028 sessione
2679 4955 2930 5039 laudis,
2993 4961 3345 5023 cantantes
3426 4956 3595 5028 illud
3667 4959 3854 5036 Psal.

2306 5088 2494 5145 cxcv,
2521 5067 2603 5133 2:
2629 5058 2961 5132 Laudabo
2981 5059 3365 5130 Dominum
3394 5063 3466 5131 in
3496 5066 3641 5134 vita
3672 5091 3852 5139 mea.

2304 5172 2512 5244 Eccli.
2570 5194 2736 5252 xvn,
2781 5171 2866 5238 27
2913 5192 2930 5239 :
2987 5169 3218 5238 Vivens
3283 5181 3348 5239 et
3399 5195 3614 5243 sanus
3648 5180 3861 5271 confi-

2306 5279 2570 5360 teberis,
2602 5276 2901 5347 Domino
2930 5274 3206 5345 scilicet.
3243 5276 3373 5345 Isa.
3400 5300 3686 5365 xxxvm,
3723 5287 3852 5357 19:

2320 5389 2575 5467 Vivens,
2644 5386 2870 5453 vivens
2949 5382 3092 5475 ipse
3154 5381 3591 5473 confitebitur
3650 5391 3784 5462 tibi
3828 5417 3853 5463 .·

2306 5496 2547 5563 vivens
2610 5494 2750 5561 vita
2802 5497 3089 5571 natur-ze,
3132 5494 3200 5555 et
3227 5488 3470 5560 vivens
3506 5495 3652 5567 vita
3687 5522 3853 5591 gm-

2306 5601 2440 5671 tiae.
2476 5597 2615 5670 Sed
2642 5595 2993 5693 quomodo
3012 5594 3050 5661 ‘t'
3081 5592 3547 5671 AEternaliter.
