<?xml version="1.0" encoding="UTF-8"?>
<!DOCTYPE html PUBLIC "-//W3C//DTD XHTML 1.0 Transitional//EN"
    "http://www.w3.org/TR/xhtml1/DTD/xhtml1-transitional.dtd">
<html xmlns="http://www.w3.org/1999/xhtml" xml:lang="en" lang="en">
 <head>
  <title>
</title>
<meta http-equiv="Content-Type" content="text/html;charset=utf-8" />
  <meta name='ocr-system' content='tesseract 3.04.00' />
  <meta name='ocr-capabilities' content='ocr_page ocr_carea ocr_par ocr_line ocrx_word'/>
</head>
<body>
  <div class='ocr_page' id='page_1' title='image "balbertimagnira02chgoog_0543.png"; bbox 0 0 5008 6329; ppageno 0'>
   <div class='ocr_carea' id='block_1_1' title="bbox 1786 408 3547 480">
    <p class='ocr_par' dir='ltr' id='par_1_1' title="bbox 1786 408 3547 480">
     <span class='ocr_line' id='line_1_1' title="bbox 1786 408 3547 480; baseline -0.001 -1"><span class='ocrx_word' id='word_1_1' title='bbox 1786 408 2500 480; x_wconf 81' lang='lat' dir='ltr'><strong>COMMENTARIUS</strong></span> <span class='ocrx_word' id='word_1_2' title='bbox 2550 412 2642 477; x_wconf 78' lang='grc' dir='ltr'>ΙΝ</span> <span class='ocrx_word' id='word_1_3' title='bbox 2694 411 3129 480; x_wconf 83' lang='lat' dir='ltr'>PSALMUM</span> <span class='ocrx_word' id='word_1_4' title='bbox 3180 411 3547 480; x_wconf 84' lang='lat' dir='ltr'>chvnl.</span> 
     </span>
    </p>
   </div>
   <div class='ocr_carea' id='block_1_2' title="bbox 1034 576 2624 3034">
    <p class='ocr_par' dir='ltr' id='par_1_2' title="bbox 1073 576 2624 863">
     <span class='ocr_line' id='line_1_2' title="bbox 1075 576 2624 665; baseline 0.004 -20"><span class='ocrx_word' id='word_1_5' title='bbox 1075 576 1591 665; x_wconf 83' lang='lat' dir='ltr'>Confessionum</span> <span class='ocrx_word' id='word_1_6' title='bbox 1621 606 1644 651; x_wconf 92' lang='lat'>.·</span> <span class='ocrx_word' id='word_1_7' title='bbox 1669 607 1703 649; x_wconf 73' lang='grc' dir='ltr'>ι</span> <span class='ocrx_word' id='word_1_8' title='bbox 1743 582 1968 652; x_wconf 91' lang='lat' dir='ltr'>Verbo</span> <span class='ocrx_word' id='word_1_9' title='bbox 2020 593 2138 653; x_wconf 91' lang='lat' dir='ltr'>tuo</span> <span class='ocrx_word' id='word_1_10' title='bbox 2165 593 2419 652; x_wconf 84' lang='lat' dir='ltr'>aeterno</span> <span class='ocrx_word' id='word_1_11' title='bbox 2459 583 2624 652; x_wconf 90' lang='lat' dir='ltr'>dicis</span> 
     </span>
     <span class='ocr_line' id='line_1_3' title="bbox 1074 689 2623 780; baseline 0.005 -30"><span class='ocrx_word' id='word_1_12' title='bbox 1074 709 1106 745; x_wconf 78' lang='grc' dir='ltr'>α</span> <span class='ocrx_word' id='word_1_13' title='bbox 1143 689 1375 755; x_wconf 89' lang='lat' dir='ltr'>omnia</span> <span class='ocrx_word' id='word_1_14' title='bbox 1416 711 1564 779; x_wconf 84' lang='lat' dir='ltr'>quae</span> <span class='ocrx_word' id='word_1_15' title='bbox 1614 691 1807 771; x_wconf 79' lang='lat' dir='ltr'>dicis,</span> <span class='ocrx_word' id='word_1_16' title='bbox 1852 713 1978 757; x_wconf 91' lang='lat' dir='ltr'>nec</span> <span class='ocrx_word' id='word_1_17' title='bbox 2027 690 2221 758; x_wconf 85' lang='lat' dir='ltr'>aliter</span> <span class='ocrx_word' id='word_1_18' title='bbox 2271 712 2473 780; x_wconf 82' lang='lat' dir='ltr'>quam</span> <span class='ocrx_word' id='word_1_19' title='bbox 2515 691 2623 757; x_wconf 88' lang='lat' dir='ltr'>di-</span> 
     </span>
     <span class='ocr_line' id='line_1_4' title="bbox 1073 792 1647 863; baseline 0.007 -10"><span class='ocrx_word' id='word_1_20' title='bbox 1073 813 1106 853; x_wconf 79' lang='lat'><strong>«</strong></span> <span class='ocrx_word' id='word_1_21' title='bbox 1141 792 1354 862; x_wconf 91' lang='lat' dir='ltr'>cendo</span> <span class='ocrx_word' id='word_1_22' title='bbox 1392 795 1577 863; x_wconf 85' lang='lat' dir='ltr'>facis.</span> <span class='ocrx_word' id='word_1_23' title='bbox 1616 824 1647 857; x_wconf 71' lang='grc' dir='ltr'>ι»</span> 
     </span>
    </p>

    <p class='ocr_par' dir='ltr' id='par_1_3' title="bbox 1034 901 2621 3034">
     <span class='ocr_line' id='line_1_5' title="bbox 1160 901 2621 991; baseline 0.005 -26"><span class='ocrx_word' id='word_1_24' title='bbox 1160 923 1195 965; x_wconf 68' lang='grc' dir='ltr'><strong>α</strong></span> <span class='ocrx_word' id='word_1_25' title='bbox 1235 902 1388 991; x_wconf 82' lang='lat' dir='ltr'>Ipse</span> <span class='ocrx_word' id='word_1_26' title='bbox 1411 901 1795 980; x_wconf 86' lang='lat' dir='ltr'>mandavit,</span> <span class='ocrx_word' id='word_1_27' title='bbox 1833 927 1867 968; x_wconf 79' lang='grc' dir='ltr'>ιι</span> <span class='ocrx_word' id='word_1_28' title='bbox 1903 902 2419 971; x_wconf 80' lang='lat' dir='ltr'>rationabilibus</span> <span class='ocrx_word' id='word_1_29' title='bbox 2464 927 2478 971; x_wconf 89' lang='lat'>:</span> <span class='ocrx_word' id='word_1_30' title='bbox 2527 915 2621 973; x_wconf 89' lang='lat' dir='ltr'>ta-</span> 
     </span>
     <span class='ocr_line' id='line_1_6' title="bbox 1065 1006 2618 1095; baseline 0.006 -22"><span class='ocrx_word' id='word_1_31' title='bbox 1065 1006 1244 1077; x_wconf 91' lang='lat' dir='ltr'>libus</span> <span class='ocrx_word' id='word_1_32' title='bbox 1300 1011 1480 1078; x_wconf 90' lang='lat' dir='ltr'>enim</span> <span class='ocrx_word' id='word_1_33' title='bbox 1547 1010 1624 1078; x_wconf 86' lang='lat' dir='ltr'>fit</span> <span class='ocrx_word' id='word_1_34' title='bbox 1672 1010 2099 1095; x_wconf 88' lang='lat' dir='ltr'>mandatum,</span> <span class='ocrx_word' id='word_1_35' title='bbox 2175 1042 2207 1075; x_wconf 74' lang='grc' dir='ltr'><strong>α</strong></span> <span class='ocrx_word' id='word_1_36' title='bbox 2265 1024 2328 1081; x_wconf 89' lang='lat' dir='ltr'>et</span> <span class='ocrx_word' id='word_1_37' title='bbox 2391 1025 2618 1082; x_wconf 79' lang='lat' dir='ltr'>ereata</span> 
     </span>
     <span class='ocr_line' id='line_1_7' title="bbox 1060 1115 2617 1210; baseline 0.003 -28"><span class='ocrx_word' id='word_1_38' title='bbox 1060 1127 1246 1186; x_wconf 84' lang='lat' dir='ltr'>sunt.</span> <span class='ocrx_word' id='word_1_39' title='bbox 1282 1145 1311 1178; x_wconf 70' lang='lat' dir='ltr'>n</span> <span class='ocrx_word' id='word_1_40' title='bbox 1356 1117 1451 1184; x_wconf 89' lang='lat' dir='ltr'>De</span> <span class='ocrx_word' id='word_1_41' title='bbox 1490 1115 1618 1184; x_wconf 90' lang='lat' dir='ltr'>hac</span> <span class='ocrx_word' id='word_1_42' title='bbox 1647 1119 1991 1187; x_wconf 77' lang='lat' dir='ltr'>creatione</span> <span class='ocrx_word' id='word_1_43' title='bbox 2024 1120 2093 1186; x_wconf 89' lang='lat' dir='ltr'>in</span> <span class='ocrx_word' id='word_1_44' title='bbox 2133 1120 2465 1210; x_wconf 91' lang='lat' dir='ltr'>principio</span> <span class='ocrx_word' id='word_1_45' title='bbox 2491 1120 2617 1188; x_wconf 91' lang='lat' dir='ltr'>Ge-</span> 
     </span>
     <span class='ocr_line' id='line_1_8' title="bbox 1066 1224 2617 1317; baseline 0.004 -29"><span class='ocrx_word' id='word_1_46' title='bbox 1066 1243 1207 1289; x_wconf 90' lang='lat' dir='ltr'>nes.</span> <span class='ocrx_word' id='word_1_47' title='bbox 1266 1246 1313 1300; x_wconf 93' lang='lat'>1,</span> <span class='ocrx_word' id='word_1_48' title='bbox 1349 1225 1376 1289; x_wconf 81' lang='lat'><strong>1</strong></span> <span class='ocrx_word' id='word_1_49' title='bbox 1418 1243 1433 1290; x_wconf 70' lang='grc' dir='ltr'>ε</span> <span class='ocrx_word' id='word_1_50' title='bbox 1469 1224 1552 1290; x_wconf 85' lang='lat' dir='ltr'>In</span> <span class='ocrx_word' id='word_1_51' title='bbox 1598 1224 1949 1317; x_wconf 85' lang='lat' dir='ltr'>principio</span> <span class='ocrx_word' id='word_1_52' title='bbox 1988 1228 2242 1293; x_wconf 87' lang='lat' dir='ltr'>creavit</span> <span class='ocrx_word' id='word_1_53' title='bbox 2283 1229 2468 1294; x_wconf 84' lang='lat' dir='ltr'>Deus</span> <span class='ocrx_word' id='word_1_54' title='bbox 2496 1250 2617 1294; x_wconf 82' lang='lat' dir='ltr'>coe·</span> 
     </span>
     <span class='ocr_line' id='line_1_9' title="bbox 1066 1328 2610 1423; baseline 0.005 -29"><span class='ocrx_word' id='word_1_55' title='bbox 1066 1328 1214 1396; x_wconf 87' lang='lat' dir='ltr'>lum</span> <span class='ocrx_word' id='word_1_56' title='bbox 1252 1341 1317 1398; x_wconf 89' lang='lat' dir='ltr'>et</span> <span class='ocrx_word' id='word_1_57' title='bbox 1380 1338 1660 1398; x_wconf 83' lang='lat' dir='ltr'>terram.</span> <span class='ocrx_word' id='word_1_58' title='bbox 1704 1331 1803 1400; x_wconf 87' lang='lat' dir='ltr'>De</span> <span class='ocrx_word' id='word_1_59' title='bbox 1856 1342 2149 1423; x_wconf 88' lang='lat' dir='ltr'>utroque</span> <span class='ocrx_word' id='word_1_60' title='bbox 2205 1333 2437 1411; x_wconf 88' lang='lat' dir='ltr'>simul,</span> <span class='ocrx_word' id='word_1_61' title='bbox 2488 1334 2610 1401; x_wconf 87' lang='lat' dir='ltr'>Ju-</span> 
     </span>
     <span class='ocr_line' id='line_1_10' title="bbox 1058 1433 2612 1520; baseline 0.003 -18"><span class='ocrx_word' id='word_1_62' title='bbox 1058 1433 1231 1513; x_wconf 88' lang='lat' dir='ltr'>dith,</span> <span class='ocrx_word' id='word_1_63' title='bbox 1284 1457 1424 1513; x_wconf 75' lang='lat' dir='ltr'>xvx,</span> <span class='ocrx_word' id='word_1_64' title='bbox 1501 1437 1580 1503; x_wconf 84' lang='grc' dir='ltr'><strong><em>Π</em></strong></span> <span class='ocrx_word' id='word_1_65' title='bbox 1644 1458 1660 1504; x_wconf 88' lang='lat'><strong>:</strong></span> <span class='ocrx_word' id='word_1_66' title='bbox 1720 1437 1892 1520; x_wconf 86' lang='lat' dir='ltr'>Tibi,</span> <span class='ocrx_word' id='word_1_67' title='bbox 1971 1438 2294 1518; x_wconf 84' lang='lat' dir='ltr'>Domine,</span> <span class='ocrx_word' id='word_1_68' title='bbox 2361 1442 2612 1507; x_wconf 85' lang='lat' dir='ltr'>serviat</span> 
     </span>
     <span class='ocr_line' id='line_1_11' title="bbox 1057 1544 2612 1636; baseline 0.005 -29"><span class='ocrx_word' id='word_1_69' title='bbox 1057 1544 1279 1609; x_wconf 83' lang='lat' dir='ltr'>omnis</span> <span class='ocrx_word' id='word_1_70' title='bbox 1368 1553 1685 1611; x_wconf 83' lang='lat' dir='ltr'>ereatura</span> <span class='ocrx_word' id='word_1_71' title='bbox 1743 1556 1893 1626; x_wconf 87' lang='lat' dir='ltr'>tua,</span> <span class='ocrx_word' id='word_1_72' title='bbox 1988 1546 2156 1636; x_wconf 79' lang='lat' dir='ltr'>quia</span> <span class='ocrx_word' id='word_1_73' title='bbox 2212 1545 2478 1625; x_wconf 73' lang='lat' dir='ltr'>dixisti,</span> <span class='ocrx_word' id='word_1_74' title='bbox 2547 1557 2612 1614; x_wconf 81' lang='lat' dir='ltr'>et</span> 
     </span>
     <span class='ocr_line' id='line_1_12' title="bbox 1052 1650 2609 1745; baseline 0.004 -30"><span class='ocrx_word' id='word_1_75' title='bbox 1052 1650 1246 1739; x_wconf 79' lang='lat' dir='ltr'>sacta</span> <span class='ocrx_word' id='word_1_76' title='bbox 1301 1661 1464 1718; x_wconf 88' lang='lat' dir='ltr'>sunt</span> <span class='ocrx_word' id='word_1_77' title='bbox 1493 1675 1517 1720; x_wconf 92' lang='lat'>.·</span> <span class='ocrx_word' id='word_1_78' title='bbox 1547 1653 1801 1721; x_wconf 87' lang='lat' dir='ltr'>misisti</span> <span class='ocrx_word' id='word_1_79' title='bbox 1860 1655 2188 1745; x_wconf 83' lang='lat' dir='ltr'>spiritum</span> <span class='ocrx_word' id='word_1_80' title='bbox 2255 1666 2477 1733; x_wconf 89' lang='lat' dir='ltr'>tuum,</span> <span class='ocrx_word' id='word_1_81' title='bbox 2546 1666 2609 1722; x_wconf 84' lang='lat' dir='ltr'>et</span> 
     </span>
     <span class='ocr_line' id='line_1_13' title="bbox 1054 1757 2600 1849; baseline 0.004 -28"><span class='ocrx_word' id='word_1_82' title='bbox 1054 1764 1282 1823; x_wconf 87' lang='lat' dir='ltr'>ereata</span> <span class='ocrx_word' id='word_1_83' title='bbox 1326 1766 1510 1824; x_wconf 87' lang='lat' dir='ltr'>sunt.</span> <span class='ocrx_word' id='word_1_84' title='bbox 1572 1757 1660 1826; x_wconf 89' lang='lat' dir='ltr'>Et</span> <span class='ocrx_word' id='word_1_85' title='bbox 1714 1781 1947 1849; x_wconf 88' lang='lat' dir='ltr'>supra,</span> <span class='ocrx_word' id='word_1_86' title='bbox 2015 1761 2084 1827; x_wconf 92' lang='lat' dir='ltr'>in</span> <span class='ocrx_word' id='word_1_87' title='bbox 2144 1759 2327 1831; x_wconf 87' lang='lat' dir='ltr'>Psal.</span> <span class='ocrx_word' id='word_1_88' title='bbox 2389 1782 2600 1839; x_wconf 75' lang='lat' dir='ltr'>xxxix,</span> 
     </span>
     <span class='ocr_line' id='line_1_14' title="bbox 1052 1862 2604 1958; baseline 0.003 -28"><span class='ocrx_word' id='word_1_89' title='bbox 1052 1862 1119 1939; x_wconf 82' lang='lat'>9,</span> <span class='ocrx_word' id='word_1_90' title='bbox 1154 1863 1438 1930; x_wconf 91' lang='lat' dir='ltr'>omnino</span> <span class='ocrx_word' id='word_1_91' title='bbox 1470 1862 1723 1932; x_wconf 89' lang='lat' dir='ltr'>simile.</span> <span class='ocrx_word' id='word_1_92' title='bbox 1773 1863 1912 1933; x_wconf 88' lang='lat' dir='ltr'>Sed</span> <span class='ocrx_word' id='word_1_93' title='bbox 1956 1888 2166 1957; x_wconf 85' lang='lat' dir='ltr'>quare</span> <span class='ocrx_word' id='word_1_94' title='bbox 2196 1889 2335 1936; x_wconf 90' lang='lat' dir='ltr'>non</span> <span class='ocrx_word' id='word_1_95' title='bbox 2382 1870 2604 1958; x_wconf 89' lang='lat' dir='ltr'>primo</span> 
     </span>
     <span class='ocr_line' id='line_1_15' title="bbox 1050 1968 2602 2063; baseline 0.005 -26"><span class='ocrx_word' id='word_1_96' title='bbox 1050 1968 1367 2038; x_wconf 89' lang='lat' dir='ltr'>dicuntur</span> <span class='ocrx_word' id='word_1_97' title='bbox 1388 1980 1615 2038; x_wconf 86' lang='lat' dir='ltr'>creata</span> <span class='ocrx_word' id='word_1_98' title='bbox 1645 1995 1850 2063; x_wconf 91' lang='lat' dir='ltr'>quam</span> <span class='ocrx_word' id='word_1_99' title='bbox 1909 1972 2112 2053; x_wconf 76' lang='lat' dir='ltr'>facta,</span> <span class='ocrx_word' id='word_1_100' title='bbox 2148 1996 2307 2042; x_wconf 90' lang='lat' dir='ltr'>cum</span> <span class='ocrx_word' id='word_1_101' title='bbox 2353 1977 2602 2044; x_wconf 76' lang='lat' dir='ltr'>creatio</span> 
     </span>
     <span class='ocr_line' id='line_1_16' title="bbox 1047 2077 2601 2172; baseline 0.005 -29"><span class='ocrx_word' id='word_1_102' title='bbox 1047 2077 1135 2144; x_wconf 88' lang='lat' dir='ltr'>sit</span> <span class='ocrx_word' id='word_1_103' title='bbox 1173 2080 1357 2168; x_wconf 87' lang='lat' dir='ltr'>prius</span> <span class='ocrx_word' id='word_1_104' title='bbox 1383 2101 1589 2169; x_wconf 88' lang='lat' dir='ltr'>quam</span> <span class='ocrx_word' id='word_1_105' title='bbox 1621 2080 1847 2160; x_wconf 83' lang='lat' dir='ltr'>factio.</span> <span class='ocrx_word' id='word_1_106' title='bbox 1883 2091 1951 2150; x_wconf 83' lang='lat' dir='ltr'>et</span> <span class='ocrx_word' id='word_1_107' title='bbox 1981 2083 2185 2150; x_wconf 82' lang='lat' dir='ltr'>etiam</span> <span class='ocrx_word' id='word_1_108' title='bbox 2217 2083 2601 2172; x_wconf 79' lang='lat' dir='ltr'>spirituales</span> 
     </span>
     <span class='ocr_line' id='line_1_17' title="bbox 1047 2188 2594 2283; baseline 0.005 -29"><span class='ocrx_word' id='word_1_109' title='bbox 1047 2196 1371 2256; x_wconf 82' lang='lat' dir='ltr'>creaturae</span> <span class='ocrx_word' id='word_1_110' title='bbox 1451 2188 1640 2280; x_wconf 88' lang='lat' dir='ltr'>prius</span> <span class='ocrx_word' id='word_1_111' title='bbox 1706 2199 1864 2259; x_wconf 90' lang='lat' dir='ltr'>sunt</span> <span class='ocrx_word' id='word_1_112' title='bbox 1951 2190 2308 2283; x_wconf 82' lang='lat' dir='ltr'>dignitate,</span> <span class='ocrx_word' id='word_1_113' title='bbox 2389 2215 2594 2283; x_wconf 89' lang='lat' dir='ltr'>quam</span> 
     </span>
     <span class='ocr_line' id='line_1_18' title="bbox 1044 2295 2597 2390; baseline 0.004 -27"><span class='ocrx_word' id='word_1_114' title='bbox 1044 2295 1483 2386; x_wconf 80' lang='lat' dir='ltr'>corporales?</span> <span class='ocrx_word' id='word_1_115' title='bbox 1529 2295 1911 2388; x_wconf 86' lang='lat' dir='ltr'>Responsio</span> <span class='ocrx_word' id='word_1_116' title='bbox 1957 2321 1973 2367; x_wconf 75' lang='grc' dir='ltr'>ε</span> <span class='ocrx_word' id='word_1_117' title='bbox 2019 2298 2198 2378; x_wconf 88' lang='lat' dir='ltr'>Quia</span> <span class='ocrx_word' id='word_1_118' title='bbox 2257 2298 2597 2390; x_wconf 83' lang='lat' dir='ltr'>Propheta</span> 
     </span>
     <span class='ocr_line' id='line_1_19' title="bbox 1042 2405 2596 2501; baseline 0.003 -29"><span class='ocrx_word' id='word_1_119' title='bbox 1042 2405 1450 2473; x_wconf 84' lang='lat' dir='ltr'>sensibiliter</span> <span class='ocrx_word' id='word_1_120' title='bbox 1497 2408 1827 2496; x_wconf 84' lang='lat' dir='ltr'>procedit,</span> <span class='ocrx_word' id='word_1_121' title='bbox 1871 2416 1937 2475; x_wconf 89' lang='lat' dir='ltr'>et</span> <span class='ocrx_word' id='word_1_122' title='bbox 1983 2408 2359 2477; x_wconf 87' lang='lat' dir='ltr'>secundum</span> <span class='ocrx_word' id='word_1_123' title='bbox 2410 2409 2596 2501; x_wconf 87' lang='lat' dir='ltr'>quod</span> 
     </span>
     <span class='ocr_line' id='line_1_20' title="bbox 1039 2513 2596 2607; baseline 0.002 -27"><span class='ocrx_word' id='word_1_124' title='bbox 1039 2523 1141 2581; x_wconf 89' lang='lat' dir='ltr'>est</span> <span class='ocrx_word' id='word_1_125' title='bbox 1165 2513 1278 2581; x_wconf 78' lang='lat' dir='ltr'>via</span> <span class='ocrx_word' id='word_1_126' title='bbox 1317 2515 1776 2605; x_wconf 85' lang='lat' dir='ltr'>cognoscendi</span> <span class='ocrx_word' id='word_1_127' title='bbox 1822 2516 1890 2584; x_wconf 91' lang='lat' dir='ltr'>in</span> <span class='ocrx_word' id='word_1_128' title='bbox 1933 2515 2131 2584; x_wconf 88' lang='lat' dir='ltr'>nobis</span> <span class='ocrx_word' id='word_1_129' title='bbox 2163 2537 2180 2585; x_wconf 73' lang='grc' dir='ltr'><em>τ</em></span> <span class='ocrx_word' id='word_1_130' title='bbox 2217 2517 2596 2607; x_wconf 89' lang='lat' dir='ltr'>corporalia</span> 
     </span>
     <span class='ocr_line' id='line_1_21' title="bbox 1039 2620 2585 2713; baseline 0.003 -26"><span class='ocrx_word' id='word_1_131' title='bbox 1039 2628 1267 2688; x_wconf 89' lang='lat' dir='ltr'>autem</span> <span class='ocrx_word' id='word_1_132' title='bbox 1326 2622 1726 2712; x_wconf 88' lang='lat' dir='ltr'>priusquam</span> <span class='ocrx_word' id='word_1_133' title='bbox 1794 2620 2176 2713; x_wconf 83' lang='lat' dir='ltr'>spiritualia</span> <span class='ocrx_word' id='word_1_134' title='bbox 2230 2624 2585 2691; x_wconf 68' lang='lat' dir='ltr'>sentimus».</span> 
     </span>
     <span class='ocr_line' id='line_1_22' title="bbox 1040 2725 2596 2822; baseline 0.003 -29"><span class='ocrx_word' id='word_1_135' title='bbox 1040 2725 1069 2793; x_wconf 95' lang='lat' dir='ltr'>I</span> <span class='ocrx_word' id='word_1_136' title='bbox 1108 2725 1193 2794; x_wconf 89' lang='lat' dir='ltr'>ad</span> <span class='ocrx_word' id='word_1_137' title='bbox 1252 2726 1559 2797; x_wconf 89' lang='lat' dir='ltr'>Corinth.</span> <span class='ocrx_word' id='word_1_138' title='bbox 1612 2751 1729 2807; x_wconf 66' lang='grc' dir='ltr'>κν,</span> <span class='ocrx_word' id='word_1_139' title='bbox 1773 2730 1859 2797; x_wconf 74' lang='lat'>46</span> <span class='ocrx_word' id='word_1_140' title='bbox 1905 2754 1921 2798; x_wconf 90' lang='lat'><strong>:</strong></span> <span class='ocrx_word' id='word_1_141' title='bbox 1962 2732 2118 2799; x_wconf 82' lang='lat' dir='ltr'>Non</span> <span class='ocrx_word' id='word_1_142' title='bbox 2156 2731 2361 2821; x_wconf 87' lang='lat' dir='ltr'>prius</span> <span class='ocrx_word' id='word_1_143' title='bbox 2406 2730 2596 2822; x_wconf 84' lang='lat' dir='ltr'>quod</span> 
     </span>
     <span class='ocr_line' id='line_1_23' title="bbox 1034 2835 2589 2927; baseline 0.001 -25"><span class='ocrx_word' id='word_1_144' title='bbox 1034 2835 1356 2925; x_wconf 84' lang='lat' dir='ltr'>spiritale</span> <span class='ocrx_word' id='word_1_145' title='bbox 1390 2846 1513 2915; x_wconf 89' lang='lat' dir='ltr'>est,</span> <span class='ocrx_word' id='word_1_146' title='bbox 1542 2836 1667 2904; x_wconf 81' lang='lat' dir='ltr'>sed</span> <span class='ocrx_word' id='word_1_147' title='bbox 1737 2838 1929 2927; x_wconf 81' lang='lat' dir='ltr'>quod</span> <span class='ocrx_word' id='word_1_148' title='bbox 1977 2838 2309 2914; x_wconf 83' lang='lat' dir='ltr'>animale,</span> <span class='ocrx_word' id='word_1_149' title='bbox 2344 2836 2589 2906; x_wconf 83' lang='lat' dir='ltr'>deinde</span> 
     </span>
     <span class='ocr_line' id='line_1_24' title="bbox 1035 2942 1584 3034; baseline 0.007 -25"><span class='ocrx_word' id='word_1_150' title='bbox 1035 2942 1226 3032; x_wconf 83' lang='lat' dir='ltr'>quod</span> <span class='ocrx_word' id='word_1_151' title='bbox 1243 2943 1584 3034; x_wconf 84' lang='lat' dir='ltr'>spiritale.</span> 
     </span>
    </p>
   </div>
   <div class='ocr_carea' id='block_1_3' title="bbox 993 3271 2578 4864">
    <p class='ocr_par' dir='ltr' id='par_1_4' title="bbox 1015 3271 2578 3980">
     <span class='ocr_line' id='line_1_25' title="bbox 1125 3271 2578 3364; baseline 0.006 -29"><span class='ocrx_word' id='word_1_152' title='bbox 1125 3296 1160 3335; x_wconf 71' lang='grc' dir='ltr'>ι</span> <span class='ocrx_word' id='word_1_153' title='bbox 1191 3271 1459 3341; x_wconf 89' lang='lat' dir='ltr'>Statuit</span> <span class='ocrx_word' id='word_1_154' title='bbox 1521 3293 1625 3343; x_wconf 86' lang='lat' dir='ltr'>ea.</span> <span class='ocrx_word' id='word_1_155' title='bbox 1681 3296 1714 3337; x_wconf 72' lang='grc' dir='ltr'>ι</span> <span class='ocrx_word' id='word_1_156' title='bbox 1771 3272 1900 3342; x_wconf 82' lang='lat' dir='ltr'>llic</span> <span class='ocrx_word' id='word_1_157' title='bbox 1946 3274 2252 3364; x_wconf 84' lang='lat' dir='ltr'>tangitur</span> <span class='ocrx_word' id='word_1_158' title='bbox 2303 3273 2578 3344; x_wconf 88' lang='lat' dir='ltr'>collatio</span> 
     </span>
     <span class='ocr_line' id='line_1_26' title="bbox 1030 3375 2577 3469; baseline 0.004 -26"><span class='ocrx_word' id='word_1_159' title='bbox 1030 3375 1295 3445; x_wconf 88' lang='lat' dir='ltr'>essendi</span> <span class='ocrx_word' id='word_1_160' title='bbox 1340 3377 1834 3447; x_wconf 87' lang='lat' dir='ltr'>ordinabiliter.</span> <span class='ocrx_word' id='word_1_161' title='bbox 1894 3377 1981 3447; x_wconf 86' lang='lat' dir='ltr'>Et</span> <span class='ocrx_word' id='word_1_162' title='bbox 2033 3380 2285 3469; x_wconf 87' lang='lat' dir='ltr'>primo,</span> <span class='ocrx_word' id='word_1_163' title='bbox 2335 3385 2577 3449; x_wconf 84' lang='lat' dir='ltr'>creatis</span> 
     </span>
     <span class='ocr_line' id='line_1_27' title="bbox 1025 3483 2570 3575; baseline 0.005 -25"><span class='ocrx_word' id='word_1_164' title='bbox 1025 3483 1605 3552; x_wconf 86' lang='lat' dir='ltr'>irrationabilibus</span> <span class='ocrx_word' id='word_1_165' title='bbox 1662 3485 2150 3575; x_wconf 87' lang='lat' dir='ltr'>superioribus.</span> <span class='ocrx_word' id='word_1_166' title='bbox 2228 3484 2570 3568; x_wconf 85' lang='lat' dir='ltr'>Secundo,</span> 
     </span>
     <span class='ocr_line' id='line_1_28' title="bbox 1022 3589 2567 3685; baseline 0.003 -28"><span class='ocrx_word' id='word_1_167' title='bbox 1022 3589 1564 3672; x_wconf 84' lang='lat' dir='ltr'>rationabilibus,</span> <span class='ocrx_word' id='word_1_168' title='bbox 1598 3590 1762 3670; x_wconf 73' lang='lat' dir='ltr'>ibi,«</span> <span class='ocrx_word' id='word_1_169' title='bbox 1795 3594 2222 3684; x_wconf 70' lang='lat' dir='ltr'>Proeceptum</span> <span class='ocrx_word' id='word_1_170' title='bbox 2243 3597 2503 3685; x_wconf 79' lang='lat' dir='ltr'>posuit.</span> <span class='ocrx_word' id='word_1_171' title='bbox 2535 3623 2567 3661; x_wconf 82' lang='grc' dir='ltr'>ιι</span> 
     </span>
     <span class='ocr_line' id='line_1_29' title="bbox 1023 3697 2567 3791; baseline 0.005 -27"><span class='ocrx_word' id='word_1_172' title='bbox 1023 3697 1372 3766; x_wconf 84' lang='lat' dir='ltr'>Statutum</span> <span class='ocrx_word' id='word_1_173' title='bbox 1411 3699 1595 3767; x_wconf 88' lang='lat' dir='ltr'>enim</span> <span class='ocrx_word' id='word_1_174' title='bbox 1628 3699 1901 3791; x_wconf 86' lang='lat' dir='ltr'>proprie</span> <span class='ocrx_word' id='word_1_175' title='bbox 1939 3700 2014 3769; x_wconf 91' lang='lat' dir='ltr'>lit</span> <span class='ocrx_word' id='word_1_176' title='bbox 2042 3710 2370 3771; x_wconf 64' lang='lat' dir='ltr'>creatura».</span> <span class='ocrx_word' id='word_1_177' title='bbox 2399 3703 2567 3771; x_wconf 85' lang='lat' dir='ltr'>irra-</span> 
     </span>
     <span class='ocr_line' id='line_1_30' title="bbox 1015 3805 2568 3899; baseline 0.005 -28"><span class='ocrx_word' id='word_1_178' title='bbox 1015 3805 1329 3875; x_wconf 88' lang='lat' dir='ltr'>tionabili</span> <span class='ocrx_word' id='word_1_179' title='bbox 1360 3807 1726 3898; x_wconf 89' lang='lat' dir='ltr'>corporali,</span> <span class='ocrx_word' id='word_1_180' title='bbox 1759 3816 2173 3899; x_wconf 68' lang='lat' dir='ltr'>preceptum</span> <span class='ocrx_word' id='word_1_181' title='bbox 2204 3809 2568 3879; x_wconf 89' lang='lat' dir='ltr'>rationabi-</span> 
     </span>
     <span class='ocr_line' id='line_1_31' title="bbox 1015 3910 1088 3980; baseline 0.027 -2"><span class='ocrx_word' id='word_1_182' title='bbox 1015 3910 1088 3980; x_wconf 87' lang='lat' dir='ltr'>li.</span> 
     </span>
    </p>

    <p class='ocr_par' dir='ltr' id='par_1_5' title="bbox 993 4019 2561 4864">
     <span class='ocr_line' id='line_1_32' title="bbox 1102 4019 2561 4115; baseline 0.004 -27"><span class='ocrx_word' id='word_1_183' title='bbox 1102 4019 1280 4089; x_wconf 83' lang='lat' dir='ltr'>Dicit</span> <span class='ocrx_word' id='word_1_184' title='bbox 1332 4040 1557 4109; x_wconf 87' lang='lat' dir='ltr'>ergo:</span> <span class='ocrx_word' id='word_1_185' title='bbox 1623 4019 1737 4090; x_wconf 87' lang='lat' dir='ltr'>Sic</span> <span class='ocrx_word' id='word_1_186' title='bbox 1800 4021 2097 4104; x_wconf 88' lang='lat' dir='ltr'>laudate,</span> <span class='ocrx_word' id='word_1_187' title='bbox 2156 4025 2318 4115; x_wconf 89' lang='lat' dir='ltr'>quia</span> <span class='ocrx_word' id='word_1_188' title='bbox 2381 4025 2561 4094; x_wconf 88' lang='lat' dir='ltr'>dedit</span> 
     </span>
     <span class='ocr_line' id='line_1_33' title="bbox 1010 4126 2546 4220; baseline 0.002 -25"><span class='ocrx_word' id='word_1_189' title='bbox 1010 4150 1159 4196; x_wconf 85' lang='lat' dir='ltr'>esse</span> <span class='ocrx_word' id='word_1_190' title='bbox 1188 4126 1587 4220; x_wconf 88' lang='lat' dir='ltr'>simpliciter</span> <span class='ocrx_word' id='word_1_191' title='bbox 1618 4150 1636 4198; x_wconf 71' lang='grc' dir='ltr'>ε</span> <span class='ocrx_word' id='word_1_192' title='bbox 1672 4138 1742 4197; x_wconf 89' lang='lat' dir='ltr'>et</span> <span class='ocrx_word' id='word_1_193' title='bbox 1790 4131 1996 4198; x_wconf 87' lang='lat' dir='ltr'>etiam</span> <span class='ocrx_word' id='word_1_194' title='bbox 2029 4157 2064 4196; x_wconf 71' lang='grc' dir='ltr'>ι</span> <span class='ocrx_word' id='word_1_195' title='bbox 2094 4134 2346 4200; x_wconf 77' lang='lat' dir='ltr'>statuit</span> <span class='ocrx_word' id='word_1_196' title='bbox 2379 4155 2485 4213; x_wconf 89' lang='lat' dir='ltr'>ea,</span> <span class='ocrx_word' id='word_1_197' title='bbox 2515 4162 2546 4198; x_wconf 71' lang='grc' dir='ltr'>ι</span> 
     </span>
     <span class='ocr_line' id='line_1_34' title="bbox 1005 4234 2555 4326; baseline 0.003 -23"><span class='ocrx_word' id='word_1_198' title='bbox 1005 4256 1290 4325; x_wconf 86' lang='lat' dir='ltr'>corpora</span> <span class='ocrx_word' id='word_1_199' title='bbox 1344 4234 1600 4303; x_wconf 86' lang='lat' dir='ltr'>scilieet</span> <span class='ocrx_word' id='word_1_200' title='bbox 1652 4236 2007 4326; x_wconf 83' lang='lat' dir='ltr'>superiora</span> <span class='ocrx_word' id='word_1_201' title='bbox 2063 4237 2132 4305; x_wconf 94' lang='lat' dir='ltr'>in</span> <span class='ocrx_word' id='word_1_202' title='bbox 2175 4236 2343 4308; x_wconf 88' lang='lat' dir='ltr'>locis</span> <span class='ocrx_word' id='word_1_203' title='bbox 2387 4241 2555 4319; x_wconf 87' lang='lat' dir='ltr'>suis,</span> 
     </span>
     <span class='ocr_line' id='line_1_35' title="bbox 1003 4341 2554 4434; baseline 0.006 -26"><span class='ocrx_word' id='word_1_204' title='bbox 1003 4350 1078 4410; x_wconf 89' lang='lat' dir='ltr'>ut</span> <span class='ocrx_word' id='word_1_205' title='bbox 1131 4342 1224 4409; x_wconf 91' lang='lat' dir='ltr'>ibi</span> <span class='ocrx_word' id='word_1_206' title='bbox 1277 4341 1794 4411; x_wconf 84' lang='lat' dir='ltr'>immutabiliter</span> <span class='ocrx_word' id='word_1_207' title='bbox 1847 4356 2313 4434; x_wconf 79' lang='lat' dir='ltr'>perseverent,</span> <span class='ocrx_word' id='word_1_208' title='bbox 2372 4356 2439 4417; x_wconf 88' lang='lat' dir='ltr'>et</span> <span class='ocrx_word' id='word_1_209' title='bbox 2486 4349 2554 4418; x_wconf 92' lang='lat' dir='ltr'>in</span> 
     </span>
     <span class='ocr_line' id='line_1_36' title="bbox 1000 4448 2555 4533; baseline 0.004 -16"><span class='ocrx_word' id='word_1_210' title='bbox 1000 4448 1355 4518; x_wconf 87' lang='lat' dir='ltr'>ordinibus</span> <span class='ocrx_word' id='word_1_211' title='bbox 1404 4449 1597 4518; x_wconf 86' lang='lat' dir='ltr'>suis:</span> <span class='ocrx_word' id='word_1_212' title='bbox 1661 4449 1839 4521; x_wconf 87' lang='lat' dir='ltr'>unde</span> <span class='ocrx_word' id='word_1_213' title='bbox 1886 4449 2099 4533; x_wconf 86' lang='lat' dir='ltr'>addit,</span> <span class='ocrx_word' id='word_1_214' title='bbox 2173 4482 2207 4517; x_wconf 73' lang='grc' dir='ltr'><strong>α</strong></span> <span class='ocrx_word' id='word_1_215' title='bbox 2239 4454 2323 4522; x_wconf 86' lang='lat' dir='ltr'>In</span> <span class='ocrx_word' id='word_1_216' title='bbox 2358 4465 2555 4524; x_wconf 63' lang='grc' dir='ltr'>εἰει·-</span> 
     </span>
     <span class='ocr_line' id='line_1_37' title="bbox 998 4556 2553 4643; baseline 0.005 -19"><span class='ocrx_word' id='word_1_217' title='bbox 998 4580 1193 4636; x_wconf 70' lang='lat' dir='ltr'>nuni,</span> <span class='ocrx_word' id='word_1_218' title='bbox 1226 4566 1315 4635; x_wconf 87' lang='lat' dir='ltr'>et,</span> <span class='ocrx_word' id='word_1_219' title='bbox 1354 4586 1386 4619; x_wconf 77' lang='grc' dir='ltr'>»ι</span> <span class='ocrx_word' id='word_1_220' title='bbox 1446 4556 1513 4625; x_wconf 89' lang='lat' dir='ltr'>id</span> <span class='ocrx_word' id='word_1_221' title='bbox 1551 4566 1681 4643; x_wconf 85' lang='lat' dir='ltr'>est,</span> <span class='ocrx_word' id='word_1_222' title='bbox 1733 4585 1769 4622; x_wconf 73' lang='grc' dir='ltr'><strong><em>α</em></strong></span> <span class='ocrx_word' id='word_1_223' title='bbox 1812 4559 1885 4628; x_wconf 87' lang='lat' dir='ltr'>in</span> <span class='ocrx_word' id='word_1_224' title='bbox 1935 4561 2267 4629; x_wconf 69' lang='lat' dir='ltr'>saeculum</span> <span class='ocrx_word' id='word_1_225' title='bbox 2308 4588 2342 4629; x_wconf 71' lang='grc' dir='ltr'>ι</span> <span class='ocrx_word' id='word_1_226' title='bbox 2383 4585 2553 4632; x_wconf 89' lang='lat' dir='ltr'>con-</span> 
     </span>
     <span class='ocr_line' id='line_1_38' title="bbox 994 4665 2549 4744; baseline 0.003 -12"><span class='ocrx_word' id='word_1_227' title='bbox 994 4666 1405 4744; x_wconf 83' lang='lat' dir='ltr'>secutivum,</span> <span class='ocrx_word' id='word_1_228' title='bbox 1460 4665 1780 4734; x_wconf 69' lang='lat' dir='ltr'>«saeculi.</span> <span class='ocrx_word' id='word_1_229' title='bbox 1829 4691 1863 4732; x_wconf 72' lang='grc' dir='ltr'>ι</span> <span class='ocrx_word' id='word_1_230' title='bbox 1915 4665 2071 4736; x_wconf 78' lang='lat' dir='ltr'>Non</span> <span class='ocrx_word' id='word_1_231' title='bbox 2128 4677 2232 4737; x_wconf 84' lang='lat' dir='ltr'>est</span> <span class='ocrx_word' id='word_1_232' title='bbox 2279 4679 2549 4738; x_wconf 91' lang='lat' dir='ltr'>contra·</span> 
     </span>
     <span class='ocr_line' id='line_1_39' title="bbox 993 4772 2549 4864; baseline 0.004 -25"><span class='ocrx_word' id='word_1_233' title='bbox 993 4773 1172 4839; x_wconf 89' lang='lat' dir='ltr'>rium</span> <span class='ocrx_word' id='word_1_234' title='bbox 1206 4772 1388 4864; x_wconf 85' lang='lat' dir='ltr'>quod</span> <span class='ocrx_word' id='word_1_235' title='bbox 1416 4772 1687 4853; x_wconf 88' lang='lat' dir='ltr'>dicitur,</span> <span class='ocrx_word' id='word_1_236' title='bbox 1723 4772 1968 4843; x_wconf 81' lang='lat' dir='ltr'>Matth.</span> <span class='ocrx_word' id='word_1_237' title='bbox 2009 4798 2198 4854; x_wconf 73' lang='lat' dir='ltr'>xxiv,</span> <span class='ocrx_word' id='word_1_238' title='bbox 2232 4778 2319 4846; x_wconf 74' lang='lat'>35</span> <span class='ocrx_word' id='word_1_239' title='bbox 2353 4801 2372 4847; x_wconf 76' lang='grc' dir='ltr'><strong><em>ε</em></strong></span> <span class='ocrx_word' id='word_1_240' title='bbox 2400 4779 2549 4848; x_wconf 87' lang='lat' dir='ltr'>Coe-</span> 
     </span>
    </p>
   </div>
   <div class='ocr_carea' id='block_1_4' title="bbox 4154 411 4284 480">
    <p class='ocr_par' dir='ltr' id='par_1_6' title="bbox 4154 411 4284 480">
     <span class='ocr_line' id='line_1_40' title="bbox 4154 411 4284 480; baseline -0.015 0"><span class='ocrx_word' id='word_1_241' title='bbox 4154 411 4284 480; x_wconf 80' lang='lat'>533</span> 
     </span>
    </p>
   </div>
   <div class='ocr_carea' id='block_1_5' title="bbox 2719 584 4286 1642">
    <p class='ocr_par' dir='ltr' id='par_1_7' title="bbox 2719 584 4286 1642">
     <span class='ocr_line' id='line_1_41' title="bbox 2825 584 4286 674; baseline -0.001 -25"><span class='ocrx_word' id='word_1_242' title='bbox 2825 609 2858 649; x_wconf 73' lang='grc' dir='ltr'><strong>α</strong></span> <span class='ocrx_word' id='word_1_243' title='bbox 2891 587 3319 674; x_wconf 64' lang='lat' dir='ltr'>Praeceptum</span> <span class='ocrx_word' id='word_1_244' title='bbox 3353 585 3614 673; x_wconf 76' lang='lat' dir='ltr'>posuit,</span> <span class='ocrx_word' id='word_1_245' title='bbox 3652 611 3685 645; x_wconf 71' lang='grc' dir='ltr'>ι»</span> <span class='ocrx_word' id='word_1_246' title='bbox 3719 584 4044 652; x_wconf 87' lang='lat' dir='ltr'>creaturis</span> <span class='ocrx_word' id='word_1_247' title='bbox 4077 604 4286 671; x_wconf 88' lang='lat' dir='ltr'>supe-</span> 
     </span>
     <span class='ocr_line' id='line_1_42' title="bbox 2732 689 4284 781; baseline -0.002 -23"><span class='ocrx_word' id='word_1_248' title='bbox 2732 691 3024 758; x_wconf 87' lang='lat' dir='ltr'>rioribus</span> <span class='ocrx_word' id='word_1_249' title='bbox 3055 689 3601 765; x_wconf 84' lang='lat' dir='ltr'>rationabilibus,</span> <span class='ocrx_word' id='word_1_250' title='bbox 3640 715 3672 754; x_wconf 68' lang='lat' dir='ltr'>a</span> <span class='ocrx_word' id='word_1_251' title='bbox 3716 700 3779 756; x_wconf 85' lang='lat' dir='ltr'>et</span> <span class='ocrx_word' id='word_1_252' title='bbox 3830 713 3965 757; x_wconf 84' lang='lat' dir='ltr'>non</span> <span class='ocrx_word' id='word_1_253' title='bbox 3990 701 4284 781; x_wconf 71' lang='lat' dir='ltr'>prseter-</span> 
     </span>
     <span class='ocr_line' id='line_1_43' title="bbox 2731 797 4273 887; baseline -0.001 -23"><span class='ocrx_word' id='word_1_254' title='bbox 2731 797 2880 877; x_wconf 77' lang='lat' dir='ltr'>ibit,</span> <span class='ocrx_word' id='word_1_255' title='bbox 2928 823 2962 860; x_wconf 76' lang='grc' dir='ltr'>ιι</span> <span class='ocrx_word' id='word_1_256' title='bbox 3033 799 3253 886; x_wconf 85' lang='lat' dir='ltr'>ipsum</span> <span class='ocrx_word' id='word_1_257' title='bbox 3311 806 3725 887; x_wconf 84' lang='lat' dir='ltr'>praeceptum</span> <span class='ocrx_word' id='word_1_258' title='bbox 3784 797 3901 863; x_wconf 86' lang='lat' dir='ltr'>illa</span> <span class='ocrx_word' id='word_1_259' title='bbox 3940 808 4273 864; x_wconf 87' lang='lat' dir='ltr'>creatura.</span> 
     </span>
     <span class='ocr_line' id='line_1_44' title="bbox 2733 902 4279 995; baseline -0.002 -24"><span class='ocrx_word' id='word_1_260' title='bbox 2733 904 2868 971; x_wconf 92' lang='lat' dir='ltr'>Sed</span> <span class='ocrx_word' id='word_1_261' title='bbox 2929 903 3113 994; x_wconf 90' lang='lat' dir='ltr'>quod</span> <span class='ocrx_word' id='word_1_262' title='bbox 3159 913 3261 971; x_wconf 88' lang='lat' dir='ltr'>est</span> <span class='ocrx_word' id='word_1_263' title='bbox 3325 902 3455 972; x_wconf 95' lang='lat' dir='ltr'>hoc</span> <span class='ocrx_word' id='word_1_264' title='bbox 3499 913 3916 995; x_wconf 71' lang='lat' dir='ltr'>praeceptum</span> <span class='ocrx_word' id='word_1_265' title='bbox 3952 905 3987 971; x_wconf 77' lang='lat'>⁴?</span> <span class='ocrx_word' id='word_1_266' title='bbox 4053 904 4142 972; x_wconf 78' lang='lat' dir='ltr'>Ut</span> <span class='ocrx_word' id='word_1_267' title='bbox 4182 903 4279 969; x_wconf 88' lang='lat' dir='ltr'>illi</span> 
     </span>
     <span class='ocr_line' id='line_1_45' title="bbox 2728 1012 4283 1104; baseline -0.001 -24"><span class='ocrx_word' id='word_1_268' title='bbox 2728 1012 3072 1090; x_wconf 83' lang='lat' dir='ltr'>obediant,</span> <span class='ocrx_word' id='word_1_269' title='bbox 3135 1013 3357 1103; x_wconf 88' lang='lat' dir='ltr'>ipsum</span> <span class='ocrx_word' id='word_1_270' title='bbox 3427 1012 3730 1093; x_wconf 91' lang='lat' dir='ltr'>laudent,</span> <span class='ocrx_word' id='word_1_271' title='bbox 3793 1013 3978 1104; x_wconf 92' lang='lat' dir='ltr'>quod</span> <span class='ocrx_word' id='word_1_272' title='bbox 4025 1013 4283 1080; x_wconf 76' lang='lat' dir='ltr'>faciunt</span> 
     </span>
     <span class='ocr_line' id='line_1_46' title="bbox 2725 1121 4281 1213; baseline 0.001 -25"><span class='ocrx_word' id='word_1_273' title='bbox 2725 1123 2794 1188; x_wconf 89' lang='lat' dir='ltr'>in</span> <span class='ocrx_word' id='word_1_274' title='bbox 2833 1134 3185 1189; x_wconf 83' lang='lat' dir='ltr'>aeternum.</span> <span class='ocrx_word' id='word_1_275' title='bbox 3220 1121 3429 1190; x_wconf 86' lang='lat' dir='ltr'>Eceli.</span> <span class='ocrx_word' id='word_1_276' title='bbox 3454 1145 3615 1198; x_wconf 76' lang='lat' dir='ltr'>xm,</span> <span class='ocrx_word' id='word_1_277' title='bbox 3660 1123 3745 1189; x_wconf 71' lang='lat'>24</span> <span class='ocrx_word' id='word_1_278' title='bbox 3784 1133 3849 1190; x_wconf 84' lang='lat' dir='ltr'>et</span> <span class='ocrx_word' id='word_1_279' title='bbox 3880 1145 4021 1213; x_wconf 91' lang='lat' dir='ltr'>seq.</span> <span class='ocrx_word' id='word_1_280' title='bbox 4063 1144 4079 1189; x_wconf 90' lang='lat'>:</span> <span class='ocrx_word' id='word_1_281' title='bbox 4119 1122 4281 1192; x_wconf 83' lang='lat' dir='ltr'>Om-</span> 
     </span>
     <span class='ocr_line' id='line_1_47' title="bbox 2722 1230 4277 1312; baseline 0.001 -17"><span class='ocrx_word' id='word_1_282' title='bbox 2722 1231 2842 1297; x_wconf 82' lang='lat' dir='ltr'>nia</span> <span class='ocrx_word' id='word_1_283' title='bbox 2871 1230 3010 1297; x_wconf 70' lang='lat' dir='ltr'>lea’c</span> <span class='ocrx_word' id='word_1_284' title='bbox 3047 1232 3309 1307; x_wconf 80' lang='lat' dir='ltr'>vivunt,</span> <span class='ocrx_word' id='word_1_285' title='bbox 3363 1242 3426 1297; x_wconf 87' lang='lat' dir='ltr'>et</span> <span class='ocrx_word' id='word_1_286' title='bbox 3475 1240 3756 1298; x_wconf 82' lang='lat' dir='ltr'>manent</span> <span class='ocrx_word' id='word_1_287' title='bbox 3805 1232 3874 1297; x_wconf 85' lang='lat' dir='ltr'>in</span> <span class='ocrx_word' id='word_1_288' title='bbox 3918 1231 4277 1312; x_wconf 63' lang='lat' dir='ltr'>saeculum,</span> 
     </span>
     <span class='ocr_line' id='line_1_48' title="bbox 2722 1337 4283 1405; baseline 0.001 -3"><span class='ocrx_word' id='word_1_289' title='bbox 2722 1344 2784 1403; x_wconf 84' lang='lat' dir='ltr'>et</span> <span class='ocrx_word' id='word_1_290' title='bbox 2818 1338 2887 1403; x_wconf 86' lang='lat' dir='ltr'>in</span> <span class='ocrx_word' id='word_1_291' title='bbox 2927 1339 3119 1404; x_wconf 84' lang='lat' dir='ltr'>omni</span> <span class='ocrx_word' id='word_1_292' title='bbox 3154 1339 3549 1405; x_wconf 76' lang='lat' dir='ltr'>necessitate</span> <span class='ocrx_word' id='word_1_293' title='bbox 3604 1339 3840 1404; x_wconf 87' lang='lat' dir='ltr'>omnia</span> <span class='ocrx_word' id='word_1_294' title='bbox 3887 1337 4283 1405; x_wconf 86' lang='lat' dir='ltr'>obaudiunt</span> 
     </span>
     <span class='ocr_line' id='line_1_49' title="bbox 2719 1444 4283 1536; baseline 0.001 -27"><span class='ocrx_word' id='word_1_295' title='bbox 2719 1445 2864 1512; x_wconf 88' lang='lat' dir='ltr'>ei...</span> <span class='ocrx_word' id='word_1_296' title='bbox 2907 1446 3062 1513; x_wconf 87' lang='lat' dir='ltr'>Non</span> <span class='ocrx_word' id='word_1_297' title='bbox 3092 1447 3259 1533; x_wconf 76' lang='lat' dir='ltr'>fecit</span> <span class='ocrx_word' id='word_1_298' title='bbox 3292 1444 3682 1536; x_wconf 81' lang='lat' dir='ltr'>quidquam</span> <span class='ocrx_word' id='word_1_299' title='bbox 3723 1445 4060 1514; x_wconf 84' lang='lat' dir='ltr'>deesse....</span> <span class='ocrx_word' id='word_1_300' title='bbox 4110 1446 4283 1513; x_wconf 81' lang='lat' dir='ltr'>Cni-</span> 
     </span>
     <span class='ocr_line' id='line_1_50' title="bbox 2719 1551 3843 1642; baseline 0.001 -24"><span class='ocrx_word' id='word_1_301' title='bbox 2719 1551 3144 1642; x_wconf 85' lang='lat' dir='ltr'>uscujusque</span> <span class='ocrx_word' id='word_1_302' title='bbox 3169 1554 3611 1639; x_wconf 80' lang='lat' dir='ltr'>confirmavit</span> <span class='ocrx_word' id='word_1_303' title='bbox 3643 1551 3843 1619; x_wconf 83' lang='lat' dir='ltr'>bona.</span> 
     </span>
    </p>
   </div>
   <div class='ocr_carea' id='block_1_6' title="bbox 2674 1865 4272 3883">
    <p class='ocr_par' dir='ltr' id='par_1_8' title="bbox 2704 1865 4272 2600">
     <span class='ocr_line' id='line_1_51' title="bbox 2811 1865 4272 1936; baseline 0.002 -4"><span class='ocrx_word' id='word_1_304' title='bbox 2811 1892 2844 1932; x_wconf 73' lang='grc' dir='ltr'><strong>α</strong></span> <span class='ocrx_word' id='word_1_305' title='bbox 2906 1866 3225 1936; x_wconf 83' lang='lat' dir='ltr'>Laudate</span> <span class='ocrx_word' id='word_1_306' title='bbox 3259 1867 3670 1935; x_wconf 88' lang='lat' dir='ltr'>Dominum.</span> <span class='ocrx_word' id='word_1_307' title='bbox 3706 1893 3737 1930; x_wconf 72' lang='grc' dir='ltr'>ι»</span> <span class='ocrx_word' id='word_1_308' title='bbox 3790 1865 3920 1935; x_wconf 86' lang='lat' dir='ltr'>Hic</span> <span class='ocrx_word' id='word_1_309' title='bbox 3974 1866 4272 1936; x_wconf 89' lang='lat' dir='ltr'>secunda</span> 
     </span>
     <span class='ocr_line' id='line_1_52' title="bbox 2712 1974 4270 2067; baseline 0.001 -26"><span class='ocrx_word' id='word_1_310' title='bbox 2712 1997 2867 2064; x_wconf 91' lang='lat' dir='ltr'>pars</span> <span class='ocrx_word' id='word_1_311' title='bbox 2906 1976 3145 2065; x_wconf 82' lang='lat' dir='ltr'>primae</span> <span class='ocrx_word' id='word_1_312' title='bbox 3179 1976 3391 2066; x_wconf 91' lang='lat' dir='ltr'>partis</span> <span class='ocrx_word' id='word_1_313' title='bbox 3445 1974 3733 2057; x_wconf 87' lang='lat' dir='ltr'>Psalmi,</span> <span class='ocrx_word' id='word_1_314' title='bbox 3804 1976 3875 2043; x_wconf 92' lang='lat' dir='ltr'>in</span> <span class='ocrx_word' id='word_1_315' title='bbox 3914 1998 4050 2067; x_wconf 88' lang='lat' dir='ltr'>qua</span> <span class='ocrx_word' id='word_1_316' title='bbox 4087 1975 4270 2043; x_wconf 91' lang='lat' dir='ltr'>indi-</span> 
     </span>
     <span class='ocr_line' id='line_1_53' title="bbox 2709 2081 4267 2162; baseline 0.003 -16"><span class='ocrx_word' id='word_1_317' title='bbox 2709 2081 2950 2149; x_wconf 88' lang='lat' dir='ltr'>stincte</span> <span class='ocrx_word' id='word_1_318' title='bbox 2975 2082 3218 2150; x_wconf 76' lang='lat' dir='ltr'>invitat</span> <span class='ocrx_word' id='word_1_319' title='bbox 3245 2083 3332 2151; x_wconf 88' lang='lat' dir='ltr'>ad</span> <span class='ocrx_word' id='word_1_320' title='bbox 3354 2082 3627 2151; x_wconf 89' lang='lat' dir='ltr'>laudem</span> <span class='ocrx_word' id='word_1_321' title='bbox 3644 2135 3659 2162; x_wconf 94' lang='lat'>,</span> <span class='ocrx_word' id='word_1_322' title='bbox 3684 2081 3792 2155; x_wconf 78' lang='lat' dir='ltr'>vel</span> <span class='ocrx_word' id='word_1_323' title='bbox 3816 2092 4267 2151; x_wconf 83' lang='lat' dir='ltr'>monstrates·</span> 
     </span>
     <span class='ocr_line' id='line_1_54' title="bbox 2708 2187 4262 2260; baseline 0.003 -5"><span class='ocrx_word' id='word_1_324' title='bbox 2708 2209 2779 2256; x_wconf 86' lang='lat' dir='ltr'>se</span> <span class='ocrx_word' id='word_1_325' title='bbox 2813 2187 3030 2257; x_wconf 85' lang='lat' dir='ltr'>laudis</span> <span class='ocrx_word' id='word_1_326' title='bbox 3096 2192 3456 2259; x_wconf 87' lang='lat' dir='ltr'>materiam</span> <span class='ocrx_word' id='word_1_327' title='bbox 3494 2198 3843 2260; x_wconf 91' lang='lat' dir='ltr'>creaturas</span> <span class='ocrx_word' id='word_1_328' title='bbox 3886 2191 4262 2260; x_wconf 77' lang='lat' dir='ltr'>inferiores,</span> 
     </span>
     <span class='ocr_line' id='line_1_55' title="bbox 2708 2294 4269 2386; baseline 0.003 -24"><span class='ocrx_word' id='word_1_329' title='bbox 2708 2294 2791 2363; x_wconf 79' lang='lat' dir='ltr'>Et</span> <span class='ocrx_word' id='word_1_330' title='bbox 2821 2297 3068 2386; x_wconf 90' lang='lat' dir='ltr'>primo,</span> <span class='ocrx_word' id='word_1_331' title='bbox 3104 2306 3447 2365; x_wconf 88' lang='lat' dir='ltr'>creaturas</span> <span class='ocrx_word' id='word_1_332' title='bbox 3495 2295 3829 2366; x_wconf 84' lang='lat' dir='ltr'>habentes</span> <span class='ocrx_word' id='word_1_333' title='bbox 3873 2308 4269 2366; x_wconf 87' lang='lat' dir='ltr'>monstruo-</span> 
     </span>
     <span class='ocr_line' id='line_1_56' title="bbox 2705 2402 4265 2491; baseline 0.002 -23"><span class='ocrx_word' id='word_1_334' title='bbox 2705 2424 2850 2469; x_wconf 87' lang='lat' dir='ltr'>sam</span> <span class='ocrx_word' id='word_1_335' title='bbox 2906 2406 3446 2491; x_wconf 87' lang='lat' dir='ltr'>generationem.</span> <span class='ocrx_word' id='word_1_336' title='bbox 3523 2403 3872 2481; x_wconf 90' lang='lat' dir='ltr'>Secundo,</span> <span class='ocrx_word' id='word_1_337' title='bbox 3934 2402 4265 2473; x_wconf 89' lang='lat' dir='ltr'>habentes</span> 
     </span>
     <span class='ocr_line' id='line_1_57' title="bbox 2704 2505 4117 2600; baseline 0.002 -28"><span class='ocrx_word' id='word_1_338' title='bbox 2704 2505 3127 2596; x_wconf 81' lang='lat' dir='ltr'>regularem,</span> <span class='ocrx_word' id='word_1_339' title='bbox 3171 2507 3290 2586; x_wconf 91' lang='lat' dir='ltr'>ibi,</span> <span class='ocrx_word' id='word_1_340' title='bbox 3328 2536 3362 2572; x_wconf 77' lang='grc' dir='ltr'><strong>α</strong></span> <span class='ocrx_word' id='word_1_341' title='bbox 3393 2512 3490 2578; x_wconf 84' lang='lat' dir='ltr'>Et</span> <span class='ocrx_word' id='word_1_342' title='bbox 3525 2530 3757 2579; x_wconf 89' lang='lat' dir='ltr'>omnes</span> <span class='ocrx_word' id='word_1_343' title='bbox 3785 2509 4040 2600; x_wconf 77' lang='lat' dir='ltr'>abyssi.</span> <span class='ocrx_word' id='word_1_344' title='bbox 4084 2534 4117 2575; x_wconf 70' lang='grc' dir='ltr'>ι</span> 
     </span>
    </p>

    <p class='ocr_par' dir='ltr' id='par_1_9' title="bbox 2674 2611 4264 3883">
     <span class='ocr_line' id='line_1_58' title="bbox 2793 2611 4263 2706; baseline 0.006 -29"><span class='ocrx_word' id='word_1_345' title='bbox 2793 2611 2972 2679; x_wconf 85' lang='lat' dir='ltr'>Dicit</span> <span class='ocrx_word' id='word_1_346' title='bbox 3003 2635 3166 2703; x_wconf 89' lang='lat' dir='ltr'>ergo</span> <span class='ocrx_word' id='word_1_347' title='bbox 3204 2636 3220 2680; x_wconf 76' lang='grc' dir='ltr'>ε</span> <span class='ocrx_word' id='word_1_348' title='bbox 3250 2613 3364 2681; x_wconf 87' lang='lat' dir='ltr'>Sic</span> <span class='ocrx_word' id='word_1_349' title='bbox 3392 2637 3545 2696; x_wconf 83' lang='lat' dir='ltr'>vos,</span> <span class='ocrx_word' id='word_1_350' title='bbox 3588 2617 3975 2706; x_wconf 87' lang='lat' dir='ltr'>superiores</span> <span class='ocrx_word' id='word_1_351' title='bbox 4004 2626 4263 2686; x_wconf 89' lang='lat' dir='ltr'>creatu-</span> 
     </span>
     <span class='ocr_line' id='line_1_59' title="bbox 2703 2717 4264 2798; baseline 0.006 -14"><span class='ocrx_word' id='word_1_352' title='bbox 2703 2741 2815 2796; x_wconf 69' lang='lat' dir='ltr'>rw,</span> <span class='ocrx_word' id='word_1_353' title='bbox 2852 2717 3146 2796; x_wconf 82' lang='lat' dir='ltr'>laudate,</span> <span class='ocrx_word' id='word_1_354' title='bbox 3181 2730 3249 2789; x_wconf 90' lang='lat' dir='ltr'>et</span> <span class='ocrx_word' id='word_1_355' title='bbox 3279 2722 3484 2788; x_wconf 81' lang='lat' dir='ltr'>etiam</span> <span class='ocrx_word' id='word_1_356' title='bbox 3526 2751 3557 2783; x_wconf 78' lang='grc' dir='ltr'>α</span> <span class='ocrx_word' id='word_1_357' title='bbox 3594 2721 3945 2798; x_wconf 85' lang='lat' dir='ltr'>dracones.</span> <span class='ocrx_word' id='word_1_358' title='bbox 3976 2725 4264 2793; x_wconf 87' lang='lat' dir='ltr'>laudate</span> 
     </span>
     <span class='ocr_line' id='line_1_60' title="bbox 2697 2826 4256 2922; baseline 0.004 -30"><span class='ocrx_word' id='word_1_359' title='bbox 2697 2826 3102 2893; x_wconf 81' lang='lat' dir='ltr'>Dominum.</span> <span class='ocrx_word' id='word_1_360' title='bbox 3143 2852 3175 2890; x_wconf 82' lang='grc' dir='ltr'>ιι</span> <span class='ocrx_word' id='word_1_361' title='bbox 3226 2826 3577 2897; x_wconf 83' lang='lat' dir='ltr'>Dracones</span> <span class='ocrx_word' id='word_1_362' title='bbox 3628 2832 3848 2921; x_wconf 87' lang='lat' dir='ltr'>tangit</span> <span class='ocrx_word' id='word_1_363' title='bbox 3893 2853 4014 2922; x_wconf 91' lang='lat' dir='ltr'>pro</span> <span class='ocrx_word' id='word_1_364' title='bbox 4065 2832 4256 2900; x_wconf 90' lang='lat' dir='ltr'>omni</span> 
     </span>
     <span class='ocr_line' id='line_1_61' title="bbox 2699 2938 4259 3028; baseline 0.008 -28"><span class='ocrx_word' id='word_1_365' title='bbox 2699 2944 3291 3002; x_wconf 86' lang='lat' dir='ltr'>monstruosorum</span> <span class='ocrx_word' id='word_1_366' title='bbox 3347 2958 3627 3026; x_wconf 84' lang='lat' dir='ltr'>genere,</span> <span class='ocrx_word' id='word_1_367' title='bbox 3669 2939 3835 3028; x_wconf 85' lang='lat' dir='ltr'>quia</span> <span class='ocrx_word' id='word_1_368' title='bbox 3866 2938 4041 3008; x_wconf 86' lang='lat' dir='ltr'>sicut</span> <span class='ocrx_word' id='word_1_369' title='bbox 4094 2939 4259 3012; x_wconf 86' lang='lat' dir='ltr'>dicit</span> 
     </span>
     <span class='ocr_line' id='line_1_62' title="bbox 2695 3041 4254 3134; baseline 0.007 -26"><span class='ocrx_word' id='word_1_370' title='bbox 2695 3041 2962 3123; x_wconf 87' lang='lat' dir='ltr'>Glossa,</span> <span class='ocrx_word' id='word_1_371' title='bbox 2999 3067 3032 3107; x_wconf 73' lang='grc' dir='ltr'><strong>α</strong></span> <span class='ocrx_word' id='word_1_372' title='bbox 3076 3045 3533 3134; x_wconf 89' lang='lat' dir='ltr'>ingentissimi</span> <span class='ocrx_word' id='word_1_373' title='bbox 3582 3057 3743 3115; x_wconf 88' lang='lat' dir='ltr'>sunt</span> <span class='ocrx_word' id='word_1_374' title='bbox 3804 3049 3980 3116; x_wconf 89' lang='lat' dir='ltr'>inter</span> <span class='ocrx_word' id='word_1_375' title='bbox 4021 3052 4254 3119; x_wconf 89' lang='lat' dir='ltr'>omnia</span> 
     </span>
     <span class='ocr_line' id='line_1_63' title="bbox 2700 3150 4255 3246; baseline 0.011 -36"><span class='ocrx_word' id='word_1_376' title='bbox 2700 3178 2732 3210; x_wconf 70' lang='grc' dir='ltr'>ι</span> <span class='ocrx_word' id='word_1_377' title='bbox 2772 3150 3118 3222; x_wconf 89' lang='lat' dir='ltr'>animalia.</span> <span class='ocrx_word' id='word_1_378' title='bbox 3168 3180 3200 3213; x_wconf 83' lang='lat'>»</span> <span class='ocrx_word' id='word_1_379' title='bbox 3276 3150 3651 3232; x_wconf 85' lang='lat' dir='ltr'>Dracones,</span> <span class='ocrx_word' id='word_1_380' title='bbox 3724 3155 4035 3246; x_wconf 87' lang='lat' dir='ltr'>inquam,</span> <span class='ocrx_word' id='word_1_381' title='bbox 4092 3183 4125 3223; x_wconf 73' lang='grc' dir='ltr'><strong>α</strong></span> <span class='ocrx_word' id='word_1_382' title='bbox 4170 3158 4255 3228; x_wconf 85' lang='lat' dir='ltr'>de</span> 
     </span>
     <span class='ocr_line' id='line_1_64' title="bbox 2691 3256 4251 3355; baseline 0.008 -34"><span class='ocrx_word' id='word_1_383' title='bbox 2691 3264 2872 3323; x_wconf 87' lang='lat' dir='ltr'>terra</span> <span class='ocrx_word' id='word_1_384' title='bbox 2908 3284 2939 3320; x_wconf 70' lang='grc' dir='ltr'><strong>ο</strong></span> <span class='ocrx_word' id='word_1_385' title='bbox 3007 3259 3137 3326; x_wconf 91' lang='lat' dir='ltr'>orti</span> <span class='ocrx_word' id='word_1_386' title='bbox 3186 3281 3203 3326; x_wconf 74' lang='grc' dir='ltr'>ε</span> <span class='ocrx_word' id='word_1_387' title='bbox 3245 3256 3507 3328; x_wconf 83' lang='lat' dir='ltr'>habent</span> <span class='ocrx_word' id='word_1_388' title='bbox 3562 3262 3747 3329; x_wconf 89' lang='lat' dir='ltr'>enim</span> <span class='ocrx_word' id='word_1_389' title='bbox 3794 3264 4132 3355; x_wconf 84' lang='lat' dir='ltr'>originem</span> <span class='ocrx_word' id='word_1_390' title='bbox 4167 3264 4251 3333; x_wconf 86' lang='lat' dir='ltr'>de</span> 
     </span>
     <span class='ocr_line' id='line_1_65' title="bbox 2687 3365 4248 3462; baseline 0.008 -32"><span class='ocrx_word' id='word_1_391' title='bbox 2687 3371 2890 3441; x_wconf 87' lang='lat' dir='ltr'>terra,</span> <span class='ocrx_word' id='word_1_392' title='bbox 2925 3365 3040 3433; x_wconf 85' lang='lat' dir='ltr'>sed</span> <span class='ocrx_word' id='word_1_393' title='bbox 3073 3375 3432 3435; x_wconf 79' lang='lat' dir='ltr'>versantur</span> <span class='ocrx_word' id='word_1_394' title='bbox 3462 3369 3531 3435; x_wconf 91' lang='lat' dir='ltr'>in</span> <span class='ocrx_word' id='word_1_395' title='bbox 3559 3369 3780 3459; x_wconf 91' lang='lat' dir='ltr'>aquis,</span> <span class='ocrx_word' id='word_1_396' title='bbox 3812 3379 3878 3439; x_wconf 90' lang='lat' dir='ltr'>et</span> <span class='ocrx_word' id='word_1_397' title='bbox 3907 3371 4248 3462; x_wconf 88' lang='lat' dir='ltr'>prodeun-</span> 
     </span>
     <span class='ocr_line' id='line_1_66' title="bbox 2688 3471 4245 3571; baseline 0.008 -34"><span class='ocrx_word' id='word_1_398' title='bbox 2688 3481 2788 3539; x_wconf 89' lang='lat' dir='ltr'>tes</span> <span class='ocrx_word' id='word_1_399' title='bbox 2808 3471 2890 3539; x_wconf 93' lang='lat' dir='ltr'>de</span> <span class='ocrx_word' id='word_1_400' title='bbox 2919 3472 3262 3562; x_wconf 89' lang='lat' dir='ltr'>speluncis</span> <span class='ocrx_word' id='word_1_401' title='bbox 3291 3473 3530 3545; x_wconf 77' lang='lat' dir='ltr'>volant</span> <span class='ocrx_word' id='word_1_402' title='bbox 3558 3500 3685 3567; x_wconf 89' lang='lat' dir='ltr'>per</span> <span class='ocrx_word' id='word_1_403' title='bbox 3704 3500 3890 3552; x_wconf 86' lang='lat' dir='ltr'>aera.</span> <span class='ocrx_word' id='word_1_404' title='bbox 3923 3487 3989 3547; x_wconf 87' lang='lat' dir='ltr'>et</span> <span class='ocrx_word' id='word_1_405' title='bbox 4022 3480 4245 3571; x_wconf 89' lang='lat' dir='ltr'>ipsum</span> 
     </span>
     <span class='ocr_line' id='line_1_67' title="bbox 2687 3578 4239 3678; baseline 0.006 -34"><span class='ocrx_word' id='word_1_406' title='bbox 2687 3580 3015 3647; x_wconf 88' lang='lat' dir='ltr'>inliciunt.</span> <span class='ocrx_word' id='word_1_407' title='bbox 3054 3578 3167 3648; x_wconf 87' lang='lat' dir='ltr'>lsti</span> <span class='ocrx_word' id='word_1_408' title='bbox 3200 3593 3361 3651; x_wconf 90' lang='lat' dir='ltr'>sunt</span> <span class='ocrx_word' id='word_1_409' title='bbox 3407 3594 3718 3652; x_wconf 90' lang='lat' dir='ltr'>creatura</span> <span class='ocrx_word' id='word_1_410' title='bbox 3771 3586 3922 3667; x_wconf 89' lang='lat' dir='ltr'>ista,</span> <span class='ocrx_word' id='word_1_411' title='bbox 3955 3585 4038 3654; x_wconf 91' lang='lat' dir='ltr'>de</span> <span class='ocrx_word' id='word_1_412' title='bbox 4078 3609 4239 3678; x_wconf 82' lang='lat' dir='ltr'>qua,</span> 
     </span>
     <span class='ocr_line' id='line_1_68' title="bbox 2682 3687 4241 3785; baseline 0.007 -33"><span class='ocrx_word' id='word_1_413' title='bbox 2682 3709 2910 3778; x_wconf 88' lang='lat' dir='ltr'>supra,</span> <span class='ocrx_word' id='word_1_414' title='bbox 2954 3687 3025 3757; x_wconf 91' lang='lat' dir='ltr'>in</span> <span class='ocrx_word' id='word_1_415' title='bbox 3056 3687 3240 3760; x_wconf 83' lang='lat' dir='ltr'>Psal.</span> <span class='ocrx_word' id='word_1_416' title='bbox 3274 3713 3412 3769; x_wconf 78' lang='lat' dir='ltr'>cin,</span> <span class='ocrx_word' id='word_1_417' title='bbox 3447 3694 3533 3761; x_wconf 81' lang='lat'>26</span> <span class='ocrx_word' id='word_1_418' title='bbox 3577 3713 3595 3760; x_wconf 74' lang='grc' dir='ltr'><strong><em>ε</em></strong></span> <span class='ocrx_word' id='word_1_419' title='bbox 3626 3695 3856 3763; x_wconf 86' lang='lat' dir='ltr'>Draco</span> <span class='ocrx_word' id='word_1_420' title='bbox 3890 3694 4012 3762; x_wconf 86' lang='lat' dir='ltr'>iste</span> <span class='ocrx_word' id='word_1_421' title='bbox 4038 3717 4241 3785; x_wconf 85' lang='lat' dir='ltr'>quem</span> 
     </span>
     <span class='ocr_line' id='line_1_69' title="bbox 2674 3796 3722 3883; baseline 0.006 -23"><span class='ocrx_word' id='word_1_422' title='bbox 2674 3797 3003 3883; x_wconf 74' lang='lat' dir='ltr'>formasti</span> <span class='ocrx_word' id='word_1_423' title='bbox 3029 3796 3128 3863; x_wconf 86' lang='lat' dir='ltr'>ad</span> <span class='ocrx_word' id='word_1_424' title='bbox 3162 3797 3607 3867; x_wconf 79' lang='lat' dir='ltr'>illudendum</span> <span class='ocrx_word' id='word_1_425' title='bbox 3637 3802 3722 3868; x_wconf 85' lang='lat' dir='ltr'>ei.</span> 
     </span>
    </p>
   </div>
   <div class='ocr_carea' id='block_1_7' title="bbox 2666 4019 4243 4856">
    <p class='ocr_par' dir='ltr' id='par_1_10' title="bbox 2671 4019 4243 4331">
     <span class='ocr_line' id='line_1_70' title="bbox 2765 4019 4241 4115; baseline 0.007 -33"><span class='ocrx_word' id='word_1_426' title='bbox 2765 4046 2799 4082; x_wconf 73' lang='grc' dir='ltr'><strong>α</strong></span> <span class='ocrx_word' id='word_1_427' title='bbox 2834 4020 2929 4086; x_wconf 84' lang='grc' dir='ltr'>ΕΙ</span> <span class='ocrx_word' id='word_1_428' title='bbox 2958 4042 3187 4086; x_wconf 79' lang='lat' dir='ltr'>omues</span> <span class='ocrx_word' id='word_1_429' title='bbox 3217 4019 3473 4111; x_wconf 75' lang='lat' dir='ltr'>abyssi.</span> <span class='ocrx_word' id='word_1_430' title='bbox 3513 4048 3549 4085; x_wconf 76' lang='grc' dir='ltr'>ιι</span> <span class='ocrx_word' id='word_1_431' title='bbox 3600 4021 3721 4092; x_wconf 83' lang='lat' dir='ltr'>[lic</span> <span class='ocrx_word' id='word_1_432' title='bbox 3767 4023 4015 4092; x_wconf 76' lang='lat' dir='ltr'>invitat</span> <span class='ocrx_word' id='word_1_433' title='bbox 4045 4046 4241 4115; x_wconf 89' lang='lat' dir='ltr'>regu-</span> 
     </span>
     <span class='ocr_line' id='line_1_71' title="bbox 2672 4124 4243 4220; baseline 0.006 -28"><span class='ocrx_word' id='word_1_434' title='bbox 2672 4124 2903 4195; x_wconf 89' lang='lat' dir='ltr'>lariter</span> <span class='ocrx_word' id='word_1_435' title='bbox 2919 4136 3270 4216; x_wconf 83' lang='lat' dir='ltr'>generata.</span> <span class='ocrx_word' id='word_1_436' title='bbox 3300 4128 3381 4198; x_wconf 77' lang='lat' dir='ltr'>Et</span> <span class='ocrx_word' id='word_1_437' title='bbox 3399 4132 3649 4220; x_wconf 90' lang='lat' dir='ltr'>primo,</span> <span class='ocrx_word' id='word_1_438' title='bbox 3683 4131 4080 4200; x_wconf 89' lang='lat' dir='ltr'>inanimata.</span> <span class='ocrx_word' id='word_1_439' title='bbox 4111 4130 4243 4201; x_wconf 88' lang='lat' dir='ltr'>Se-</span> 
     </span>
     <span class='ocr_line' id='line_1_72' title="bbox 2671 4233 4236 4331; baseline 0.003 -30"><span class='ocrx_word' id='word_1_440' title='bbox 2671 4233 3262 4312; x_wconf 87' lang='lat' dir='ltr'>cundo,animata.</span> <span class='ocrx_word' id='word_1_441' title='bbox 3288 4236 3408 4317; x_wconf 86' lang='lat' dir='ltr'>ibi,</span> <span class='ocrx_word' id='word_1_442' title='bbox 3447 4263 3482 4302; x_wconf 66' lang='lat' dir='ltr'>a</span> <span class='ocrx_word' id='word_1_443' title='bbox 3518 4239 3747 4329; x_wconf 80' lang='lat' dir='ltr'>Liqua</span> <span class='ocrx_word' id='word_1_444' title='bbox 3772 4243 4173 4331; x_wconf 74' lang='lat' dir='ltr'>fructifera.</span> <span class='ocrx_word' id='word_1_445' title='bbox 4200 4269 4236 4306; x_wconf 79' lang='grc' dir='ltr'>ιι</span> 
     </span>
    </p>

    <p class='ocr_par' dir='ltr' id='par_1_11' title="bbox 2666 4342 4236 4856">
     <span class='ocr_line' id='line_1_73' title="bbox 2758 4342 4236 4439; baseline 0.005 -30"><span class='ocrx_word' id='word_1_446' title='bbox 2758 4342 2836 4410; x_wconf 89' lang='lat' dir='ltr'>ln</span> <span class='ocrx_word' id='word_1_447' title='bbox 2868 4343 3087 4434; x_wconf 88' lang='lat' dir='ltr'>prima</span> <span class='ocrx_word' id='word_1_448' title='bbox 3125 4352 3426 4435; x_wconf 84' lang='lat' dir='ltr'>quatuor</span> <span class='ocrx_word' id='word_1_449' title='bbox 3498 4346 3874 4414; x_wconf 87' lang='lat' dir='ltr'>seeundum</span> <span class='ocrx_word' id='word_1_450' title='bbox 3935 4356 4236 4439; x_wconf 89' lang='lat' dir='ltr'>quatuor</span> 
     </span>
     <span class='ocr_line' id='line_1_74' title="bbox 2667 4450 4221 4548; baseline 0.006 -30"><span class='ocrx_word' id='word_1_451' title='bbox 2667 4450 3002 4520; x_wconf 90' lang='lat' dir='ltr'>elementa</span> <span class='ocrx_word' id='word_1_452' title='bbox 3056 4474 3206 4543; x_wconf 78' lang='lat' dir='ltr'>qua:</span> <span class='ocrx_word' id='word_1_453' title='bbox 3275 4453 3522 4544; x_wconf 87' lang='lat' dir='ltr'>tangit.</span> <span class='ocrx_word' id='word_1_454' title='bbox 3617 4452 3875 4540; x_wconf 80' lang='lat' dir='ltr'>l’rimo,</span> <span class='ocrx_word' id='word_1_455' title='bbox 3942 4478 4221 4548; x_wconf 87' lang='lat' dir='ltr'>aquam.</span> 
     </span>
     <span class='ocr_line' id='line_1_75' title="bbox 2670 4557 4225 4652; baseline 0.006 -28"><span class='ocrx_word' id='word_1_456' title='bbox 2670 4557 3016 4636; x_wconf 86' lang='lat' dir='ltr'>Secundo,</span> <span class='ocrx_word' id='word_1_457' title='bbox 3052 4559 3309 4650; x_wconf 88' lang='lat' dir='ltr'>ignem,</span> <span class='ocrx_word' id='word_1_458' title='bbox 3382 4561 3502 4643; x_wconf 85' lang='lat' dir='ltr'>ibi,</span> <span class='ocrx_word' id='word_1_459' title='bbox 3547 4587 3582 4626; x_wconf 73' lang='grc' dir='ltr'>ι</span> <span class='ocrx_word' id='word_1_460' title='bbox 3617 4561 3833 4652; x_wconf 70' lang='lat' dir='ltr'>anis.</span> <span class='ocrx_word' id='word_1_461' title='bbox 3872 4591 3908 4628; x_wconf 82' lang='grc' dir='ltr'>ιι</span> <span class='ocrx_word' id='word_1_462' title='bbox 3969 4564 4225 4644; x_wconf 86' lang='lat' dir='ltr'>Tertio,</span> 
     </span>
     <span class='ocr_line' id='line_1_76' title="bbox 2666 4667 4226 4752; baseline 0.005 -17"><span class='ocrx_word' id='word_1_463' title='bbox 2666 4689 2921 4746; x_wconf 89' lang='lat' dir='ltr'>aerem,</span> <span class='ocrx_word' id='word_1_464' title='bbox 2957 4667 3075 4745; x_wconf 90' lang='lat' dir='ltr'>ibi,</span> <span class='ocrx_word' id='word_1_465' title='bbox 3112 4692 3145 4732; x_wconf 74' lang='grc' dir='ltr'><strong>α</strong></span> <span class='ocrx_word' id='word_1_466' title='bbox 3176 4669 3487 4746; x_wconf 83' lang='lat' dir='ltr'>Grando,</span> <span class='ocrx_word' id='word_1_467' title='bbox 3518 4670 3666 4739; x_wconf 66' lang='lat' dir='ltr'>nix.</span> <span class='ocrx_word' id='word_1_468' title='bbox 3709 4695 3742 4736; x_wconf 71' lang='grc' dir='ltr'>ι</span> <span class='ocrx_word' id='word_1_469' title='bbox 3775 4669 4061 4752; x_wconf 88' lang='lat' dir='ltr'>Quarto,</span> <span class='ocrx_word' id='word_1_470' title='bbox 4089 4681 4226 4743; x_wconf 91' lang='lat' dir='ltr'>ter·</span> 
     </span>
     <span class='ocr_line' id='line_1_77' title="bbox 2667 4773 4080 4856; baseline 0.006 -15"><span class='ocrx_word' id='word_1_471' title='bbox 2667 4797 2838 4856; x_wconf 88' lang='lat' dir='ltr'>ram,</span> <span class='ocrx_word' id='word_1_472' title='bbox 2877 4773 3000 4853; x_wconf 89' lang='lat' dir='ltr'>ibi,</span> <span class='ocrx_word' id='word_1_473' title='bbox 3036 4803 3070 4839; x_wconf 73' lang='grc' dir='ltr'>ι</span> <span class='ocrx_word' id='word_1_474' title='bbox 3103 4778 3375 4845; x_wconf 80' lang='lat' dir='ltr'>Montes</span> <span class='ocrx_word' id='word_1_475' title='bbox 3409 4787 3474 4845; x_wconf 90' lang='lat' dir='ltr'>et</span> <span class='ocrx_word' id='word_1_476' title='bbox 3503 4801 3735 4847; x_wconf 84' lang='lat' dir='ltr'>omnes</span> <span class='ocrx_word' id='word_1_477' title='bbox 3763 4780 3998 4850; x_wconf 76' lang='lat' dir='ltr'>eolles.</span> <span class='ocrx_word' id='word_1_478' title='bbox 4045 4807 4080 4849; x_wconf 81' lang='grc' dir='ltr'>ιι</span> 
     </span>
    </p>
   </div>
   <div class='ocr_carea' id='block_1_8' title="bbox 2660 4882 4225 5082">
    <p class='ocr_par' dir='ltr' id='par_1_12' title="bbox 2660 4882 4225 5082">
     <span class='ocr_line' id='line_1_78' title="bbox 2752 4882 4225 4975; baseline 0.006 -25"><span class='ocrx_word' id='word_1_479' title='bbox 2752 4882 2930 4952; x_wconf 87' lang='lat' dir='ltr'>Dicit</span> <span class='ocrx_word' id='word_1_480' title='bbox 2967 4906 3131 4975; x_wconf 87' lang='lat' dir='ltr'>ergo</span> <span class='ocrx_word' id='word_1_481' title='bbox 3166 4907 3182 4952; x_wconf 73' lang='grc' dir='ltr'>ε</span> <span class='ocrx_word' id='word_1_482' title='bbox 3232 4884 3350 4952; x_wconf 90' lang='lat' dir='ltr'>Sic</span> <span class='ocrx_word' id='word_1_483' title='bbox 3404 4884 3712 4965; x_wconf 88' lang='lat' dir='ltr'>laudate,</span> <span class='ocrx_word' id='word_1_484' title='bbox 3759 4887 4116 4972; x_wconf 87' lang='lat' dir='ltr'>dracones,</span> <span class='ocrx_word' id='word_1_485' title='bbox 4157 4899 4225 4959; x_wconf 86' lang='lat' dir='ltr'>et</span> 
     </span>
     <span class='ocr_line' id='line_1_79' title="bbox 2660 4990 4224 5082; baseline 0.004 -23"><span class='ocrx_word' id='word_1_486' title='bbox 2660 4992 2866 5059; x_wconf 87' lang='lat' dir='ltr'>etiam</span> <span class='ocrx_word' id='word_1_487' title='bbox 2899 5014 3047 5067; x_wconf 73' lang='lat' dir='ltr'>vos,</span> <span class='ocrx_word' id='word_1_488' title='bbox 3086 5016 3119 5056; x_wconf 74' lang='grc' dir='ltr'><strong>α</strong></span> <span class='ocrx_word' id='word_1_489' title='bbox 3153 5014 3384 5058; x_wconf 83' lang='lat' dir='ltr'>omnes</span> <span class='ocrx_word' id='word_1_490' title='bbox 3422 4990 3682 5082; x_wconf 81' lang='lat' dir='ltr'>abyssi,</span> <span class='ocrx_word' id='word_1_491' title='bbox 3718 5020 3755 5058; x_wconf 75' lang='grc' dir='ltr'>ιι</span> <span class='ocrx_word' id='word_1_492' title='bbox 3796 4996 4030 5064; x_wconf 92' lang='lat' dir='ltr'>omnia</span> <span class='ocrx_word' id='word_1_493' title='bbox 4068 5019 4224 5065; x_wconf 88' lang='lat' dir='ltr'>ma-</span> 
     </span>
    </p>
   </div>
   <div class='ocr_carea' id='block_1_9' title="bbox 980 5095 4217 5840">
    <p class='ocr_par' dir='ltr' id='par_1_13' title="bbox 980 5095 4217 5840">
     <span class='ocr_line' id='line_1_80' title="bbox 989 5095 4213 5190; baseline 0.004 -25"><span class='ocrx_word' id='word_1_494' title='bbox 989 5096 1108 5165; x_wconf 86' lang='lat' dir='ltr'>sed</span> <span class='ocrx_word' id='word_1_495' title='bbox 1129 5095 1501 5165; x_wconf 88' lang='lat' dir='ltr'>secundum</span> <span class='ocrx_word' id='word_1_496' title='bbox 1522 5118 1717 5164; x_wconf 87' lang='lat' dir='ltr'>suam</span> <span class='ocrx_word' id='word_1_497' title='bbox 1745 5096 2539 5188; x_wconf 81' lang='lat' dir='ltr'>figuram.ladCorinth.</span> <span class='ocrx_word' id='word_1_498' title='bbox 2659 5100 2784 5177; x_wconf 55' lang='lat'>¹4⁸·</span> <span class='ocrx_word' id='word_1_499' title='bbox 2858 5097 3171 5166; x_wconf 72' lang='lat' dir='ltr'>omnium</span> <span class='ocrx_word' id='word_1_500' title='bbox 3267 5118 3605 5188; x_wconf 60' lang='lat' dir='ltr'>minarum</span> <span class='ocrx_word' id='word_1_501' title='bbox 3690 5100 4213 5190; x_wconf 64' lang='lat' dir='ltr'>profunditates·</span> 
     </span>
     <span class='ocr_line' id='line_1_81' title="bbox 989 5203 4217 5299; baseline 0.001 -26"><span class='ocrx_word' id='word_1_502' title='bbox 989 5227 1110 5284; x_wconf 75' lang='lat' dir='ltr'>vn,</span> <span class='ocrx_word' id='word_1_503' title='bbox 1154 5206 1232 5274; x_wconf 81' lang='lat'>31</span> <span class='ocrx_word' id='word_1_504' title='bbox 1282 5204 1652 5285; x_wconf 57' lang='lat' dir='ltr'>:Praeterit</span> <span class='ocrx_word' id='word_1_505' title='bbox 1708 5204 1947 5296; x_wconf 76' lang='lat' dir='ltr'>fiqura</span> <span class='ocrx_word' id='word_1_506' title='bbox 2008 5207 2230 5299; x_wconf 72' lang='lat' dir='ltr'>liujus</span> <span class='ocrx_word' id='word_1_507' title='bbox 2268 5212 2538 5282; x_wconf 74' lang='lat' dir='ltr'>mundi.</span> <span class='ocrx_word' id='word_1_508' title='bbox 2658 5203 2923 5273; x_wconf 87' lang='lat' dir='ltr'>Daniel.</span> <span class='ocrx_word' id='word_1_509' title='bbox 2960 5227 3057 5285; x_wconf 89' lang='grc' dir='ltr'>ιιι,</span> <span class='ocrx_word' id='word_1_510' title='bbox 3092 5203 3177 5271; x_wconf 81' lang='grc' dir='ltr'>’Π</span> <span class='ocrx_word' id='word_1_511' title='bbox 3215 5226 3232 5271; x_wconf 87' lang='lat'><strong>:</strong></span> <span class='ocrx_word' id='word_1_512' title='bbox 3283 5204 3697 5286; x_wconf 83' lang='lat' dir='ltr'>Benedicite,</span> <span class='ocrx_word' id='word_1_513' title='bbox 3755 5208 4006 5296; x_wconf 78' lang='lat' dir='ltr'>sontes,</span> <span class='ocrx_word' id='word_1_514' title='bbox 4064 5209 4217 5278; x_wconf 84' lang='lat' dir='ltr'>Do-</span> 
     </span>
     <span class='ocr_line' id='line_1_82' title="bbox 982 5311 4214 5402; baseline 0.004 -20"><span class='ocrx_word' id='word_1_515' title='bbox 982 5311 1239 5382; x_wconf 81' lang='lat' dir='ltr'>Jerem.</span> <span class='ocrx_word' id='word_1_516' title='bbox 1274 5335 1463 5392; x_wconf 78' lang='lat' dir='ltr'>xxxi,</span> <span class='ocrx_word' id='word_1_517' title='bbox 1504 5312 1589 5380; x_wconf 71' lang='lat'>35</span> <span class='ocrx_word' id='word_1_518' title='bbox 1624 5320 1691 5379; x_wconf 83' lang='lat' dir='ltr'>et</span> <span class='ocrx_word' id='word_1_519' title='bbox 1720 5313 1807 5381; x_wconf 80' lang='grc'>36</span> <span class='ocrx_word' id='word_1_520' title='bbox 1841 5335 1860 5381; x_wconf 74' lang='lat' dir='ltr'><em>z</em></span> <span class='ocrx_word' id='word_1_521' title='bbox 1892 5315 2054 5384; x_wconf 69' lang='lat' dir='ltr'>Ilaec</span> <span class='ocrx_word' id='word_1_522' title='bbox 2090 5316 2260 5385; x_wconf 86' lang='lat' dir='ltr'>dicit</span> <span class='ocrx_word' id='word_1_523' title='bbox 2292 5320 2543 5389; x_wconf 86' lang='lat' dir='ltr'>Domi·</span> <span class='ocrx_word' id='word_1_524' title='bbox 2655 5313 2841 5380; x_wconf 69' lang='lat' dir='ltr'>mino</span> <span class='ocrx_word' id='word_1_525' title='bbox 2873 5335 2897 5381; x_wconf 86' lang='lat'>··</span> <span class='ocrx_word' id='word_1_526' title='bbox 2929 5311 3319 5390; x_wconf 65' lang='lat' dir='ltr'>benedicile·</span> <span class='ocrx_word' id='word_1_527' title='bbox 3353 5313 3584 5381; x_wconf 61' lang='lat' dir='ltr'>marla</span> <span class='ocrx_word' id='word_1_528' title='bbox 3613 5322 3677 5381; x_wconf 73' lang='lat' dir='ltr'>el</span> <span class='ocrx_word' id='word_1_529' title='bbox 3701 5312 4034 5402; x_wconf 63' lang='lat' dir='ltr'>flumina·</span> <span class='ocrx_word' id='word_1_530' title='bbox 4074 5317 4214 5386; x_wconf 76' lang='lat' dir='ltr'>Do·</span> 
     </span>
     <span class='ocr_line' id='line_1_83' title="bbox 982 5417 4210 5513; baseline 0.003 -27"><span class='ocrx_word' id='word_1_531' title='bbox 982 5441 1116 5489; x_wconf 84' lang='lat' dir='ltr'>nus</span> <span class='ocrx_word' id='word_1_532' title='bbox 1151 5419 1276 5511; x_wconf 85' lang='lat' dir='ltr'>qui</span> <span class='ocrx_word' id='word_1_533' title='bbox 1301 5419 1425 5488; x_wconf 86' lang='lat' dir='ltr'>dat</span> <span class='ocrx_word' id='word_1_534' title='bbox 1448 5417 1664 5485; x_wconf 81' lang='lat' dir='ltr'>solem</span> <span class='ocrx_word' id='word_1_535' title='bbox 1715 5419 1788 5487; x_wconf 89' lang='lat' dir='ltr'>in</span> <span class='ocrx_word' id='word_1_536' title='bbox 1829 5419 2094 5491; x_wconf 80' lang='lat' dir='ltr'>lumine</span> <span class='ocrx_word' id='word_1_537' title='bbox 2129 5425 2292 5507; x_wconf 84' lang='lat' dir='ltr'>diei,</span> <span class='ocrx_word' id='word_1_538' title='bbox 2347 5427 2540 5494; x_wconf 82' lang='lat' dir='ltr'>ordi-</span> <span class='ocrx_word' id='word_1_539' title='bbox 2654 5424 2868 5500; x_wconf 84' lang='lat' dir='ltr'>mino,</span> <span class='ocrx_word' id='word_1_540' title='bbox 2912 5422 3027 5513; x_wconf 86' lang='lat' dir='ltr'>qui</span> <span class='ocrx_word' id='word_1_541' title='bbox 3057 5443 3183 5489; x_wconf 85' lang='lat' dir='ltr'>vos</span> <span class='ocrx_word' id='word_1_542' title='bbox 3235 5422 3516 5490; x_wconf 75' lang='lat' dir='ltr'>creavit.</span> <span class='ocrx_word' id='word_1_543' title='bbox 3563 5419 3622 5488; x_wconf 89' lang='lat'>11</span> <span class='ocrx_word' id='word_1_544' title='bbox 3659 5421 3886 5491; x_wconf 89' lang='lat' dir='ltr'>Paral.</span> <span class='ocrx_word' id='word_1_545' title='bbox 3938 5424 4006 5494; x_wconf 91' lang='lat' dir='ltr'>in</span> <span class='ocrx_word' id='word_1_546' title='bbox 4045 5449 4210 5495; x_wconf 92' lang='lat' dir='ltr'>ora-</span> 
     </span>
     <span class='ocr_line' id='line_1_84' title="bbox 981 5523 4210 5625; baseline 0.002 -31"><span class='ocrx_word' id='word_1_547' title='bbox 981 5547 1135 5595; x_wconf 87' lang='lat' dir='ltr'>nem</span> <span class='ocrx_word' id='word_1_548' title='bbox 1216 5525 1398 5594; x_wconf 69' lang='lat' dir='ltr'>tunae</span> <span class='ocrx_word' id='word_1_549' title='bbox 1440 5535 1505 5593; x_wconf 83' lang='lat' dir='ltr'>et</span> <span class='ocrx_word' id='word_1_550' title='bbox 1557 5523 1925 5594; x_wconf 84' lang='lat' dir='ltr'>stellarum</span> <span class='ocrx_word' id='word_1_551' title='bbox 1977 5530 2048 5597; x_wconf 87' lang='lat' dir='ltr'>in</span> <span class='ocrx_word' id='word_1_552' title='bbox 2101 5529 2362 5600; x_wconf 86' lang='lat' dir='ltr'>lumine</span> <span class='ocrx_word' id='word_1_553' title='bbox 2407 5557 2537 5602; x_wconf 86' lang='lat' dir='ltr'>no-</span> <span class='ocrx_word' id='word_1_554' title='bbox 2649 5531 2838 5598; x_wconf 89' lang='lat' dir='ltr'>tione</span> <span class='ocrx_word' id='word_1_555' title='bbox 2881 5529 3263 5598; x_wconf 77' lang='lat' dir='ltr'>Manassae:</span> <span class='ocrx_word' id='word_1_556' title='bbox 3327 5530 3707 5600; x_wconf 82' lang='lat' dir='ltr'>Domine...</span> <span class='ocrx_word' id='word_1_557' title='bbox 3776 5531 3904 5622; x_wconf 84' lang='lat' dir='ltr'>qui</span> <span class='ocrx_word' id='word_1_558' title='bbox 3968 5532 4210 5625; x_wconf 76' lang='lat' dir='ltr'>liqasti</span> 
     </span>
     <span class='ocr_line' id='line_1_85' title="bbox 980 5634 4207 5734; baseline 0.002 -29"><span class='ocrx_word' id='word_1_559' title='bbox 980 5635 1235 5706; x_wconf 87' lang='lat' dir='ltr'>etis...:</span> <span class='ocrx_word' id='word_1_560' title='bbox 1301 5636 1387 5727; x_wconf 86' lang='lat' dir='ltr'>Si</span> <span class='ocrx_word' id='word_1_561' title='bbox 1421 5634 1787 5727; x_wconf 78' lang='lat' dir='ltr'>defecerint</span> <span class='ocrx_word' id='word_1_562' title='bbox 1846 5634 2027 5727; x_wconf 73' lang='lat' dir='ltr'>{eyes</span> <span class='ocrx_word' id='word_1_563' title='bbox 2086 5640 2230 5710; x_wconf 74' lang='lat' dir='ltr'>istoe</span> <span class='ocrx_word' id='word_1_564' title='bbox 2300 5665 2531 5713; x_wconf 86' lang='lat' dir='ltr'>eoram</span> <span class='ocrx_word' id='word_1_565' title='bbox 2649 5664 2841 5709; x_wconf 81' lang='lat' dir='ltr'>mare</span> <span class='ocrx_word' id='word_1_566' title='bbox 2867 5641 3065 5710; x_wconf 81' lang='lat' dir='ltr'>verbo</span> <span class='ocrx_word' id='word_1_567' title='bbox 3096 5641 3423 5734; x_wconf 66' lang='lat' dir='ltr'>precepti</span> <span class='ocrx_word' id='word_1_568' title='bbox 3458 5641 3611 5711; x_wconf 84' lang='lat' dir='ltr'>tui:</span> <span class='ocrx_word' id='word_1_569' title='bbox 3649 5642 3775 5734; x_wconf 84' lang='lat' dir='ltr'>qui</span> <span class='ocrx_word' id='word_1_570' title='bbox 3809 5644 4207 5715; x_wconf 80' lang='lat' dir='ltr'>conclusisti</span> 
     </span>
     <span class='ocr_line' id='line_1_86' title="bbox 980 5739 4202 5840; baseline 0.003 -29"><span class='ocrx_word' id='word_1_571' title='bbox 980 5764 1113 5823; x_wconf 86' lang='lat' dir='ltr'>me,</span> <span class='ocrx_word' id='word_1_572' title='bbox 1154 5739 1323 5809; x_wconf 80' lang='lat' dir='ltr'>dicit</span> <span class='ocrx_word' id='word_1_573' title='bbox 1358 5741 1725 5819; x_wconf 80' lang='lat' dir='ltr'>Dominus,</span> <span class='ocrx_word' id='word_1_574' title='bbox 1759 5750 1886 5812; x_wconf 85' lang='lat' dir='ltr'>etc.</span> <span class='ocrx_word' id='word_1_575' title='bbox 2645 5747 2996 5840; x_wconf 75' lang='lat' dir='ltr'>abyssum,</span> <span class='ocrx_word' id='word_1_576' title='bbox 3029 5759 3094 5819; x_wconf 89' lang='lat' dir='ltr'>et</span> <span class='ocrx_word' id='word_1_577' title='bbox 3117 5750 3417 5840; x_wconf 74' lang='lat' dir='ltr'>siqnasti</span> <span class='ocrx_word' id='word_1_578' title='bbox 3442 5772 3596 5819; x_wconf 86' lang='lat' dir='ltr'>eam</span> <span class='ocrx_word' id='word_1_579' title='bbox 3626 5750 3929 5822; x_wconf 80' lang='lat' dir='ltr'>terribili</span> <span class='ocrx_word' id='word_1_580' title='bbox 3953 5762 4021 5823; x_wconf 86' lang='lat' dir='ltr'>et</span> <span class='ocrx_word' id='word_1_581' title='bbox 4048 5753 4202 5822; x_wconf 80' lang='lat' dir='ltr'>lau-</span> 
     </span>
    </p>
   </div>
   <div class='ocr_carea' id='block_1_10' title="bbox 991 4880 2549 5078">
    <p class='ocr_par' dir='ltr' id='par_1_14' title="bbox 991 4880 2549 5078">
     <span class='ocr_line' id='line_1_87' title="bbox 994 4880 2549 4955; baseline 0.004 -6"><span class='ocrx_word' id='word_1_582' title='bbox 994 4881 1144 4949; x_wconf 79' lang='lat' dir='ltr'>tum</span> <span class='ocrx_word' id='word_1_583' title='bbox 1220 4892 1283 4950; x_wconf 87' lang='lat' dir='ltr'>et</span> <span class='ocrx_word' id='word_1_584' title='bbox 1362 4890 1547 4950; x_wconf 84' lang='lat' dir='ltr'>terra</span> <span class='ocrx_word' id='word_1_585' title='bbox 1636 4880 2058 4951; x_wconf 83' lang='lat' dir='ltr'>transibunt.</span> <span class='ocrx_word' id='word_1_586' title='bbox 2134 4884 2549 4955; x_wconf 84' lang='lat' dir='ltr'>Transibunt</span> 
     </span>
     <span class='ocr_line' id='line_1_88' title="bbox 991 4986 2541 5078; baseline 0.004 -21"><span class='ocrx_word' id='word_1_587' title='bbox 991 4990 1176 5057; x_wconf 89' lang='lat' dir='ltr'>enim</span> <span class='ocrx_word' id='word_1_588' title='bbox 1208 5011 1346 5058; x_wconf 91' lang='lat' dir='ltr'>non</span> <span class='ocrx_word' id='word_1_589' title='bbox 1384 4986 1762 5057; x_wconf 86' lang='lat' dir='ltr'>secundum</span> <span class='ocrx_word' id='word_1_590' title='bbox 1803 5011 1998 5058; x_wconf 86' lang='lat' dir='ltr'>suam</span> <span class='ocrx_word' id='word_1_591' title='bbox 2055 4990 2541 5078; x_wconf 84' lang='lat' dir='ltr'>substantiam,</span> 
     </span>
    </p>
   </div>
  </div>
 </body>
</html>
