5008 6329
2469 124 2886 196 PSALMUS
2940 126 3090 196 CXI
3102 181 3115 194 .

4267 142 4390 210 179

2411 651 2867 728 PSALMUS
2936 654 3100 728 CXI
3115 709 3129 724 .

2105 988 2308 1059 lusti
2342 989 2733 1073 beatitudo,
2771 990 2987 1086 impio
3017 993 3433 1069 tabescente.

1316 1334 1660 1422 Alleluia,
1707 1336 2137 1407 reversionis
2174 1335 2441 1429 Aggaei
2485 1347 2556 1407 et

1732 1443 2139 1513 Zachariae.

1219 1575 1277 1622 ι.
1328 1552 1591 1621 Beatus
1637 1550 1747 1621 vir
1811 1550 1937 1642 qui
1999 1550 2207 1621 timet
2273 1551 2698 1631 Dominum,

1432 1659 1507 1729 in
1537 1657 1898 1729 mandatis
1927 1657 2082 1747 ejus
2110 1658 2301 1729 volet
2338 1658 2584 1730 nimis.

1206 1790 1275 1839 2.
1334 1769 1604 1839 Potens
1655 1766 1726 1836 in
1778 1784 1967 1836 terra
2010 1765 2157 1836 erit·
2193 1787 2441 1837 semen
2482 1767 2637 1857 ejus
2680 1790 2697 1836 :

1426 1874 1791 1969 generatio
1820 1891 2180 1945 rectorum
2212 1873 2697 1947 benedicetur.

1205 1986 1270 2056 3.
1326 1981 1575 2056 Gloria
1604 2000 1674 2052 et
1711 1980 1984 2051 divitiae
2023 1979 2093 2050 in
2146 1981 2367 2052 domo
2405 1982 2590 2072 ejus,
2634 2001 2702 2054 et

1425 2091 1701 2184 justitia
1749 2091 1906 2182 ejus
1948 2108 2191 2161 manet
2229 2089 2305 2160 in
2356 2092 2701 2162 saeculum

1426 2200 1697 2273 saeculi.

1195 2331 1269 2399 4.
1325 2309 1683 2380 Exortum
1747 2325 1855 2378 est
1920 2306 1993 2376 in
2068 2303 2385 2377 tenebris
2453 2306 2698 2376 lumen

1424 2417 1661 2502 rectis,
1704 2414 2141 2498 misericors,
2182 2430 2252 2485 et
2292 2410 2694 2494 miserator,

1419 2543 1489 2597 et
1546 2542 1778 2595 ustus.

1198 2639 1264 2707 5.
1314 2549 1696 2704 Jucm'idus
1746 2633 1965 2702 homo
2012 2631 2138 2722 qui
2186 2630 2572 2701 miseretur
2626 2646 2697 2699 et

1417 2738 1857 2816 commodat,
1925 2737 2263 2832 disponet
2322 2757 2693 2808 sermones

1418 2869 1590 2919 suos
1622 2846 1694 2917 in
1745 2845 2014 2937 judicio
2050 2870 2067 2916 :

1517 3419 1614 3491 IN
1662 3415 2098 3487 PSALMUM
2146 3413 2299 3486 cxl

1654 3653 2177 3704 OOQ’TARIUS.

1274 3985 1311 4027 e
1341 3957 1684 4038 Alleluia,
1729 3954 2123 4025 reversionis
2179 3953 2422 4044 Aqqaei
2475 3949 2539 4020 ἐι

1663 4061 2085 4134 Zachariae¹.
2124 4088 2155 4126 ιο

768 4393 1103 4494 gum:
1225 4417 1260 4457 ι
1339 4391 1596 4460 Beatus
1658 4386 1765 4456 vir
1830 4384 1954 4477 qui
1998 4384 2213 4452 timet.
2278 4405 2311 4446 s
2371 4378 2501 4448 nie
2573 4386 2675 4448 est

800 4501 1076 4601 &m
1135 4502 1451 4573 Psalmus
1512 4499 1924 4570 centesimus
1968 4493 2370 4565 undecimus
2416 4492 2487 4560 iu
2528 4497 2673 4561 toto

810 4608 1070 4668 '‘⁴³⁶⁸'’-
1131 4610 1336 4694 libro,
1422 4610 1493 4677 iu
1573 4608 1770 4677 tertia
1856 4625 2021 4675 vero
2105 4610 2299 4695 parte
2391 4599 2677 4669 undeci-

1203 4865 1222 4901 ¹
1253 4860 1334 4918 Ce
1358 4871 1607 4932 psaume
1651 4857 1744 4912 est
1779 4851 1836 4910 le
1879 4848 2164 4926 parallele
2195 4847 2274 4906 du
2331 4845 2674 4924 precedent.

1131 4954 1207 5012 Sa
1242 4951 1438 5010 forme
1461 4954 1556 5007 est
1583 4946 1644 5006 la
1688 4944 1908 5014 meme,
1955 4939 2105 5000 mais
2132 4939 2169 4999 a
2211 4939 2272 4998 18
2325 4939 2581 5014 louange
2602 4937 2676 4997 de

1129 5042 1276 5100 Dieu
1306 5036 1561 5098 succede
1585 5033 1736 5093 celle
1761 5031 1835 5089 de
1873 5030 2154 5089 l'homme
2182 5027 2258 5085 de
2286 5027 2451 5085 bien.
2491 5028 2568 5084 Le
2595 5027 2671 5083 ti·

1126 5135 1217 5187 tre
1261 5126 1339 5185 de
1387 5125 1447 5184 la
1494 5124 1736 5195 vulgate
1775 5119 1927 5178 u'est
1967 5119 2029 5175 ui
2076 5117 2228 5174 dans
2282 5116 2572 5186 l'hebreu,
2611 5115 2674 5173 ni

1122 5219 1277 5278 daus
1305 5217 1396 5276 les
1424 5218 1723 5290 Septante.
1770 5208 2069 5282 Quelques
2116 5207 2480 5266 manuscrits
2504 5222 2674 5281 grecs

1125 5309 1464 5371 seulement
1516 5312 1625 5364 out
1677 5304 1714 5364 a
1763 5303 1823 5362 18
1882 5299 2035 5360 suite
2123 5298 2493 5357 d’Aileluia:
2569 5302 2673 5369 τῆς

1122 5397 1433 5475 ‘niveque
1465 5400 1563 5466 (ou
1592 5391 1947 5468 ίπιπροφῆς)
1970 5384 2225 5465 Ἀγγαίοὸ
2249 5383 2344 5442 καὶ
2379 5383 2669 5461 Ζωρίου.

1046 5550 1049 5553 ,
1123 5514 1154 5543 α
1184 5491 1350 5549 cette
1379 5485 1755 5560 inscription,
1802 5482 1896 5541 dit
1931 5481 2175 5556 Schegg,
2223 5493 2474 5553 marque
2518 5477 2673 5537 vrai-

2857 1341 2926 1410 6.
2981 1339 3174 1430 Quia
3199 1339 3270 1409 in
3299 1359 3655 1415 aeternum
3678 1369 3824 1417 non
3847 1350 4376 1422 comovebitur.

2861 1473 2925 1539 7.
2982 1449 3065 1517 In
3098 1450 3452 1520 memoria
3478 1469 3748 1525 aeterna
3778 1456 3914 1526 erit
3960 1457 4241 1548 justus:
4287 1459 4379 1530 ab

3075 1556 3450 1628 auditione
3481 1560 3674 1630 mala
3713 1584 3862 1632 non
3902 1561 4210 1637 timebit.

2994 1664 3339 1735 Paratum
3378 1688 3505 1737 cor
3549 1668 3708 1758 ejus
3754 1692 4044 1762 sperare
4094 1671 4168 1743 in
4224 1675 4379 1745 Do-

3085 1792 3316 1840 mino.

2857 1877 2925 1946 8.
2978 1874 3518 1949 Confirmatum
3562 1897 3673 1950 est
3723 1902 3849 1951 cor
3913 1880 4072 1972 ejus
4142 1904 4159 1952 ε
4221 1906 4368 1956 non

3071 1984 3661 2057 commovebitur
3718 1986 3951 2058 donec
4012 1987 4368 2082 despiciat

3075 2112 3413 2163 inimicos
3446 2115 3648 2163 suos.

2852 2222 2920 2290 9.
2979 2196 3360 2290 Dispersit,
3421 2199 3625 2270 dedit
3685 2201 4154 2295 pauperibus.
4234 2203 4371 2274 Ju-

3075 2306 3273 2378 stitia
3293 2308 3451 2398 ejus
3483 2328 3730 2381 manet
3759 2309 3834 2380 in
3858 2312 4209 2383 saeculum
4243 2334 4374 2382 sae-

3072 2414 3242 2484 culi.
3298 2414 3552 2487 Cornu
3601 2416 3758 2507 ejus
3807 2417 4243 2492 exaltabitur
4290 2419 4364 2490 in

3072 2517 3332 2610 gloria.

2817 2650 2921 2698 to.
2978 2626 3323 2697 Peccator
3359 2626 3664 2713 videbit,
3699 2646 3770 2699 et
3792 2628 4165 2716 irascetur,
4195 2630 4364 2703 den·

3069 2735 3269 2806 tibus
3317 2736 3474 2806 suis
3538 2736 3797 2808 fremet
3854 2755 3925 2808 et
3974 2738 4294 2811 tabescet
4339 2758 4358 2810 ε

3065 2841 3517 2916 desiderium
3563 2863 4028 2940 peccatorum
4059 2846 4363 2941 peribit.

2793 3325 2989 3372 mus:
3024 3304 3096 3371 in
3127 3325 3265 3396 quo
3324 3313 3698 3398 postquam
3758 3306 3900 3401 egit
3964 3306 4047 3378 de
4105 3306 4361 3378 Christi

2790 3412 3232 3492 Ascensioue,
3267 3419 3337 3482 et
3372 3436 3614 3484 rursus
3642 3414 3729 3485 de
3758 3415 4070 3507 ejusdem
4113 3416 4360 3488 uobis-

2788 3542 2943 3589 cum
2976 3522 3335 3591 mansione
3365 3522 3436 3592 iu
3475 3533 3935 3605 sacramento,
3952 3526 4096 3618 agit
4133 3525 4217 3597 de
4245 3550 4362 3598 re-

2786 3630 3104 3699 versione
3126 3630 3343 3722 ipsius
3370 3629 3459 3700 ad
3475 3629 3843 3723 judicium,
3878 3641 3945 3704 et
3958 3634 4148 3725 justa
4171 3637 4365 3705 retri-

2785 3739 3067 3809 butione
3112 3747 3258 3809 tam
3286 3740 3419 3832 piis
3448 3763 3661 3833 quam
3682 3742 3941 3835 impiis,
3974 3744 4358 3814 secuudum

2786 3847 3025 3916 merita
3090 3845 3398 3928 illorum,
3460 3868 3617 3940 quae
3687 3849 3991 3919 reversio
4069 3850 4362 3944 figurata

2783 3954 2908 4024 luit
2972 3954 3043 4024 in
3120 3954 3517 4024 reversione
3591 3955 3833 4049 Aggaei
3873 3963 3943 4025 et
4015 3955 4358 4028 Zacharias

2783 4061 2865 4131 de
2921 4059 3304 4154 Babylone,
3350 4069 3420 4132 et
3475 4061 3717 4155 templi
3782 4062 4350 4136 reedificatione:

2782 4169 2940 4262 quia
3003 4170 3185 4239 sicut
3238 4169 3309 4237 in
3389 4167 3509 4238 illa
3576 4170 3970 4241 reversione
4012 4169 4351 4262 templum

2781 4288 2882 4346 est
2918 4275 3354 4357 aedificatum,
3405 4277 3506 4348 sic
3541 4275 3819 4349 Christo
3863 4286 4242 4350 revertente
4262 4279 4350 4350 ad

2781 4407 2907 4453 nos
2928 4385 2997 4453 in
3027 4382 3138 4454 die
3157 4383 3428 4475 judicii,
3460 4385 3720 4478 templa
3755 4408 4126 4478 corporum
4183 4409 4349 4457 rem·

2782 4490 3265 4563 dificabuutur.
3300 4489 3418 4562 Sic
3441 4493 3630 4561 euim
3660 4492 3780 4561 illa
3807 4502 4009 4564 vocat
4052 4493 4341 4574 Paulus,

2782 4599 2812 4669 1
2849 4598 2935 4669 ad
2971 4596 3282 4669 Corinth·
3321 4621 3422 4683 ιιι,
3460 4600 3588 4671 ¹7:
3625 4600 3984 4694 Templum
4021 4601 4160 4671 Dei
4186 4624 4347 4672 san·

2784 4873 2815 4902 α
2846 4847 3349 4908 semblablemeut
3380 4848 3585 4909 moins
3631 4848 3891 4907 l'auteur
3915 4861 4033 4923 que
4062 4846 4122 4908 lo
4152 4852 4350 4924 temps

2785 4962 2814 4992 α
2847 4940 2919 4998 de
2948 4939 3008 4998 18
3036 4939 3463 5013 composition.
3495 4961 3528 4992 ιι

2855 5028 3082 5104 L'eloge
3121 5028 3201 5087 du
3231 5028 3413 5104 pieux
3442 5029 3712 5088 israelite
3746 5028 4028 5088 convient
4051 5027 4176 5088 tres
4204 5028 4347 5087 bien

2781 5136 2855 5179 au
2885 5118 3180 5188 ehretieu,
3210 5118 3248 5177 8
3274 5118 3588 5178 condition
3611 5118 3794 5193 qu’ou
3824 5132 4054 5192 prenue
4082 5116 4238 5177 dans
4261 5134 4346 5175 un

2782 5226 2923 5269 sens
2950 5207 3228 5283 spirituel
3257 5209 3347 5268 les
3376 5208 3797 5268 benedictions
3827 5207 4217 5283 temporelles
4243 5223 4347 5266 ac-

2780 5297 3026 5358 cordees
3052 5313 3133 5356 su
3152 5297 3320 5373 juste
3349 5296 3427 5357 de
3452 5298 3796 5357 l'ancienue
3823 5295 3930 5356 loi.

3793 5475 3864 5533 R.
3899 5474 4162 5533 Lustrat.
