5008 6329
715 649 781 715 in
816 672 951 739 quo
1020 647 1423 715 determinat
1477 650 1634 740 quid
1715 649 2032 722 oraverit,
2105 641 2264 732 quia

711 759 1000 847 gratiam
1040 755 1124 823 ad
1163 780 1304 824 sex.
1350 757 1609 842 Primo,
1652 760 1735 827 ad
1779 751 2261 824 remittendum

713 863 1005 953 culpam.
1118 862 1457 950 Secunde,
1539 866 1625 933 ad
1679 859 2114 952 dirigendum
2192 857 2260 923 in

713 972 1177 1061 operationem
1209 971 1487 1058 bonam,
1518 971 1636 1052 ibi,
1671 978 1736 1046 5.
1779 968 1902 1035 133
1939 990 1953 1033 :
2005 992 2035 1029 α
2070 966 2265 1035 Gres-

709 1100 825 1145 sus
854 1101 1056 1146 meos.
1115 1106 1145 1142 1»
1214 1079 1464 1157 Tertio,
1520 1077 1607 1144 ad
1658 1073 2158 1166 protegendum
2190 1072 2259 1137 in

711 1183 1202 1253 tentationibus
1249 1183 1428 1251 bona
1484 1182 1869 1259 facientem,
1930 1179 2051 1257 ibi,
2100 1204 2129 1241 α
2166 1178 2262 1243 Ec

711 1315 843 1358 non
883 1292 1296 1358 dominetur.
1335 1318 1367 1354 n
1395 1289 1674 1369 Quarto,
1712 1290 1798 1357 ad
1829 1285 2259 1357 liberandum

710 1399 777 1464 in
802 1397 1351 1466 tribulationibus
1374 1399 1776 1466 tentationes
1797 1401 2258 1486 superantem,

712 1504 828 1583 ibi,
862 1514 925 1582 ὴ.
975 1507 1101 1574 134
1144 1529 1160 1573 :
1213 1531 1246 1572 s
1305 1507 1586 1574 Redime
1615 1529 1741 1572 me.
1781 1533 1813 1566 »ι
1861 1503 2144 1584 Quinte,
2178 1498 2265 1566 ad

710 1612 1143 1682 revelandam
1190 1616 1545 1681 veritatem
1577 1613 1647 1679 in
1695 1611 2064 1701 Scripturis
2140 1629 2263 1674 oe·-

712 1718 1060 1802 eultatam,
1124 1720 1242 1799 ibi,
1267 1727 1328 1797 ὴ.
1369 1722 1492 1789 135
1528 1742 1543 1786 :
1582 1744 1616 1785 α
1658 1720 1935 1787 Faciem
1968 1725 2185 1782 tuam.
2226 1743 2257 1776 n

716 1827 924 1896 Sexto
950 1836 1016 1897 et
1035 1828 1303 1913 ultime,
1334 1829 1416 1897 ad
1457 1828 1975 1919 intelligendum
2006 1826 2262 1893 verita-

711 1944 848 2004 tem
883 1936 1273 2014 revelatam,
1308 1936 1425 2019 ibi,
1474 1965 1505 1999 «
1545 1939 1633 2005 Et
1662 1936 1824 2003 doce
1877 1957 2007 2003 me.
2054 1960 2089 1996 ι»

804 2043 880 2112 ln
937 2044 1160 2136 prima
1192 2045 1353 2112 due.
1399 2044 1855 2133 Prim0,petit
1886 2041 2266 2109 misericor·

714 2151 840 2219 dite
896 2152 1185 2243 gratiam
1252 2160 1523 2242 peccata
1590 2146 2264 2217 dimittentem.›Se-

712 2260 962 2338 eunde,
1052 2259 1348 2328 ostendit
1399 2258 1780 2326 dimittendi
1840 2278 2259 2333 mensuram,

715 2366 829 2444 ibi,
868 2393 902 2432 α
934 2366 1324 2437 Sectmdum
1351 2367 1734 2457 judicium.
1780 2392 1812 2428 u

803 2477 979 2545 Dicit
1018 2500 1181 2568 ergo
1237 2499 1252 2543 ε
1326 2475 1440 2545 Sic
1486 2477 1636 2545 dico
1666 2474 1850 2567 quod
1890 2475 2151 2566 rogavi,
2201 2481 2266 2541 et

718 2586 782 2652 in
817 2584 1125 2675 rogando
1170 2585 1480 2675 spiritum
1546 2584 1818 2662 attraxi,
1860 2591 1926 2651 et
1982 2582 2065 2648 ad
2134 2579 2264 2650 hoc

718 2703 942 2760 motus
973 2692 1066 2759 l'ui
1099 2701 1377 2783 propter
1426 2691 1908 2760 mandatorum
1977 2690 2097 2756 Dei
2167 2690 2264 2756 di·

716 2798 1074 2867 leetionem
1120 2822 1134 2866 :
1200 2809 1266 2866 et
1312 2797 1442 2867 hoc
1497 2808 1600 2867 est
1683 2798 1867 2889 quod
1933 2797 2150 2877 oravi,
2205 2797 2260 2865 O

716 2907 1033 2983 Domine,
1087 2936 1116 2968 α
1160 2906 1432 2998 adspice
1496 2908 1566 2973 in
1632 2927 1761 2987 me,
1799 2931 1833 2970 n
1878 2903 1993 2972 illo
2040 2926 2261 2997 respe-

714 3022 824 3082 ctu
856 3036 992 3104 quo
1059 3013 1337 3104 respicis
1390 3011 1711 3093 humiles,
1780 3021 1847 3080 et
1901 3011 2254 3080 contritos.

718 3119 845 3190 lsa.
893 3145 1074 3201 axvi,
1139 3123 1232 3191 2:
1276 3122 1389 3191 Ad
1446 3145 1647 3216 quem
1686 3123 2072 3214 respiciam,
2124 3120 2262 3188 nisi

714 3230 811 3297 ad
861 3229 1394 3321 pauperculum,
1435 3241 1499 3298 el
1562 3232 1933 3298 contritum
1976 3230 2252 3320 spiritu,

714 3345 776 3401 et
830 3346 1222 3404 trementem
1256 3360 1593 3405 sermones
1651 3360 1832 3404 meos
1866 3336 1907 3404 ?
1956 3336 2063 3414 Et,
2138 3335 2264 3404 Sa-

714 3446 925 3535 pient.
971 3467 1064 3522 iv,
1130 3446 1209 3511 1:⁸3
1255 3468 1269 3512 :
1331 3447 1426 3512 Et
1474 3455 1810 3537 respectus
1895 3445 1964 3511 in
2018 3442 2262 3512 electos

714 3548 934 3619 illius.
992 3549 1245 3617 Jerem.
1297 3572 1485 3629 xxiv,
1528 3552 1568 3616 6
1613 3573 1628 3619 ε
1687 3552 1954 3620 Ponam
2027 3549 2262 3616 oculos

715 3681 894 3725 meos
956 3680 1164 3749 super
1190 3681 1299 3725 eos
1328 3658 1425 3724 ad
1447 3658 1907 3750 placandum,
1949 3665 2014 3725 ct
2055 3655 2259 3723 redu·

713 3787 860 3832 cam
901 3788 1011 3831 eos
1052 3765 1121 3831 in
1153 3774 1402 3832 lerram
1434 3764 1634 3833 lianc.
1669 3764 1971 3831 Gratiam
2030 3786 2262 3853 pecca-

716 3879 778 3938 ta
806 3873 1263 3938 remittentem
1296 3869 1736 3948 infundenda,
1777 3868 1983 3938 Eccli.
2021 3891 2259 3954 xxxvi,

722 3980 746 4045 1
791 3999 805 4043 :
851 3978 1172 4045 Miserere
1200 3978 1358 4055 mei,
1409 3981 1593 4046 Deus
1640 3978 1977 4062 omnium,
2020 3985 2084 4043 et
2151 4000 2264 4044 re-

711 4086 893 4176 spice
929 4108 1074 4152 nos.

806 4329 840 4368 α
891 4302 1284 4372 Secundum
1314 4302 1696 4392 judicium.
1745 4326 1779 4366 ι
1833 4300 1959 4368 llic
2014 4323 2265 4369 secun-

713 4412 902 4489 dum,
939 4412 1008 4478 in
1046 4432 1185 4502 quo
1218 4409 1407 4500 quasi
1440 4408 1847 4477 determinat
1887 4407 2267 4476 misericor-

713 4519 838 4588 diae
870 4540 1288 4588 mensuram.

803 4630 1011 4710 Quasi
1044 4628 1298 4697 diceret
1340 4650 1356 4695 ε
1402 4625 1513 4695 Sic
1566 4625 1847 4717 respice,
1890 4634 1957 4694 et
2005 4624 2268 4694 miseri·

713 4736 1018 4808 cordiam
1073 4734 1203 4814 sae,
1245 4741 1313 4802 et
1368 4730 1501 4801 hoc
1547 4760 1578 4794 ι
1636 4732 2012 4800 secundum
2049 4731 2267 4823 judi-

714 4849 897 4916 cium
926 4843 1371 4935 diliqenlium
1408 4863 1652 4910 nomen
1680 4849 1909 4919 taum,
1954 4868 1986 4903 »o
2039 4840 2107 4908 id
2132 4849 2261 4928 est,

716 4957 783 5024 in
824 4950 1264 5045 diligentibus
1292 4973 1430 5019 non
1487 4957 1750 5018 tantum
1783 4959 1873 5029 te,
1907 4950 2025 5019 sed
2056 4951 2262 5019 etiam

717 5065 941 5154 ipsum
984 5090 1018 5125 ι
1061 5082 1303 5128 nomen
1343 5070 1540 5127 tuum
1578 5087 1610 5120 n
1682 5065 2021 5141 sanctum,
2090 5080 2265 5150 quos

716 5171 904 5263 prius
978 5167 1274 5238 dilexisti
1347 5164 1881 5234 misericordiam
1939 5173 2265 5257 praestan-

712 5278 826 5353 do,
880 5299 1087 5368 quam
1121 5273 1245 5367 ipsi
1278 5281 1367 5343 te.
1415 5272 1672 5341 [Joan.
1706 5294 1801 5351 tv,
1832 5273 1913 5342 10
1948 5296 1965 5342 :
1997 5274 2080 5341 In
2137 5271 2265 5340 hoc

711 5396 808 5457 es!
843 5384 1171 5462 charitas,
1226 5381 1372 5461 Dei,
1405 5379 1682 5462 scilicet,
1715 5402 1851 5448 non
1889 5382 2095 5473 quasi
2137 5403 2261 5449 nos

712 5491 1162 5562 dilexerimus
1221 5491 1469 5571 Deum,
1527 5486 1651 5556 sed
1711 5489 2042 5580 quoniam
2119 5489 2263 5578 ipse

704 5603 902 5696 prior
940 5597 1192 5666 dilexit
1237 5619 1381 5665 nos.
1444 5596 1529 5665 Et
1568 5596 1767 5682 infra,
1818 5603 1881 5674 5.
1925 5599 2004 5665 19
2040 5618 2056 5664 :
2120 5596 2261 5664 Nos

708 5732 865 5801 erqo
915 5705 1301 5798 diliqamus
1378 5704 1629 5786 Deum,
1687 5704 2016 5796 quoniam
2072 5705 2260 5772 Deus

1702 370 1781 436 D.
1836 368 2034 436 ALB.
2089 365 2306 433 MAG.
2360 361 2565 429 ORD.
2618 359 2910 428 PRAED.

2367 745 2653 824 absolvi,
2701 741 2817 811 sed
2847 740 3234 808 miserearis
3276 741 3551 800 tantum
3612 753 3646 794 α
3686 751 3929 796 secun-

2369 851 2909 941 dumjudicinm
2951 874 2982 913 n
3036 842 3440 913 afflicti-unis
3509 863 3543 902 ι
3622 837 3926 925 diliqen-

2369 961 2543 1027 tium
2581 980 2822 1025 nomen
2865 964 3085 1032 tuum,
3128 978 3162 1017 x·
3207 963 3286 1016 ut.
3345 967 3455 1013 me
3506 944 3768 1033 affligas
3815 965 3927 1009 se-

2367 1069 2663 1138 eundum
2702 1066 2879 1145 illos,
2914 1088 3050 1133 non
3084 1064 3266 1131 sicut
3299 1058 3666 1125 damnatos
3709 1075 3725 1123 ε
3759 1053 3927 1120 tales

2367 1178 2548 1246 enim
2589 1175 2835 1265 diligis.
2870 1169 3201 1241 Proverb.
3236 1188 3393 1242 vm,
3434 1166 3556 1232 17:
3610 1163 3763 1251 qu
3812 1160 3926 1227 di-

2370 1286 2650 1376 liqentes
2688 1306 2791 1351 me
2818 1284 3037 1373 diliqo
3070 1304 3092 1347 .·
3134 1291 3201 1346 et
3266 1280 3554 1366 propter
3589 1269 3724 1338 hoc
3780 1291 3924 1336 cor-

2367 1393 2553 1483 ripis,
2598 1388 2873 1481 Apocal.
2936 1411 3032 1469 ur,
3090 1387 3171 1453 19
3218 1407 3237 1450 :
3304 1383 3463 1470 qu
3510 1400 3679 1469 quos
3725 1385 3923 1457 ame,

2365 1521 2581 1588 arquo
2612 1507 2673 1564 et
2709 1497 2987 1583 castiqo.
3016 1492 3119 1559 Ad
3153 1489 3375 1557 Hel-r.
3411 1508 3533 1561 xn,
3577 1484 3616 1550 6
3662 1507 3677 1550 ε
3717 1484 3926 1566 Quem

2365 1609 2542 1675 enim
2599 1606 2834 1695 diliqit
2863 1604 3231 1673 Dominus,
3307 1594 3635 1682 castiqal,
3685 1601 3747 1657 cl
3784 1590 3928 1678 sla-

2360 1717 2582 1807 qellat
2606 1739 2863 1783 omnem
2897 1714 3131 1802 filium
3181 1730 3396 1800 quem
3440 1705 3700 1794 recipit.

2459 2063 2491 2102 α
2557 2039 2834 2106 Gressus
2909 2054 3112 2100 meos.
3172 2055 3207 2092 ι
3276 2026 3454 2093 Ecce
3522 2017 3972 2094 secundum..

2369 2144 2578 2225 Quasi
2639 2142 2885 2210 diceret
2927 2160 2943 2206 :
3008 2138 3124 2204 Sic
3192 2136 3283 2202 da
3384 2124 3923 2199 misericordiam

2369 2252 2636 2341 culpam
2668 2249 3115 2315 remittentem
3156 2265 3171 2312 :
3229 2251 3300 2308 et
3373 2238 3579 2306 etiam
3641 2264 3674 2299 «
3709 2234 3930 2322 diriye

2366 2379 2636 2449 qressus
2663 2376 2841 2422 meos
2873 2379 2906 2414 n
2968 2354 3035 2418 in
3093 2349 3365 2417 bonam
3432 2343 3923 2433 operationem.

2374 2467 2651 2535 Gressus
2679 2462 2836 2529 dicit
2864 2460 3108 2528 animae
3139 2456 3463 2527 aflet-tus,
3500 2452 3617 2540 qui
3663 2457 3827 2515 tunc
3892 2469 3930 2512 a

2371 2572 2513 2639 Deo
2561 2569 2789 2638 directi
2821 2576 3003 2647 sunt,
3053 2587 3213 2633 cum
3306 2562 3382 2626 in
3440 2556 3699 2624 bonum
3759 2577 3931 2644 opus

2368 2679 2723 2770 prodeunt,
2760 2674 2940 2766 quod
2978 2673 3192 2740 solius
3234 2680 3343 2734 est
3382 2666 3530 2733 Dei.
3561 2664 3814 2730 Jerem.
3861 2684 3926 2737 x,

2368 2790 2452 2854 23
2487 2810 2502 2855 ε
2544 2787 2726 2862 Scio,
2760 2783 3074 2863 Domine,
3107 2780 3285 2870 qnia
3330 2797 3467 2840 non
3498 2783 3593 2839 es!
3635 2770 3931 2837 leontinis

2367 2900 2479 2967 via
2510 2897 2689 2988 ejus,
2723 2918 2840 2963 nec
2867 2893 2999 2960 viri
3047 2899 3145 2957 est
3206 2899 3289 2954 ut
3348 2882 3657 2952 ambulet
3689 2883 3756 2947 in
3823 2903 3928 2956 ea,

2358 3008 2434 3074 'et
2461 3006 2724 3094 diriqat
2755 3022 3026 3093 qressus
3090 3020 3288 3064 suos.
3363 2990 3576 3072 Quasi
3626 2987 3927 3056 diceret:

2365 3114 2512 3182 lmo
2551 3113 2673 3181 tui.
2718 3105 3041 3177 l‘roverb.
3083 3127 3235 3175 xvi,
3270 3103 3320 3169 9
3367 3122 3384 3168 ε
3435 3100 3567 3169 Cor
3635 3094 3933 3163 hominis

2366 3222 2666 3315 disponit
2723 3220 2901 3286 eiam
2966 3237 3201 3292 suam,
3264 3208 3399 3276 sed
3469 3205 3756 3275 Domini
3835 3212 3932 3269 es!

2364 3330 2659 3420 diriqere
2690 3346 2959 3417 qressus
2999 3321 3182 3411 rjus.
3230 3319 3436 3397 Quos
3467 3314 3651 3381 Deus
3706 3313 3801 3379 sic
3823 3309 3931 3375 di-

2366 3436 2549 3527 rigit,
2581 3429 2899 3525 pulchros
2937 3437 3004 3498 et
3070 3428 3287 3496 forte-s
3357 3419 3604 3490 reddit.
3671 3418 3927 3494 Fortes,

2365 3544 2550 3636 quia,
2583 3542 2739 3610 Luc.
2772 3563 2841 3617 x,
2882 3541 2984 3614 19,
3021 3536 3277 3604 dicitur
3324 3556 3344 3599 :
3408 3531 3582 3598 Ecce
3618 3526 3778 3593 dedi
3813 3548 3934 3591 eo-

2368 3652 2469 3719 bis
2517 3647 2953 3743 potestatem]
2962 3640 3296 3713 calcandi
3342 3657 3553 3729 saper
3598 3642 3933 3725 serpentes

2368 3772 2430 3830 et
2464 3760 2846 3853 scorpiones
2885 3779 2907 3823 .·
2938 3754 3191 3846 quippe
3273 3748 3446 3840 quia
3519 3743 3775 3813 calceat
3833 3751 3939 3810 ta-

2368 3870 2537 3938 lium
2606 3888 2878 3958 gressus
2953 3863 3131 3930 ferro
3220 3855 3605 3950 patiemim,
3673 3859 3740 3919 et
3805 3874 3937 3919 aere

2368 3974 2742 4045 munditiae.
2774 3972 2900 4041 AEs
2929 3971 3112 4040 enim
3144 3977 3250 4036 est
3274 3960 3730 4055 imputribile.
3762 3959 3942 4027 Deu-

2370 4096 2495 4156 ter.
2532 4106 2767 4162 xxxin,
2809 4084 2893 4151 25
2962 4102 2978 4147 ε
3025 4081 3330 4149 Ferrum
3395 4083 3460 4141 et
3523 4095 3613 4139 :rs
3676 4070 3936 4138 calcea-

2371 4201 2672 4261 mentum
2702 4188 2880 4280 eju-5.
2924 4186 3008 4255 Et
3054 4182 3398 4277 pulchros
3438 4177 3680 4255 reddit,
3752 4175 3936 4267 quia,

2372 4300 2630 4369 Cantic.
2663 4319 2783 4376 vu,
2815 4298 2874 4379 l,
2898 4294 3147 4363 dicitur
3169 4314 3187 4358 :
3212 4291 3457 4373 (tuam
3481 4283 3765 4376 pulchri
3782 4292 3943 4349 sune

2368 4429 2639 4498 qressus
2668 4405 2772 4471 tui
2798 4404 2869 4470 in
2907 4396 3435 4473 calceamenlis,
3474 4392 3635 4483 filia
3676 4389 3942 4481 prinei-

2362 4516 2500 4606 pis,
2536 4512 2620 4581 Et
2648 4510 2860 4601 dirige
2884 4528 3157 4600 gressus
3182 4505 3290 4572 sic
3322 4507 3625 4592 paratos,
3653 4526 3686 4560 c«
3707 4517 3941 4564 seeun-

2370 4622 2539 4690 dum
2577 4617 2927 4709 eloquium
2965 4622 3196 4690 laam,
3248 4637 3285 4673 ι
3329 4609 3514 4675 sieut
3565 4603 3934 4696 promittis,

2371 4725 2796 4822 perducendo
2825 4723 2909 4793 ad
2938 4720 3174 4791 lumen
3210 4719 3413 4784 vita.

2470 4973 2499 5007 ι
2530 4945 2623 5010 Et
2641 4964 2775 5008 non
2804 4938 3201 5007 dominetur
3218 4932 3391 5000 mei.
3412 4956 3441 4992 ιι
3487 4927 3612 5010 llic
3634 4925 3934 4994 tertium.

2370 5050 2577 5134 Quasi
2608 5050 2914 5119 diceret:
2985 5045 3099 5113 Sic
3147 5042 3242 5111 da
3300 5038 3600 5132 gratiam
3667 5034 3935 5124 culpam

2373 5160 2849 5237 remittentem,
2946 5154 3031 5222 da
3096 5171 3390 5245 gressus
3474 5143 3878 5233 dirigentem
3914 5161 3932 5208 t

2371 5296 2405 5335 α
2440 5276 2506 5337 et
2535 5295 2569 5330 n
2601 5289 2723 5359 per
2758 5264 3040 5357 gratiam
3073 5270 3306 5331 tuam.
3366 5281 3400 5317 α
3434 5275 3571 5320 non
3627 5249 3939 5317 domine-

2370 5387 2484 5445 tur
2524 5376 2660 5444 mei
2692 5374 2910 5442 omnis
2938 5367 3337 5463 injustitia,
3383 5386 3418 5429 ι
3462 5359 3589 5429 etsi
3621 5355 3939 5449 aliquali-

2365 5493 2471 5554 ter
2494 5481 2821 5554 tentando
2849 5480 3096 5574 pulset,
3146 5497 3303 5544 non
3333 5479 3572 5540 tamen
3623 5466 3939 5537 domine·

2368 5600 2479 5662 tur
2514 5589 2890 5681 dejiciendo
2932 5609 2950 5658 2
3009 5586 3065 5655 si
3142 5582 3345 5652 enim
3398 5577 3651 5668 dejicit,
3709 5572 3939 5642 domi-

2365 5709 2591 5773 natur.
2629 5699 2830 5770 Joan.
2860 5721 3004 5783 vm,
3038 5694 3124 5765 34
3176 5714 3198 5761 ε
3263 5689 3420 5776 Qui
3478 5687 3657 5780 lacit
3689 5704 3937 5778 pecca-
