5008 6329
1839 340 2554 411 COMMENTARIUS
2602 343 2698 410 IN
2742 343 3177 413 PSALMUM
3224 344 3602 416 CXXXIV.
4205 347 4330 414 419

2786 512 2984 591 facio,
3056 517 3214 604 quia
3281 516 3428 584 dico
3465 539 3480 584 :
3543 543 3575 582 α
3636 517 4042 584 Benedictus
4097 518 4336 584 Domi-

1125 621 1516 690 Benedicite
1569 624 1951 690 Dominum
1990 624 2063 687 in
2117 619 2436 710 operibus
2479 620 2680 729 suis:
2788 643 2942 701 nus,
2983 648 3012 681 »ι
3047 623 3308 711 supple,
3343 625 3450 703 sit,
3488 627 3603 715 qui
3673 627 3858 692 venit
3892 650 3923 690 a
3957 650 4044 691 ex
4071 627 4265 707 Sion,
4295 650 4328 689 »

1127 728 1289 795 date
1325 733 1591 797 nomini
1616 731 1774 822 ejus
1803 729 2417 818 maqnificentiam.
2789 728 2853 794 id
2895 738 3017 807 est,
3054 732 3206 820 quia
3245 733 3428 799 venit
3468 756 3551 799 ex
3585 732 3778 811 Sion,
3814 756 3898 801 ex
3929 734 3965 800 J
3974 735 4206 814 udaeis,
4250 758 4330 802 ex

1220 863 1253 903 «
1304 843 1571 908 Domus
1598 842 1914 914 Aaron,›
1899 864 1931 897 »
1970 837 2263 922 majores
2302 834 2582 912 seilicet,
2617 840 2680 901 et
2789 838 3033 928 quibus
3072 862 3341 908 carnem
3391 843 3707 932 sumpsit,
3749 842 3932 933 quod
3972 842 4100 910 fuit
4128 867 4328 911 suum

1127 949 1196 1013 in
1228 944 1635 1014 sacerdotali
1683 943 2015 1033 dignitate
2045 942 2419 1021 constituti,
2480 970 2507 1004 α
2565 940 2680 1010 be-
2785 949 3040 1015 venire.
3091 949 3268 1016 l‘sal.
3323 974 3504 1028 xmx,
3566 954 3604 1017 2
3655 974 3670 1019 :
3711 954 3828 1020 Ex
3883 953 4053 1021 Sion
4080 956 4330 1044 species

1124 1054 1417 1123 nedicite
1442 1055 1769 1122 Domino.
1808 1078 1839 1117 ιο
1877 1051 2141 1120 Daniel.
2194 1075 2291 1132 ιιι,
2347 1053 2433 1119 84
2477 1074 2492 1118 ε
2558 1054 2681 1120 Be·
2786 1055 3040 1121 decoris
3068 1055 3242 1144 ejus.
3286 1057 3487 1124 Joan.
3533 1080 3626 1140 ιν,
3671 1060 3755 1125 22
3794 1082 3808 1126 :
3851 1059 4068 1128 Salus
4095 1084 4180 1128 ex
4204 1063 4330 1129 Ju-

1123 1162 1439 1240 nedicite,
1470 1160 1851 1228 sacerdotes
1886 1161 2199 1242 Domini,
2232 1161 2557 1228 Domino.
2785 1160 2950 1227 daeis
2978 1172 3096 1228 est.

2877 1293 2910 1333 α
2984 1272 3119 1354 Qui
3149 1297 3182 1332 >2
3243 1272 3447 1339 etiam
3526 1298 3561 1336 «
3593 1271 3887 1351 habitat,
3945 1299 3977 1340 n
4040 1297 4330 1344 conver-

2781 1375 3020 1455 sando,
3058 1403 3090 1442 α
3127 1379 3195 1444 in
3230 1378 3639 1458 Jerusalem,
3678 1405 3711 1444 ιο
3764 1381 3880 1447 ubi
3921 1381 4330 1471 praedicahat

1124 514 1702 583 commendando.
1738 514 1945 583 Ecoli.
1991 536 2229 595 xxxnt,
2298 515 2377 580 19
2432 522 2500 580 et
2532 516 2679 581 20:

879 1507 1008 1574 χι)
1221 1514 1254 1553 α
1297 1490 1563 1555 Domus
1627 1487 1813 1562 Levi,
1850 1511 1885 1548 ι
1956 1484 2429 1551 ministrorum
2470 1480 2682 1550 colle·
2781 1492 2847 1551 et
2876 1485 3181 1554 docebat.
3221 1487 3507 1568 Bai-neh,
3555 1511 3651 1568 ιιι,
3698 1488 3780 1556 38
3827 1512 3841 1555 :
3891 1492 4056 1557 Post
4090 1490 4216 1557 lzoc
4255 1492 4326 1557 in

1125 1595 1286 1675 ctio,
1340 1602 1406 1660 et
1435 1591 1695 1659 familia
1723 1591 1850 1658 sub
1888 1588 2356 1658 sacerdotibus
2422 1590 2681 1657 consti·
2780 1590 2976 1654 terris
3019 1591 3201 1655 visus
3244 1600 3362 1668 est,
3405 1600 3467 1656 et
3516 1614 3671 1659 cum
3718 1590 4111 1659 hominibus
4166 1616 4324 1660 con-

1120 1712 1289 1772 tuta.
1333 1701 1577 1770 Ezech.
1612 1725 1722 1785 xn,
1758 1701 1843 1768 46
1880 1724 1896 1768 :
1937 1700 2068 1768 Isti
2127 1711 2291 1768 sunt
2352 1699 2497 1788 filii
2552 1702 2679 1769 Sa·
2776 1705 3079 1762 versatus
3132 1708 3250 1765 est.
3329 1696 3614 1790 Propter
3668 1698 3799 1767 hoc
3856 1698 4121 1769 dicebat
4175 1700 4326 1791 Ag-

1116 1812 1267 1891 doc,
1301 1813 1426 1903 qui
1453 1810 1785 1879 accedunt
1809 1809 1893 1877 de
1918 1809 2095 1898 filiis
2121 1811 2287 1877 Levi
2316 1809 2414 1876 ad
2434 1811 2674 1877 Domi·
2773 1824 2984 1893 gaeus,
3021 1827 3091 1887 ιι,
3142 1806 3218 1871 10
3263 1827 3278 1873 :
3323 1808 3584 1897 dlaqna
3613 1808 3742 1875 erit
3784 1808 4021 1899 qloria
4077 1809 4323 1878 domus

1109 1942 1307 2001 num,
1352 1927 1429 1987 ut
1493 1918 1883 1986 ministrent
1920 1916 2040 1984 ibi.
2104 1914 2132 1982 1
2200 1915 2500 2007 Paralip.
2553 1940 2668 2001 xv,
2774 1912 2974 1980 istius
3001 1913 3380 1981 novissima:
3420 1914 3803 2006 plusquam
3845 1917 4124 2007 primae.
4186 1917 4321 1985 Ha-

1110 2030 1151 2095 2
1195 2051 1212 2095 z
1259 2027 1605 2095 Illicitum
1634 2034 1734 2093 est
1762 2033 1842 2093 ut
1878 2047 1923 2092 a
1965 2047 2395 2116 quocumque
2435 2034 2671 2115 porte·
2771 2016 2940 2085 bitat
2976 2020 3180 2088 etiam
3214 2022 3281 2087 in
3311 2045 3604 2112 superna
3631 2023 4037 2093 Jerusalem.

1108 2147 1228 2204 tur
1263 2160 1429 2205 arca
1469 2137 1601 2206 Dei
1627 2135 1767 2203 nisi
1794 2158 1838 2201 a
1867 2134 2146 2202 Levitis.
2183 2133 2291 2207 Et.
2350 2156 2493 2213 xvx,
2529 2134 2662 2202 37:
2861 2125 2943 2192 Et
2972 2136 3157 2206 nota,
3191 2129 3371 2219 quod
3409 2130 3495 2198 ad
3525 2130 3795 2199 laudem
3844 2132 3965 2200 Dei
4019 2136 4319 2224 exigitur
4344 2146 4432 2246 32
4473 2147 4551 2193 1⁸¹1
4521 2146 4668 2250 agi-:p

1103 2244 1418 2334 Reliquit
1446 2243 1548 2312 tbi
1574 2262 1808 2311 coram
1846 2263 2011 2309 arca
2045 2238 2326 2364 scederis
2380 2241 2668 2308 Domini
2768 2233 3099 2301 munditia
3174 2236 3241 2304 in
3305 2236 3644 2323 laudante,
3719 2238 3923 2308 Eccli.
3983 2263 4096 2317 xv,
4169 2244 4209 2309 9
4292 2264 4308 2308 ε
4356 2201 4668 2355 mugi-'‘f“

1103 2351 1343 2443 Asaplz
1383 2360 1447 2419 et
1480 2352 1741 2441 fratres
1779 2348 1960 2438 ejus,
1995 2349 2338 2440 quierant
2381 2347 2465 2416 de
2535 2347 2664 2416 Le-
2763 2341 2918 2410 Non
2947 2355 3046 2411 est
3079 2348 3379 2437 speciosa
3413 2347 3566 2415 laus
3633 2350 3702 2416 in
3762 2373 3875 2417 ore
3904 2353 4306 2442 peccatoris.

1101 2458 1288 2541 vitis,
1323 2467 1402 2525 ut
1429 2457 1902 2524 ministrarent
1949 2456 2022 2522 in
2077 2464 2433 2547 conspectu
2489 2477 2663 2522 arcae
2764 2447 3055 2518 Intentio
3098 2476 3292 2545 pura,
3334 2454 3573 2524 Matth.
3607 2478 3702 2534 v1,
3739 2458 3824 2524 22
3869 2480 3885 2525 :
3947 2459 4031 2527 Si
4067 2459 4313 2527 oculus

1089 2565 1394 2656 juqiter.
1429 2564 1516 2632 Et
1576 2586 1875 2645 rursum,
1918 2561 2199 2643 ibidem,
2233 2569 2296 2640 5.
2342 2562 2445 2630 4:
2489 2563 2665 2632 Con·
2763 2567 2923 2625 tuus
2949 2563 3507 2655 lueritsienplec,
3542 2574 3669 2632 etc.
3709 2564 4064 2650 Discretio,
4098 2566 4305 2635 Marc.

1096 2673 1331 2742 stituit
1359 2695 1591 2742 coram
1611 2694 1777 2740 area
1805 2670 2096 2739 Domini
2117 2670 2202 2738 de
2226 2672 2506 2749 Levitis,
2540 2672 2663 2762 qui
2765 2687 2857 2742 ix,
2929 2666 3012 2733 48
3065 2690 3080 2734 :
3156 2669 3393 2738 Omnis
3449 2672 3726 2739 victima
3779 2672 3929 2741 sale
3989 2674 4305 2743 salietur.

1098 2782 1581 2849 ministrarent
1658 2791 1724 2848 et
1777 2778 2302 2848 recordarentur
2373 2801 2658 2871 operum
2762 2771 3150 2855 IlumilitaS,
3190 2776 3387 2847 Ecoli.
3433 2802 3641 2858 xxxv,
3687 2782 3764 2847 2¹
3819 2804 3833 2846 :
3885 2781 4125 2849 Oratio
4183 2784 4309 2851 liu·

1095 2888 1279 2977 ejus,
1366 2898 1431 2956 et
1482 2886 1963 2979 qlorificarent
2019 2896 2227 2976 atque
2286 2884 2659 2955 laudarent
2761 2880 3102 2950 miliantis
3154 2908 3224 2951 se
3259 2885 3469 2954 nubes
3528 2888 3938 2977 penetrabit.
3984 2888 4306 2959 Perseve-

1092 2998 1483 3065 Dominum
1532 2998 1755 3065 Deum
1786 2994 2033 3063 Israel.
2759 2989 3002 3069 ranila.
3033 2990 3298 3060 Daniel.
3344 3017 3435 3070 ιιι,
3468 2996 3552 3064 57
3590 3018 3605 3063 :
3650 2996 3991 3074 Laudate.
4068 3008 4131 3066 et
4192 3021 4306 3067 su·

1188 3128 1221 3169 ι
1289 3103 1430 3190 Qui
1475 3103 1730 3172 timetis
1769 3101 2175 3185 Dominum,
2212 3126 2247 3168 ιι
2278 3122 2407 3171 vos
2437 3100 2657 3171 mino·
2747 3097 3177 3188 peres-allate
3203 3121 3355 3167 eum
3387 3101 3456 3168 in
3484 3101 3764 3172 saecula.

1091 3237 1225 3296 res,
1261 3242 1295 3278 α
1332 3213 1701 3283 benedicite
1765 3213 2089 3282 Domino.
2137 3240 2171 3275 n
2228 3211 2484 3281 Jerem.
2556 3234 2650 3294 w,
2844 3204 2950 3272 Ad
2982 3204 3394 3274 laudandum
3427 3218 3657 3279 autem
3713 3213 3961 3281 excitat
4017 3214 4298 3283 tribula-

1088 3322 1181 3388 2:
1240 3321 1649 3390 Benedicent
1689 3343 1846 3389 eum
1901 3342 2134 3388 omnes
2203 3320 2468 3397 Gentes,
2539 3321 2653 3411 ip-
2754 3310 2876 3390 tio,
2948 3311 3205 3381 Daniel.
3270 3338 3363 3390 ιιι,
3409 3317 3494 3382 24
3551 3326 3615 3385 et
3681 3342 3858 3411 seq„
3894 3320 4058 3388 Tres
4104 3325 4298 3413 pueri

1082 3453 1378 3522 sumque
1407 3429 1825 3498 laudabunt.
1868 3428 2048 3498 Laus
2078 3436 2307 3498 autem
2340 3430 2487 3519 ipsa
2520 3437 2646 3508 est,
2753 3416 3120 3488 laudabant
3146 3422 3364 3491 Deum
3399 3425 3464 3493 in
3505 3427 3774 3496 081Πὶὓο
3805 3428 4008 3519 ignis·
4044 3428 4294 3522 Supra,

1088 3546 1165 3606 ut
1191 3539 1526 3607 veraciter
1564 3536 1788 3605 Deum
1845 3535 2096 3606 colant,
2155 3561 2190 3601 «
2247 3533 2488 3604 Cultus
2526 3556 2649 3603 gu-
2753 3525 2821 3592 in
2863 3524 3043 3593 Psal.
3085 3551 3361 3610 cxxxiii,
3432 3536 3524 3601 2:
3583 3534 3666 3601 In
3717 3532 4029 3604 noctibus
4082 3537 4301 3605 extol-

1094 3672 1127 3707 «
1162 3654 1330 3724 tem,
1365 3642 1743 3714 secundum
1772 3642 2267 3735 Augustinum,
2308 3650 2411 3711 est
2451 3640 2644 3722 tides,
2756 3630 2877 3699 lite
2936 3656 3183 3703 manus
3247 3649 3500 3708 vestras
3564 3642 3634 3708 in
3684 3651 3948 3711 sancta.
4035 3643 4292 3725 Lectio,

1098 3777 1131 3817 ι
1165 3761 1233 3821 et
1261 3776 1442 3844 spes»,
1485 3760 1551 3822 et
1579 3749 1901 3820 charitas,
1938 3775 1973 3816 ιι
2029 3749 2320 3841 Propter
2368 3748 2501 3818 hoo
2541 3748 2651 3817 di-
2755 3738 2934 3807 Psal.
3011 3763 3295 3822 xxxviii,
3329 3747 3368 3812 4
3413 3769 3429 3814 :
3509 3750 3592 3816 ln
3651 3749 4093 3820 meditatione
4145 3777 4296 3821 mea

1092 3860 1295 3938 citur,
1357 3859 1564 3930 Eccli.
1608 3882 1681 3939 ιι,
1725 3861 1813 3929 8:
1888 3857 2027 3943 Qui
2099 3859 2356 3926 timetis
2408 3859 2652 3927 Domi.
2751 3849 3137 3919 exardescet
3187 3856 3387 3944 ἐφιεὶς.
3456 3856 3804 3925 Bonorum
3845 3862 4292 3945 consortium,

1089 3990 1284 4044 num,
1320 3967 1570 4036 credite
1599 3966 1739 4035 illi.
1780 3965 2074 4057 Etpost,
2115 3972 2181 4042 Ἰ.
2224 3968 2266 4034 9
2307 3987 2323 4032 :
2381 3965 2524 4051 Qui
2567 3967 2653 4034 ti·
2752 3955 2993 4025 Matth.
3073 3981 3215 4039 xvi,
3291 3965 3394 4038 ¹6,
3468 3962 3713 4032 Petrus
3790 3964 4092 4036 laudavit
4144 3971 4296 4037 exi-

1089 4076 1289 4143 metis
1342 4075 1750 4153 Dominum,
1814 4082 2086 4164 sperate
2138 4073 2210 4140 in
2276 4071 2512 4140 illum,
2566 4073 2651 4141 Et
2752 4074 2934 4133 atens
2974 4066 3041 4133 in
3080 4066 3366 4158 collegio
3405 4071 3963 4161 Apostolorum¹.
4001 4072 4297 4143 Sancto-

1087 4207 1352 4265 rursuS,
1391 4191 1458 4261 5.
1508 4185 1586 4252 10
1630 4206 1649 4253 z
1722 4184 1864 4270 Qui
1925 4183 2182 4251 timetis
2237 4183 2645 4270 Dominum,
2752 4193 2901 4240 mm
2969 4174 3379 4265 exemplum·
3426 4176 3449 4243 Ῑ
3503 4176 3673 4269 Reg-
3743 4201 3816 4259 x·
3882 4181 3962 4248 ¹0
3992 4188 4060 4249 01
4112 4205 4287 4274 seq„

1088 4290 1371 4383 dinque
1405 4290 1641 4359 inum,
2752 4276 2914 4346 Saul
2972 4280 3400 4372 prophetavit
3454 4307 3610 4353 cum
3651 4308 3870 4356 cuneo
3909 4286 4295 4379 Propheta-

2750 4411 2923 4458 rum.
2973 4390 3024 4458 Ε
3062 4389 3330 4460 diverso
3361 4392 3640 4463 retrahit
3693 4398 4131 4488 prosperitas,
4170 4398 4295 4468 Je-

2747 4516 2914 4563 rem.
2985 4521 3055 4579 v,
3112 4498 3152 4567 7
3196 4519 3214 4569 ε
3256 4500 3588 4569 Saturavi
3652 4524 3787 4582 eos,
3854 4514 3920 4572 et
3972 4506 4295 4574 moechati

840 4615 960 4682 τι
1176 4638 1210 4681 2
1256 4612 1664 4682 Benedictus
1721 4613 2089 4683 Dominus,
2136 4637 2172 4676 ι.
2226 4610 2357 4681 Hie
2391 4633 2646 4681 genun-
2743 4613 2928 4671 sunt.
3001 4604 3356 4676 Saecularis
3448 4613 3836 4701 occupati0,
3920 4610 4127 4691 Infra,
4215 4615 4286 4682 in

1082 4721 1277 4800 dum,
1312 4721 1383 4789 iu
1408 4741 1547 4813 quo
1583 4727 1951 4813 postquam
1981 4718 2299 4788 invitavit
2326 4740 2446 4788 eos
2481 4741 2644 4788 ver-

1076 4829 1194 4908 bo,
1236 4828 1484 4898 invitat
1522 4834 1590 4897 et
1617 4848 1736 4896 eos
1773 4825 1952 4897 tacto
1996 4848 2013 4894 :
2057 4824 2239 4894 unde
2304 4828 2449 4918 ipse
2515 4825 2643 4895 be-

1075 4934 1334 5005 nedicit
1389 4933 1772 5024 adjungens
1827 4931 2323 5003 benedictionis
2360 4954 2637 5002 causam

2746 4709 2925 4779 Psal.
2967 4735 3240 4799 cxxxvi,
3301 4717 3339 4783 4
3376 4739 3392 4785 ε
3440 4717 3797 4802 Quomodo
3850 4719 4286 4789 cantabimus

2742 4823 3078 4890 canticum
3112 4826 3392 4893 Domini
3419 4827 3490 4894 in
3529 4836 3713 4895 terra
3741 4828 3974 4896 aliena
3998 4827 4040 4897 ?
4078 4829 4138 4897 ll
4197 4828 4283 4898 ad

2737 4927 3036 4998 Timoth.
3066 4952 3137 5006 n,
3182 4930 3221 4995 4
3254 4951 3272 4998 t
3305 4932 3517 5000 Nemo
3575 4934 3891 5002 militans
3944 4937 4088 5005 Deo
4146 4936 4284 5004 im-

1073 5042 1442 5135 duplicem.
1494 5040 1729 5110 Prima
1784 5048 1887 5109 eet
1940 5039 2351 5110 beneficium
2409 5041 2640 5110 incar-
2726 5035 2954 5126 plicat
2978 5059 3049 5103 se
3074 5040 3360 5126 neqotiis
3383 5040 3857 5109 saecularibus.
3900 5040 4080 5109 Mala
4118 5065 4281 5111 con-

1072 5151 1398 5221 nationis.
1435 5146 1776 5229 Secunda,
1809 5146 2217 5219 beneficium
2247 5145 2639 5217 cohabitio-

1074 5259 1181 5326 nis
1251 5266 1320 5327 et
1377 5257 1920 5327 conversationis
1990 5279 2148 5326 cum
2204 5254 2628 5337 hominibus,

1073 5364 1197 5449 ibi,
1233 5391 1270 5429 α
1304 5365 1444 5451 Qui
1467 5362 1767 5433 habitat.
1801 5388 1837 5427 ιο

2736 5142 2967 5219 sortia,
3011 5141 3248 5212 Matth.
3300 5167 3485 5223 xxvi,
3548 5149 3636 5215 69
3691 5155 3757 5215 et
3796 5169 3969 5239 seq.,
4030 5146 4277 5219 Petrus

2735 5254 3003 5345 negavit
3038 5254 3210 5322 inter
3238 5255 3452 5323 malos
3482 5256 3880 5334 Dominum.
3965 5257 4048 5327 Et
4095 5260 4275 5353 ipso-

2732 5386 2883 5431 rum
2915 5362 3248 5453 exempla.
3285 5363 3487 5434 Eccli.
3529 5387 3675 5448 xm,
3716 5367 3741 5433 l
3785 5388 3802 5434 :
3848 5368 3987 5454 Qui
4041 5372 4274 5464 tetiqe·

1163 5470 1345 5540 Dicit
1373 5493 1538 5564 ergo
1573 5494 1591 5542 ε
1626 5469 1745 5541 Sic
1790 5470 2056 5554 monui,
2098 5478 2167 5539 et
2203 5470 2302 5540 sic
2339 5470 2633 5564 ipsemet
2727 5472 2822 5540 rit
2841 5473 3088 5563 picem,
3131 5471 3605 5564 inquinabitur
3632 5472 3720 5541 ab
3758 5497 3863 5548 ea.

1146 5699 1165 5736 ¹
1196 5697 1284 5757 Cf.
1316 5697 1520 5757 natth.
1549 5714 1666 5767 xvi.
1696 5701 1764 5758 ¹0
1795 5715 1814 5759 z
1876 5698 2231 5774 Respondeas
2282 5697 2478 5758 Simon
2528 5702 2629 5759 Pe·

2730 5708 2850 5759 trus
2876 5702 3027 5760 dixit
3054 5719 3076 5759 .·
3108 5705 3187 5760 Ίὶι
3213 5720 3268 5762 es
3296 5704 3566 5777 Christus,
3594 5708 3771 5766 Filius
3797 5709 3902 5767 Dei
3934 5710 4069 5768 vivi.
