5008 6329
672 284 753 347 74
1655 286 1738 352 D.
1793 284 1991 351 ALB.
2043 279 2264 347 MAG.
2318 279 2519 347 01³1).
2574 280 2870 350 PRAED.

762 452 894 521 Per
933 456 1264 525 locustam
1298 478 1446 546 quoe
1484 475 1752 520 sursum
1786 451 1963 529 salit,
1998 449 2219 540 signi·
2325 457 2420 515 les
2449 471 2656 528 meaS,
2689 460 2752 514 et
2768 452 2831 516 si
2858 453 3205 521 tradidero
3236 478 3483 546 eorpus
3510 477 3737 522 meum
3769 456 3868 520 ita

673 561 911 632 sicatur
972 565 1439 656 praesumpti0‚
1473 584 1623 653 quae
1653 560 1958 630 elevatur
2000 559 2071 626 in
2112 558 2216 626 al-
2326 565 2401 621 ut
2456 554 2761 633 ardeam,
2804 555 3204 627 charitatem
3246 571 3478 629 autem
3535 584 3671 627 non
3732 560 3867 626 Iza-

340 688 504 736 Omnis
534 689 626 747 hy-
674 679 840 739 tum.
877 672 1008 742 Per
1039 672 1398 749 bruelium,
1434 670 1549 760 qui
1590 670 1837 738 residet
1867 669 2060 761 quasi
2107 671 2219 736 ni-
2323 662 2552 747 buer0,
2598 687 2746 757 quae
2775 687 2896 755 per
2921 678 3275 757 peccatum
3308 670 3447 739 odii
3488 679 3555 738 et
3595 669 3865 737 invidiae

321 744 641 855 ῗιῗιῗῗῖιῗοῖἷιῖ
672 782 765 850 hil
831 784 991 850 mali
1048 783 1325 860 facienS,
1404 779 1806 872 hypocrisis,
1877 780 1963 848 Et
2043 778 2216 847 bene
2319 774 2613 865 fugatur,
2648 783 2714 843 et
2753 776 3077 844 occiditur
3105 779 3641 867 quodammodO,
3685 777 3867 846 nileil

666 889 966 957 bruchus
999 890 1072 957 tit
1108 889 1395 963 locusta.
1432 890 1589 980 quia
1630 891 1855 958 omnis
1894 886 2217 979 hypocri-
2322 882 2495 948 mihi
2516 883 2816 972 prodest.

665 1003 731 1062 ta
769 1004 1380 1086 praesumptuosus.
1417 996 1582 1065 Haec
1613 1020 1774 1088 ergo
1825 996 1961 1063 duo
2016 994 2207 1071 vitia,

661 1123 857 1169 omne
882 1102 1174 1191 soenum,
1220 1126 1426 1195 opera
1492 1103 1670 1171 bona
1728 1098 2209 1170 misericordiae

2405 988 2490 1057 Et
2519 998 2700 1073 nota,
2746 992 2928 1082 quod
2984 1001 3140 1061 sunt
3177 994 3497 1084 primitiae
3542 995 3869 1062 innocen·

2318 1096 2449 1174 tiae,
2485 1098 2698 1165 sancti
2728 1098 2981 1168 scilicet
3019 1102 3442 1179 innocentes,
3477 1102 3560 1170 de
3619 1101 3865 1195 quibus

659 1206 936 1292 scilicet,
1016 1218 1083 1279 et
1146 1210 1443 1302 pietatiS,
1516 1210 1764 1302 quibus
1837 1214 2211 1300 pascuntur
2315 1204 2597 1294 Apocal.
2632 1229 2771 1288 xw,
2806 1209 2847 1274 4
2900 1211 3045 1278 :Hi
3072 1213 3285 1301 empti
3318 1223 3484 1280 sunt
3527 1236 3613 1280 ex
3647 1213 3866 1280 homi-

658 1313 982 1392 minores‚
1027 1323 1091 1381 et
1148 1338 1415 1382 omnem
1478 1316 1816 1403 fructum,
1883 1312 2207 1381 solidiora

653 1421 1087 1511 perfectionis
1136 1445 1342 1513 opera
1405 1423 1786 1491 devastant.
1854 1420 2200 1499 Judicum,

652 1553 745 1610 vr,
791 1531 830 1598 3
870 1539 935 1599 et
964 1532 1005 1597 4
1051 1554 1065 1597 ε
1105 1533 1415 1622 Cumque
1468 1532 1740 1599 sevisset
1781 1529 2024 1614 Israel,
2087 1554 2206 1598 as-

650 1638 976 1706 cendebat
1043 1640 1339 1707 Madian
1398 1650 1460 1707 et
1496 1640 1805 1719 Amalec,
1850 1640 2207 1730 caeterique

654 1746 1119 1815 Orientalium
1175 1750 1566 1832 nationum,
1625 1746 1758 1817 hoc
1804 1756 1930 1830 est,
1964 1746 2206 1815 multi-

647 1854 812 1923 tudo
889 1854 1310 1940 daemonum,
1381 1866 1443 1923 et
1511 1855 1708 1948 apud
1759 1879 1869 1924 eos
1916 1857 2203 1947 fiqentes

648 1963 968 2040 tentoria,
1002 1970 1356 2053 tamquam
1390 1971 1769 2043 manenteS,
1800 1965 1978 2032 sicut
2007 1973 2203 2031 erant

650 2071 721 2138 in
748 2069 997 2150 lterbiS,
1022 2081 1265 2140 cuncta
1292 2071 1681 2151 vastabant,
1718 2081 1784 2141 et
1820 2095 2200 2164 praesump-

649 2179 906 2250 tionem
949 2188 1017 2251 et
1045 2181 1461 2275 hypocrisim
1500 2183 1891 2253 suadentes·

744 2535 778 2574 e
810 2510 905 2576 Et
926 2510 1264 2601 percussit
1289 2533 1488 2579 omne
1542 2510 2112 2603 primoqenitum.
2158 2533 2192 2575 n

653 2614 778 2683 llic
815 2616 1090 2708 signum
1130 2617 1524 2708 septimum,
1565 2616 1753 2710 quod
1784 2616 1909 2684 fuit
1939 2617 2197 2684 immis-

646 2726 747 2791 sio
790 2726 1028 2793 mortis
1092 2726 1733 2818 primogenitorum,
1776 2733 1915 2793 tam
1960 2727 2028 2793 in
2067 2724 2194 2793 ho·

645 2832 945 2901 minibus
1004 2855 1213 2926 quam
1265 2834 1338 2902 in
1387 2834 1745 2923 jumentis.
1816 2832 1900 2902 Et
1957 2855 2197 2903 secun-

642 2938 803 3009 dum
846 2938 978 3010 hoc
1026 2940 1343 3010 dicuntur
1399 2939 1562 3013 duo.
1605 2943 1867 3026 Primo,
1939 2942 2191 3012 occisio

640 3049 1254 3141 primogenitorum
1288 3051 1359 3119 in
1388 3049 1808 3120 hominibus.
1842 3048 2186 3130 Secundo,

640 3162 708 3230 in
729 3161 1088 3252 jumentis,
1129 3161 1250 3242 ibi,
1287 3193 1320 3226 «
1362 3164 1756 3233 Primitias.
1795 3189 1829 3228 s

726 3272 839 3339 Ait
906 3294 1071 3363 ergo
1116 3295 1134 3342 ε
1179 3270 1296 3340 Sic
1349 3273 1582 3341 omnia
1638 3274 2190 3344 terraenascentia

636 3388 794 3448 sunt
839 3380 1084 3448 occisa.
1136 3405 1170 3444 ι
1205 3381 1300 3447 E!
1333 3408 1364 3441 υ
1435 3379 1707 3448 tandem
1773 3407 1807 3446 e
1853 3383 2189 3472 percussit

635 3510 832 3555 ananie
849 3488 1421 3579 primoqenitum‚
1462 3517 1495 3550 »
1535 3486 1801 3580 supple.
1852 3489 1923 3557 in
1954 3487 2189 3558 homi-

637 3596 861 3675 nibus,
912 3624 945 3660 c«
977 3597 1048 3664 in
1088 3606 1271 3667 terra
1317 3620 1578 3681 eorum,
1615 3621 1649 3663 n
1690 3594 2183 3691 AEgyptiorum

637 3702 916 3783 scilicet,
950 3727 1091 3774 non
1130 3703 1608 3774 llebraeorum.

736 3947 766 3982 α
792 3916 1184 3986 primitias.
1220 3942 1254 3981 s
1296 3911 1468 3985 Ecce
1505 3914 1906 3986 secundum.
1968 3914 2180 3997 Quasi

633 4026 882 4095 diceret
927 4047 945 4093 ε
1026 4022 1373 4094 Percussit
1429 4033 1647 4094 morte
1721 4025 2181 4117 primogenita

632 4134 1022 4219 hominum,
1063 4141 1128 4202 et
1179 4135 1384 4203 etiam
1443 4162 1474 4196 ι
1524 4133 1904 4225 primitias,
1966 4161 2004 4199 n
2044 4133 2180 4226 pri-

631 4244 981 4331 mogenita
1045 4241 1322 4321 scilicet.
1378 4270 1414 4304 ι
1471 4242 1716 4330 omnis‘
1751 4241 2015 4310 laboris
2077 4264 2183 4311 eo-

630 4374 813 4433 rum,
843 4374 879 4417 t
921 4348 1053 4419 hoc
1099 4358 1226 4430 est,
1276 4347 1361 4418 ad
1408 4371 1684 4419 omnem
1732 4348 2035 4420 valentes
2072 4349 2180 4420 la·

630 4460 865 4528 horem
901 4481 920 4533 2
969 4468 1035 4528 et
1074 4459 1173 4528 sic
1210 4456 1685 4552 intelliguntur
1720 4459 2176 4553 primogenita

629 4591 978 4660 pecorum.
1022 4564 1240 4636 Exod.
1300 4588 1397 4647 11.
1443 4567 1535 4636 5:
1578 4567 1918 4637 Morietur
1979 4591 2180 4639 omne

619 4678 1162 4772 primogenitum
1192 4678 1263 4745 in
1293 4686 1478 4745 terra
1516 4679 2049 4771 AEqyptiorum.

719 4785 886 4854 Ecce
942 4783 1385 4878 spiritualiter
1439 4786 1941 4856 consummatio
2001 4786 2176 4876 inju-

627 4894 849 4963 stitiae.
882 4891 1049 4962 Post
1088 4894 1690 4985 praesumptionem
1722 4893 1906 4963 enim
1937 4902 2002 4963 et
2041 4893 2176 4988 hy-

624 5000 946 5094 pocrisim
975 5001 1286 5093 sequitur
1311 4999 1573 5088 odium,
1605 5010 1674 5071 et
1702 5001 1975 5072 invidiae
2012 5024 2172 5094 pec-

624 5119 879 5190 catum,
940 5131 1094 5200 quae
1186 5108 1545 5180 destruunt
1636 5109 2170 5204 primogenitum

623 5220 849 5287 omnis
887 5215 1079 5300 boni,
1111 5215 1513 5287 charitatem
1552 5217 1835 5302 scilicet,
1876 5227 1944 5288 et
1980 5218 2175 5290 aule-

622 5331 777 5391 runt
817 5323 1153 5415 primitias
1202 5323 1599 5415 praecipuas,
1661 5324 1956 5417 optimas
2003 5348 2174 5416 ope-

624 5434 922 5500 rationes
967 5440 1256 5508 nostras,
1311 5438 1387 5498 ut
1437 5435 1721 5501 omnino
1768 5431 1940 5502 nihil
1970 5433 2172 5502 nobis

621 5541 910 5632 prosint.
947 5538 1086 5608 lad
1126 5537 1436 5609 Corinth.
1489 5560 1634 5620 xm,
1677 5541 1718 5610 3
1752 5562 1769 5612 ε
1821 5542 1905 5612 Si
1940 5540 2172 5610 distri-

620 5645 827 5716 buero
860 5646 931 5713 in
960 5643 1148 5714 eibos
1168 5668 1561 5738 pauperum
1603 5669 1834 5717 omnes
1854 5649 2171 5739 faculta-

2311 1310 2516 1379 nibus
2538 1313 2868 1403 primitiae
2896 1318 3039 1384 Deo
3077 1327 3141 1383 et
3166 1320 3390 1407 Ayno.
3427 1316 3513 1386 Et
3543 1327 3702 1387 sunt
3730 1318 3863 1410 pri-

2313 1420 2523 1487 mitiae
2554 1423 2812 1511 gratiae,
2851 1422 3107 1492 scilicet
3134 1422 3455 1505 charitaS,
3488 1434 3557 1495 et
3585 1428 3860 1517 spiritus

2311 1524 2717 1595 dilectioniS.
2751 1529 2860 1597 Ad
2885 1529 3176 1599 Roman.
3211 1554 3359 1614 vm,
3393 1534 3520 1602 23:
3554 1534 3697 1601 Nos
3726 1533 3862 1625 ipsi

2303 1633 2657 1724 primitias
2700 1637 2987 1727 spiritus
3033 1636 3438 1709 habentes...
3492 1642 3681 1709 intra
3735 1662 3856 1707 nos

2304 1742 2667 1830 qemimus.
2747 1742 2829 1809 Et
2892 1751 3054 1811 sunt
3123 1746 3448 1836 primitiae
3533 1748 3851 1838 gloriosae

2308 1850 2841 1932 resurrectionis,
2929 1850 3183 1920 scilicet
3264 1851 3598 1923 Christus.
3660 1852 3690 1921 1
3767 1854 3853 1923 ad

2307 1953 2613 2025 Corinth.
2667 1979 2780 2036 xv,
2825 1958 2960 2025 20:
3008 1960 3322 2029 Christus
3381 1963 3758 2031 resurrexit
3807 1985 3851 2031 a

2306 2065 2618 2142 mortuis·‚
2646 2067 2976 2158 primitiae
3028 2067 3547 2154 dormientium,
3579 2069 3846 2163 supple,

2309 2174 2827 2265 resurgentium.
2891 2174 2974 2242 Et
3038 2185 3196 2244 sunt
3233 2180 3556 2269 primitiae
3595 2177 3852 2248 laboris

2304 2284 2369 2344 et
2427 2279 2838 2368 operationis
2903 2279 3125 2362 bonae,
3168 2282 3429 2353 scilicet
3483 2284 3846 2353 meliorum

2301 2382 2630 2452 virtutum
2699 2407 2928 2475 opera.
2988 2385 3089 2454 De
3143 2386 3251 2456 his
3287 2397 3517 2480 potest
3562 2388 3849 2481 intelligi

2304 2490 2488 2581 quod
2530 2489 2640 2559 hic
2692 2491 2957 2561 dicitur.
3021 2493 3227 2563 Eccli.
3270 2516 3479 2576 xxxx',
3527 2496 3608 2565 10
3642 2518 3659 2565 z
3692 2497 3846 2564 Non

2301 2599 2576 2666 minuas
2605 2601 2957 2690 primitias
2982 2625 3315 2671 manuum
3350 2613 3662 2675 tuarum.

2391 2954 2425 2993 ι
2457 2930 2552 2998 Et
2579 2926 2819 2996 edua-it
2845 2951 2988 2996 nos.
3025 2956 3057 2990 υ
3094 2927 3222 2998 Hic
3251 2929 3555 3012 tertium,
3597 2932 3667 2999 in
3706 2952 3842 3022 quo

2295 3043 2657 3127 postquam
2732 3034 3025 3103 ostendit
3081 3057 3202 3126 per
3256 3058 3432 3128 quos
3516 3037 3692 3107 facta
3755 3037 3843 3107 sit

2294 3139 2588 3223 eductio,
2639 3151 2708 3213 et
2743 3166 2863 3236 per
2917 3166 3092 3236 quae,
3135 3141 3247 3213 hic
3296 3145 3504 3214 tertio
3543 3144 3840 3215 ostendit

2295 3252 2448 3345 quis
2496 3255 2584 3320 sit
2620 3252 2950 3322 educendi
2998 3253 3293 3324 modus:
3349 3263 3418 3322 et
3457 3255 3841 3325 ostenditur

2292 3363 2361 3430 in
2394 3362 2683 3432 duobus.
2722 3363 2798 3432 ln
2828 3363 3217 3433 divitiarum
3240 3363 3832 3460 multiplicatione,

2292 3482 2360 3543 et
2414 3497 2776 3568 corporum
2852 3477 3163 3555 sanitate,
3236 3475 3355 3558 ibi,
3439 3501 3473 3543 e
3541 3478 3640 3547 Et
3701 3499 3837 3546 vion

2290 3591 2461 3651 erat.
2535 3607 2569 3649 n
2628 3583 2888 3653 Divites
2953 3585 3135 3653 enim
3199 3593 3267 3653 et
3332 3586 3481 3653 sani
3549 3585 3837 3677 ingressi

2288 3700 2473 3761 sunt.

2378 3804 2494 3871 Ait
2531 3825 2695 3896 ergo
2730 3827 2747 3873 :
2782 3801 2898 3873 Sic
2934 3802 3219 3897 Moysen
3249 3813 3317 3874 et
3344 3805 3580 3874 Aaron
3619 3805 3827 3884 misit.

2285 3931 2409 4001 per
2452 3912 2636 4004 ipsos
2673 3911 2837 3982 talia
2894 3920 2961 3980 et
3013 3920 3202 3981 tanta
3242 3909 3585 3981 mirabilia
3621 3910 3778 3982 iecit
3811 3933 3830 3982 ε

2290 4041 2324 4083 e
2365 4025 2433 4084 et
2465 4042 2499 4084 ι
2530 4026 2684 4110 post
2728 4047 2760 4081 ι
2817 4016 3059 4087 eduxit
3096 4040 3229 4100 eos,
3287 4043 3321 4085 ι
3381 4018 3467 4089 de
3495 4018 3829 4113 AEgypto.

2289 4153 2327 4193 α
2366 4150 2523 4197 cum
2571 4138 2853 4221 argento
2891 4138 2956 4197 et
3011 4151 3209 4209 auro.
3264 4155 3299 4194 ι
3343 4129 3430 4199 ab
3487 4128 3833 4222 AEgyptiis

2284 4241 2497 4331 petito
2528 4247 2595 4308 et
2633 4239 2940 4310 obtento.
2973 4239 3072 4310 De
3104 4239 3259 4323 hoc,
3303 4239 3524 4312 Exod.
3570 4264 3692 4324 xn,
3744 4243 3828 4312 35

2284 4355 2350 4416 et
2459 4347 2569 4429 30,
2664 4346 3011 4440 quomodo
3118 4346 3637 4441 postulaverunt
3743 4347 3830 4417 ab

2279 4451 2628 4548 AEgyptiis
2664 4477 2828 4525 vasa
2867 4476 3073 4524 aurea
3100 4462 3169 4526 et
3203 4463 3555 4547 argentea,
3606 4462 3675 4524 et
3727 4453 3826 4523 illi

2279 4563 2633 4646 dederunt,
2667 4573 2733 4635 et
2768 4589 2925 4635 cum
2955 4561 3062 4633 his
3109 4573 3559 4635 recesserunt.

3962 2969 4087 3037 87

2371 4675 2447 4745 ln
2485 4674 2616 4746 hoc
2643 4685 2870 4746 autem
2919 4674 3300 4746 ostenditur
3343 4676 3638 4770 qualiter
3690 4675 3825 4748 Do·
3900 4691 4125 4741 tuM-¹⁸·

3876 4745 4158 4804 Pauo-ophi

2280 4786 2510 4857 minus
2537 4809 2695 4856 suos
2725 4787 2807 4856 de
2837 4786 3093 4857 mundo
3138 4787 3347 4880 ejicit,
3396 4788 3643 4860 divites
3686 4792 3825 4859 sci-
3849 4800 4176 4914 fflffl

2279 4892 2435 4965 licet
2465 4896 2533 4964 in
2562 4918 2730 4965 auro
2762 4895 3007 4964 divinae
3036 4896 3413 4987 sapientiae,
3447 4903 3516 4968 et
3539 4904 3822 4990 argento
3891 4919 4137 4956 annom·

2277 5012 2612 5095 promptae
2664 5001 3088 5096 eloquentiae.
3142 5003 3241 5072 De
3300 5025 3598 5095 quorum
3642 5013 3823 5073 utro·

2279 5135 2436 5206 que,
2493 5112 2652 5198 Job,
2701 5136 2940 5194 xxvm,
3014 5113 3044 5181 ί
3096 5133 3113 5181 ε
3172 5110 3397 5181 Habet
3459 5122 3821 5205 arqentum

2280 5244 2606 5290 venarum
2639 5243 2929 5290 suarum
2977 5219 3356 5313 principia,
3399 5227 3465 5288 et
3501 5242 3675 5291 auro
3715 5221 3825 5292 lo·-

2277 5351 2396 5398 cus
2433 5337 2535 5398 est
2567 5330 2637 5398 in
2668 5352 2802 5422 quo
2846 5326 3217 5418 conflatur.
3273 5324 3520 5397 Genes.
3574 5352 3719 5411 xm,
3789 5332 3813 5398 ¹

2277 5444 2347 5506 et
2382 5438 2424 5505 2
2484 5459 2502 5506 ε
2579 5436 2899 5506 Ascendit
2953 5432 3214 5503 Abram
3280 5434 3365 5502 de
3416 5439 3819 5531 AEqypt0,..

2278 5543 2466 5614 dit-es
2495 5543 2698 5614 valde
2735 5544 2805 5612 in
2836 5542 3253 5635 possessione
3288 5546 3456 5613 auri
3478 5554 3547 5614 et
3580 5569 3824 5637 arqen-

2278 5652 2358 5722 ti.
2411 5650 2579 5733 Quae
2630 5651 2834 5721 etiam
2880 5649 3387 5743 quodammodo
3427 5651 3514 5722 ab
3549 5650 3824 5747 AEgyp-
