5008 6329
959 1308 1087 1374 42

945 5499 1070 5572 48

2032 227 2740 297 COMMENTARIUS
2792 225 2884 291 IN
2937 220 3370 290 PSALML'M
3435 217 3576 286 CV.

4314 215 4442 280 103

1226 409 1291 468 et
1354 400 1752 492 corporibus
1825 403 2072 469 nostris
2145 403 2616 470 dominantur.
2692 399 2775 465 Et
2883 397 3066 461 tione
3099 390 3184 458 ad
3214 390 3475 458 malum
3506 384 4057 456 recidivationis:
4092 382 4272 451 unde
4309 383 4444 451 duo

1227 508 1757 576 dominabantur
1834 510 2087 601 inique,
2161 510 2289 580 Isa.
2342 532 2453 590 mi,
2490 512 2580 577 5:
2626 508 2773 574 Do-

1226 615 1601 681 minatores
1676 615 1830 704 ejus
1902 602 2133 707 iiiique
2205 625 2445 706 ayunt.
2483 613 2567 679 Et
2604 611 2770 678 viles

1226 724 1343 811 qui
1419 722 1886 808 dominantur,
1953 725 2197 791 Thren.
2284 747 2351 803 v,
2405 724 2443 789 8
2509 746 2522 789 ε
2577 721 2771 789 Serri

1224 829 1571 898 dominati
1595 842 1757 900 sunt
1793 834 2010 900 nostri
2029 855 2051 899 .·
2109 855 2249 898 non
2275 832 2420 919 suit
2451 832 2576 919 qui
2613 831 2771 896 red-

1224 936 1461 1005 imeret
1492 938 1576 1006 de
1605 963 1818 1008 manu
1847 960 2103 1008 eorum.

1318 1300 1351 1333 «
1401 1273 1500 1340 E't
1537 1272 2067 1339 tribulaverunt.
2104 1300 2137 1334 »
2234 1272 2404 1341 Ecce
2460 1275 2759 1340 tertium.

1222 1378 1434 1458 Quasi
1476 1380 1728 1447 diceret
1789 1402 1804 1445 ε
1868 1378 1980 1448 Sic
2041 1379 2334 1457 tradidit,
2397 1389 2462 1448 et
2510 1381 2764 1446 inimici

1217 1495 1378 1554 sunt
1456 1486 1812 1565 dominati,
1873 1488 1994 1557 sed
2038 1509 2177 1556 non
2249 1488 2549 1578 pacifice,
2627 1490 2764 1554 imo

1219 1620 1253 1657 «
1296 1602 1360 1659 et
1399 1592 1906 1662 tribulaverunt
1971 1619 2103 1675 eor,
2148 1622 2182 1658 n
2234 1594 2599 1685 affligendo
2659 1595 2768 1661 in-

1217 1697 1471 1781 debite,
1562 1727 1593 1762 a
1661 1701 1923 1767 inimici
1959 1723 2191 1768 eorum
2224 1724 2246 1767 .·
2309 1730 2341 1762 υ
2385 1709 2458 1767 ut
2487 1710 2762 1791 possent

1212 1804 1438 1873 dicere
1466 1807 1798 1874 veraciter
1827 1807 1992 1873 illud
2047 1805 2386 1884 Psal.x1.1,
2436 1808 2510 1873 11
2563 1809 2765 1874 :Es-

1205 1916 1713 2007 probraverunt
1781 1918 1952 1985 mihi
2032 1921 2154 2008 qui
2242 1917 2586 1986 tribulant
2661 1941 2765 1985 me

1212 2027 1484 2096 inimici
1532 2030 1694 2097 mei.

1302 2271 1336 2307 α
1371 2245 1468 2310 Et
1519 2243 1881 2311 humiliati
1927 2253 2112 2311 sunt.
2178 2270 2210 2308 ιι
2275 2244 2399 2312 llic
2451 2246 2756 2324 tertium,

1210 2349 1467 2419 scilicet
1516 2351 1820 2441 ipsorum
1858 2348 2242 2419 humiliatio
2273 2351 2399 2419 suh
2438 2352 2755 2430 iuimiciS,

1208 2469 1363 2552 post
1390 2463 1844 2554 punitionem.
1896 2462 1978 2530 Et
2010 2462 2140 2531 hoc
2173 2462 2494 2531 relatione
2526 2463 2612 2531 ad
2641 2463 2761 2531 du-

2880 508 3280 590 tanguntur.
3334 498 3597 573 Prim0,
3643 516 3885 563 eorum
3936 490 4332 560 recidivatio
4372 492 4442 557 in

2879 606 3173 697 culpam.
3240 604 3583 680 Secunde,
3644 624 3847 693 poena
3878 608 4154 691 propter
4220 595 4435 674 illam,

2878 717 2994 793 ibi,
3042 748 3072 780 «
3101 720 3198 786 Et
3226 713 3593 783 humiliati
3628 721 3813 779 sunt.
3864 736 3897 777 r

2963 830 3079 897 Ait
3118 850 3339 917 ergo:
3409 825 3525 893 Sic
3599 823 3834 891 afflicti
3902 824 4067 912 quia
4131 820 4433 912 ingrati:

2880 969 2913 1002 «
2985 943 3118 1030 ipsi
3184 947 3421 1006 autem
3494 933 4074 1003 exacerbaverunt
4155 955 4335 1009 eum,
4393 958 4421 994 n

2874 1057 3148 1138 peccata
3201 1047 3543 1125 iterando,
3587 1053 3654 1114 et
3728 1043 3886 1124 hoc,
3924 1067 3958 1109 α
4002 1044 4074 1108 in
4145 1041 4434 1110 consilio

2871 1179 3021 1235 suc,
3069 1180 3103 1221 n
3137 1177 3223 1223 ex
3252 1163 3437 1222 certa
3475 1152 3992 1228 deliberatione,
4038 1157 4106 1216 et
4143 1170 4437 1238 praeme-

2873 1267 3226 1335 ditatione.
3300 1263 3728 1349 Baruch,1v,
3764 1264 3802 1330 Ἰ
3854 1286 3869 1330 :
3943 1260 4436 1330 Exacerbastis

2871 1395 3026 1439 eum
3112 1374 3237 1463 qui
3290 1373 3456 1461 fecit
3550 1393 3692 1448 voa,
3773 1370 3996 1436 Deum
4062 1377 4428 1449 aeternum,

2873 1480 3311 1547 immolantes
3385 1478 3769 1554 daemoniis,
3820 1485 3884 1543 et
3933 1499 4070 1542 non
4107 1476 4277 1542 Deo.
4311 1473 4433 1540 Je-

2871 1614 3036 1657 rem.
3112 1614 3327 1667 xxxu,
3392 1591 3476 1657 30
3539 1612 3554 1655 t
3608 1591 3839 1656 Erant
3901 1586 4044 1675 filii
4100 1585 4324 1652 Israel
4368 1595 4432 1651 et

2866 1702 3010 1789 filii
3052 1701 3244 1769 luda
3282 1700 3564 1791 juqiter
3616 1701 3951 1789 facientes
4039 1697 4308 1764 malum
4360 1696 4430 1760 in

2868 1809 3087 1876 oculis
3115 1810 3283 1875 meis
3312 1808 3399 1876 ab
3457 1807 3918 1876 adolescentia
3944 1827 4119 1872 sua:
4156 1803 4301 1893 filii
4335 1803 4432 1869 Is-

2868 1919 3039 1999 rael,
3082 1919 3207 2010 qui
3246 1941 3462 2009 usque
3523 1940 3708 1986 nunc
3765 1914 4308 1984 exarcebantme
4355 1914 4424 1979 in

2867 2054 3063 2123 opere
3090 2053 3426 2099 manuum
3456 2052 3776 2097 suarum.

2957 2163 2989 2203 ι
3032 2140 3127 2205 Et
3162 2138 3528 2205 humiliati
3554 2145 3741 2213 sunt,
3769 2165 3801 2198 w
3840 2133 3974 2204 hoc
3993 2133 4228 2212 modo,
4285 2158 4317 2198 ι
4352 2134 4423 2199 ire

2867 2247 3354 2339 iniquitatibus
3389 2249 3559 2326 suis,
3618 2272 3651 2313 n
3714 2245 3782 2313 id
3812 2252 3940 2323 est,
3983 2253 4262 2334 propter
4301 2243 4426 2309 ini-

2864 2357 3157 2447 quitates
3186 2379 3370 2424 suas,
3435 2353 3618 2422 l’sal.
3688 2374 3915 2427 cxvm,
3962 2352 4044 2418 67
4090 2372 4107 2416 ε
4174 2350 4426 2418 Prius-

2861 2491 3072 2558 quam
3133 2466 3573 2543 humiliarer,
3682 2461 4159 2531 humiliatione
4233 2461 4423 2547 deje-

1209 2571 1367 2663 plex
1399 2572 1657 2641 malum
1690 2575 2018 2665 ipsorum.
2067 2575 2319 2652 Primo,
2366 2575 2450 2642 ad
2501 2575 2756 2641 malum
2860 2575 3103 2642 ctionis
3142 2583 3207 2642 et
3240 2573 3558 2651 miserim,
3592 2594 3715 2662 eqo
3781 2569 4074 2661 deliqui.
4132 2568 4215 2636 Et
4252 2576 4416 2635 uota
4447 2602 4605 2650 nomo
4625 2603 4768 2649 „1⁶0

4474 2659 4750 2704 humiliatur

1210 2681 1742 2771 ingratitudini&
1783 2682 2120 2762 Secundo,
2154 2683 2238 2749 ad
2278 2683 2534 2750 malum
2586 2683 2760 2750 reri·
2861 2680 2993 2753 hic.
3039 2680 3221 2771 quod
3251 2677 3659 2746 humiliatur
3713 2676 4006 2744 multum
4049 2673 4258 2741 homo
4300 2697 4420 2763 per
4465 2723 4551 2769 p„
4580 2723 4748 2768 pecc·-

1205 2785 1602 2868 divationis,
1635 2788 1755 2871 ibi,
1808 2790 1875 2856 in
1943 2790 2166 2857 medio
2222 2798 2283 2865 5.
2319 2793 2401 2857 43
2448 2813 2464 2860 ε
2548 2817 2579 2854 ι
2616 2792 2758 2883 Ipsi

1205 2905 1442 2964 autem
1505 2897 2098 2964 exacerbaverunt.
2138 2924 2171 2963 ι

1296 3002 1374 3072 ln
1429 3005 1649 3095 prima
1707 3003 1868 3072 duo.
1929 3004 2187 3088 l‘rimO,
2241 3006 2542 3095 tangitur
2597 3006 2755 3073 illo-

1203 3133 1356 3180 rum
1408 3109 1718 3191 directio,
1799 3121 1863 3180 et
1921 3109 2331 3181 humiliatio.
2405 3112 2747 3193 Secundo,

1202 3223 1403 3300 ratio,
1457 3221 1716 3291 scilicet
1774 3223 2212 3313 ingratitudo,
2273 3222 2392 3302 ihi,
2461 3232 2524 3299 ς.
2598 3225 2682 3291 43
2731 3248 2745 3292 ε

1204 3358 1239 3395 α
1270 3332 1472 3423 Saepe
1511 3328 1854 3400 liberavit.
1893 3361 1926 3393 n

1289 3439 1471 3509 Dicit
1501 3462 1667 3532 ergo
1702 3461 1719 3510 ε
1766 3440 1880 3509 Sic
1908 3440 2137 3509 afflicti
2175 3452 2334 3509 suut
2388 3441 2475 3509 ab
2522 3442 2750 3511 inimi-

1197 3547 1322 3625 cia,
1359 3572 1393 3613 ι
1431 3556 1498 3615 et
1538 3571 1573 3613 ι
1616 3556 1770 3638 post
1799 3549 2053 3624 omnia,
2093 3575 2127 3613 ι
2168 3549 2531 3616 ΙιιιηιὶΙίαΙί
2588 3560 2752 3618 suut

1193 3653 1325 3725 sub
1365 3653 1692 3724 manibus
1747 3679 2006 3725 eorum.
2054 3682 2088 3722 ι
2151 3655 2406 3726 Verum
2461 3667 2586 3726 est.
2644 3659 2752 3727 Je-

1199 3786 1371 3833 rein.
1405 3786 1504 3846 vt,
1574 3765 1660 3833 23
1729 3787 1745 3833 ε
1803 3766 2029 3857 Super
2083 3789 2288 3856 equos
2362 3766 2745 3850 ascendent,

1191 3874 1582 3965 proeparati
1607 3874 1811 3964 quasi
1839 3873 1945 3941 vir
1970 3871 2067 3940 ad
2109 3872 2437 3965 praetium
2506 3874 2752 3942 adver-

1197 4002 1355 4048 sum
1384 3990 1475 4059 te,
1514 3978 1678 4070 fitia
1735 3980 1927 4049 Sion.
1973 3978 2081 4058 Et,
2123 3987 2188 4056 5.
2230 3981 2316 4047 24
2363 4005 2378 4049 ε
2426 3980 2751 4051 Tribulu-

1204 4085 1303 4153 tio
1332 4085 1787 4178 apprehendit
1856 4108 2000 4163 nos,
2061 4085 2331 4154 dolores
2398 4097 2474 4154 ut
2492 4098 2752 4180 partu-

1200 4193 1510 4260 rimtm.
1550 4189 1775 4260 Judic.
1831 4214 1925 4271 vi,
1994 4194 2036 4260 o
2104 4215 2121 4260 ε
2181 4194 2619 4263 Ilumitiatus
2654 4204 2751 4263 est

1202 4299 1431 4370 Israel
1484 4297 1694 4369 valde
1756 4301 1826 4367 in
1881 4311 2240 4392 conspectu
2312 4304 2632 4378 Madian,
2684 4313 2751 4372 et

1202 4406 1335 4477 hoe
1389 4407 1577 4498 juste
1680 4406 1931 4475 tactum
2033 4416 2162 4491 est,
2246 4408 2512 4500 supple,
2590 4412 2751 4500 quia

1204 4538 1237 4580 ι
1290 4537 1471 4607 saepe
1509 4513 1828 4583 liberavit
1864 4537 1999 4597 eos,
2045 4540 2078 4580 s
2138 4524 2205 4584 et
2230 4538 2472 4607 parum
2504 4515 2745 4585 valuit.

1195 4620 1662 4708 Judic.m,t5:
1709 4622 2195 4694 Clamaverunt
2221 4626 2320 4692 ad
2344 4626 2745 4704 Dominum,

1199 4730 1326 4823 qui
1349 4730 1710 4799 suscitavit
1763 4732 1860 4798 eis
1884 4730 2322 4810 salvatorem,
2386 4741 2452 4800 et
2509 4732 2752 4802 libera-

1199 4837 1298 4905 vit
1326 4860 1472 4907 eoo.
1513 4836 1625 4921 Et,
1657 4836 1934 4920 ibidem,
1965 4861 2061 4922 vi,
2092 4844 2133 4908 9
2172 4847 2238 4907 et
2292 4842 2370 4907 10
2404 4862 2420 4908 :
2468 4840 2749 4910 Libera-

1199 4946 1292 5027 vi,
1335 4968 1464 5015 vos
1501 4944 1784 5026 scilicet,
1841 4943 1926 5014 de
1960 4968 2175 5014 manu
2241 4949 2746 5040 squptiorum

1197 5066 1264 5124 et
1318 5058 1637 5127 omnium
1682 5058 2119 5126 inimicorum
2164 5062 2291 5151 qui
2344 5059 2752 5153 affliqebant

1201 5185 1400 5235 vos...
1434 5167 1530 5236 Et
1571 5165 1894 5235 notuistis·
1938 5166 2184 5236 audire
2236 5191 2457 5236 vocem
2496 5193 2744 5238 meam.

1311 5520 1342 5558 ι
1386 5493 1534 5586 Ipsi
1586 5503 1818 5563 autem
1878 5493 2471 5564 exacerbaverunt.
2532 5522 2564 5556 ιι
2624 5493 2748 5563 llic

1209 5600 1515 5691 tangitur
1564 5597 2057 5671 humiliationis
2127 5625 2328 5694 poena
2403 5623 2751 5690 compara·

2857 2797 3237 2879 peccatum.
3277 2786 3547 2867 Primo,
3590 2785 3674 2852 de
3722 2783 3934 2852 divite
3995 2783 4069 2850 iit
4124 2804 4412 2872 pauper,

2856 2895 3140 2986 Apocal.
3178 2917 3275 2972 ιιι,
3334 2895 3412 2961 17
3450 2916 3466 2961 ε
3517 2894 3701 2979 Quia
3731 2892 3907 2960 dicis
3936 2915 3960 2958 .·
4004 2890 4209 2976 Quod
4232 2889 4418 2958 dives

2852 3027 3034 3081 stem,
3091 3015 3155 3071 et
3195 3001 3693 3095 locupletatuS,
3762 3008 3829 3067 et
3875 2998 4149 3067 stultius
4195 3021 4353 3087 eqco
4394 3020 4418 3064 .·

2854 3126 2917 3185 et
2945 3118 3157 3186 nescis
3193 3117 3362 3209 quia
3418 3125 3495 3182 tu
3526 3138 3593 3183 es
3625 3114 3856 3193 miser,
3882 3121 3946 3181 et
3975 3108 4414 3188 miserabilis,

2857 3234 2920 3292 ct
2943 3247 3242 3317 pauper,
3288 3234 3353 3291 et
3405 3245 3644 3302 caecus,
3685 3231 3749 3288 et
3804 3220 4060 3288 medus.
4111 3218 4211 3287 De
4261 3240 4418 3308 rege

2850 3341 3178 3401 coronato
3237 3329 3312 3399 fit
3353 3329 3684 3408 ribalduS,
3722 3328 3885 3412 sot»,
3929 3350 4050 3405 xu,
4090 3327 4170 3393 18
4200 3348 4216 3394 ε
4252 3326 4420 3394 Bat-

2853 3453 3035 3512 tcmn
3079 3465 3319 3535 requm
3380 3440 3701 3510 dissolvit
3736 3463 3761 3509 .·
3809 3448 4091 3531 propter
4140 3443 4419 3529 peccata

2856 3553 3187 3642 ipsorum,
3223 3561 3288 3617 et
3308 3550 3679 3643 precitiyit
3713 3551 3913 3638 lune,
3959 3548 4132 3615 sicut
4207 3545 4421 3614 ribal-

2853 3658 3006 3741 dus,
3038 3682 3227 3727 renes
3256 3680 3518 3726 corum.
3573 3655 3674 3725 De
3748 3654 3968 3724 libero
4006 3654 4082 3721 fit
4146 3676 4412 3733 servus,

2850 3767 3052 3836 Joan.
3097 3789 3244 3847 vui,
3279 3766 3365 3833 34
3401 3789 3417 3835 ε
3457 3766 3597 3851 Qui
3629 3765 3808 3854 facit
3849 3772 4233 3855 peccatum,
4272 3784 4415 3829 ser·

2854 3897 2977 3943 vus
3003 3883 3101 3941 est
3124 3873 3391 3964 peccati
3423 3894 3445 3939 .·
3485 3880 3552 3939 et
3582 3869 3700 3939 tali
3730 3892 3998 3949 servuS,
4040 3869 4156 3960 qui
4223 3867 4414 3935 nullo

2854 3990 3077 4073 potest
3121 3979 3376 4071 placari
3446 3978 3809 4069 obsequio.
3859 3976 3964 4045 De
4036 3973 4308 4044 haerede
4341 3974 4415 4042 lit

2852 4089 3347 4172 exhaeredatus,
3403 4088 3492 4157 ad
3529 4087 3781 4179 Ephes.
3841 4109 3914 4170 ν,
3982 4089 4075 4155 5:
4172 4084 4415 4154 Omnis

2850 4200 3262 4289 lentie-ator,
3297 4206 3425 4264 aut
3467 4192 3899 4274 immundus,
3950 4204 4075 4262 aut
4129 4214 4413 4273 avarus,

2851 4303 3041 4399 quod
3070 4314 3166 4374 est
3217 4302 3572 4372 idolorum
3634 4304 3957 4383 servitus,
4019 4325 4155 4370 nori
4210 4297 4418 4369 habet

2852 4411 3320 4481 lea-reditatem
3393 4413 3464 4480 in
3531 4432 3741 4501 reqno
3811 4408 4074 4480 Christi
4137 4416 4202 4475 et
4251 4408 4408 4476 Dei.

2851 4521 2952 4591 De
2991 4522 3207 4591 milite
3264 4529 3333 4590 et
3399 4518 3615 4588 nobili
3691 4521 3768 4586 tit
3807 4516 4131 4609 ignobilis
4178 4527 4246 4584 et
4301 4539 4454 4584 ru·-

2852 4631 3087 4715 sticus,
3129 4626 3156 4695 1
3197 4626 3369 4718 [teg.
3422 4650 3494 4712 ιι,
3544 4627 3632 4696 30
3674 4649 3690 4694 :
3740 4627 4174 4718 Quicumque
4193 4625 4418 4718 qlori·

2849 4739 3160 4830 ficaverit
3214 4758 3349 4815 me,
3395 4731 3812 4826 qtorificabo
3840 4756 3998 4803 eum
4031 4758 4054 4802 .·
4105 4734 4231 4824 qui
4285 4758 4414 4803 au-

2853 4857 2986 4916 tem
3022 4855 3467 4915 contemnunt
3497 4867 3628 4925 me,
3668 4852 3873 4912 erunt
3900 4841 4263 4935 iqnobites.
4308 4843 4410 4914 De

2852 4953 3202 5024 sacerdote
3265 4954 3342 5022 fit
3388 4950 3829 5044 degradatus,
3873 4949 4120 5021 ll’etr.
4192 4975 4265 5034 ιι,
4316 4955 4411 5023 9:

2866 5065 2989 5132 Vos
3022 5084 3242 5154 qenus
3269 5060 3589 5142 electum,
3635 5058 3872 5151 reqate
3918 5059 4413 5141 sacerdotium,

2853 5169 3101 5239 dicitur
3157 5167 3294 5238 illis
3379 5169 3497 5260 qui
3562 5174 3725 5237 sunt
3793 5168 3864 5234 in
3930 5171 4177 5259 gratia.
4250 5167 4413 5246 Sed,

2853 5276 3052 5357 Osee,
3088 5299 3183 5360 iv,
3217 5278 3300 5345 0:
3343 5276 3527 5360 Quia
3547 5284 3627 5343 tu
3665 5274 4030 5343 scientiam
4060 5276 4409 5368 repulisti,

2853 5384 3190 5479 repellam
3221 5393 3310 5466 te,
3340 5406 3427 5451 ne
3460 5381 3847 5451 sacerdotio
3894 5382 4225 5474 sunqaris
4282 5384 4423 5452 mi-

2851 5494 2949 5562 lii.
2997 5492 3128 5563 Isa.
3172 5514 3342 5572 xxti,
3418 5491 3498 5559 19
3534 5514 3551 5561 ε
3598 5489 3982 5583 Expellam
4039 5500 4103 5558 te
4140 5490 4226 5559 de
4268 5500 4421 5559 sta-

2852 5602 3035 5669 tione
3061 5611 3221 5681 tua,
3281 5599 3528 5668 dieitur
3570 5598 3907 5690 peccanti.
3988 5597 4090 5667 De
4158 5594 4415 5689 templo

4551 2772 4668 2814 lum·
