5008 6329
1816 329 2529 405 COMMENTARIUS
2580 330 2672 397 ΙΝ
2719 328 3152 397 PSALMUM
3206 328 3583 398 CXXXVI.

1112 500 1404 590 Propter
1434 503 2055 585 infructiositatem,
2117 505 2205 573 ad
2234 504 2528 572 Roman.
2571 522 2666 579 vl,

1114 609 1194 674 21
1244 631 1258 674 :
1307 610 1522 693 Quem
1584 617 1899 702 fructum
1973 613 2316 681 habuistis
2376 618 2537 675 tunc
2602 610 2672 674 in

1116 714 1267 784 illis
1299 719 1368 784 in
1399 720 1650 810 quibus
1679 745 1862 788 nunc
1901 719 2292 788 erubescitis
2318 715 2358 783 ?
2384 715 2671 804 Propter

1115 820 1426 892 humoris
1458 827 1620 894 mali
1659 826 2179 902 abundantiam,
2211 822 2369 901 Job,
2402 844 2512 902 xn,
2543 821 2622 888 16
2649 841 2662 886 :

1113 932 1261 1000 Sub
1296 933 1542 1001 umbra
1572 935 1852 1013 dormit,
1890 936 1962 1000 in
1989 941 2238 1000 secreto
2284 930 2544 999 calami
2608 940 2670 997 et

1115 1041 1188 1106 in
1223 1040 1386 1108 locis
1440 1041 1907 1111 humentibus.
1944 1040 2031 1107 Et
2085 1062 2382 1118 rursum,
2426 1045 2489 1114 5.
2541 1040 2662 1105 17:

1117 1146 1658 1216 Circumdabunt
1698 1171 1879 1226 eum,
1939 1145 2323 1216 Behemoth
2383 1146 2662 1223 scilicet,

1110 1254 1355 1321 salices
1430 1256 1774 1321 torrentis.
1861 1254 2154 1345 Propter
2253 1252 2665 1320 viriditatem

1114 1384 1321 1451 quam
1362 1361 1616 1429 habent
1657 1364 1725 1428 in
1763 1362 1970 1444 foliis,
2030 1361 2163 1430 hoc
2206 1370 2331 1445 est,
2381 1361 2452 1428 in
2508 1383 2668 1427 ver-

1111 1465 1243 1549 bis,
1307 1467 1619 1557 quamvis
1695 1469 1832 1535 sint
1896 1470 2041 1537 sine
2109 1469 2352 1536 fructu.
2418 1465 2660 1534 GeneS.

1109 1597 1322 1654 xxvu,
1366 1576 1496 1642 22:
1544 1576 1686 1643 Vox
1730 1576 2034 1667 quidem,
2067 1598 2203 1644 vox
2262 1573 2474 1643 Jacob
2542 1582 2663 1652 est,

1105 1681 1228 1748 sed
1252 1704 1526 1760 manus,
1561 1706 1812 1750 manus
1846 1694 2011 1751 sunt
2048 1687 2266 1751 Esau.
2332 1682 2455 1748 Hae
2503 1680 2666 1747 sali-

1108 1812 1219 1858 ces
1277 1791 1349 1858 in
1416 1793 1643 1860 medio
1702 1790 2080 1882 Babylonis
2147 1798 2331 1870 sunt,
2391 1788 2663 1881 quando

1104 1899 1410 1966 maximo
1460 1921 1692 1967 amore
1725 1899 2062 1967 mundum
2092 1899 2410 1990 diligunt,
2447 1906 2512 1967 et
2537 1898 2665 1988 spi-

1106 2006 1379 2075 ritualia
1416 2014 1890 2075 contemnunt.
1927 2007 2008 2075 ln
2045 2005 2152 2075 his
2190 2007 2664 2098 suspendenda

1105 2122 1265 2181 sunt
1291 2135 1573 2205 organa,
1609 2115 1770 2205 quia
1809 2116 1879 2180 in
1913 2113 2162 2182 talibus
2190 2114 2665 2205 suspendenda

1106 2228 1209 2288 est
1250 2220 1638 2311 praedicatio
1663 2220 1746 2288 de
1777 2219 2110 2311 spirituali
2140 2219 2395 2289 laetitia.
2417 2220 2657 2290 Matth.

1103 2353 1224 2408 vn,
1269 2332 1351 2398 6:
1390 2330 1621 2398 Nolite
1646 2338 1965 2397 sanctum
1997 2330 2165 2397 dare
2199 2330 2511 2412 canibuS,
2554 2355 2663 2399 ne-

1102 2461 1237 2530 que
1313 2440 1608 2508 mittatis
1692 2440 2120 2531 marqaritas
2188 2449 2444 2509 vestras
2504 2451 2664 2510 ante

1095 2571 1368 2640 porcos.

1196 2893 1231 2928 α
1271 2866 1451 2949 Quia
1500 2863 1675 2933 illic.
1730 2893 1763 2928 »
1827 2865 1951 2934 Hic
1999 2865 2399 2934 secundum.
2454 2865 2658 2934 Post-

1103 2995 1310 3064 quam
1342 2974 1524 3041 enim
1565 2974 1898 3062 expressit
1935 2974 2310 3059 miseriam,
2353 2981 2419 3040 et
2450 2974 2658 3041 mise-

1103 3081 1219 3148 riae
1276 3082 1881 3172 exaggerationem
1945 3080 2014 3147 in
2082 3078 2486 3172 Babylonia,
2546 3079 2656 3149 hic

1098 3188 1453 3278 subjungit
1505 3210 1809 3267 causam,
1862 3196 1929 3255 et
1999 3189 2222 3269 ssetus,
2265 3197 2331 3257 et
2367 3211 2653 3280 suspen-

1098 3298 1312 3364 sionis
1351 3319 1795 3388 organorum,
1838 3296 2095 3365 scilicet
2130 3297 2460 3366 ironicam
2500 3321 2655 3367 car-

1097 3404 1360 3473 nalium
1393 3414 1458 3472 et
1516 3404 1803 3473 salicum
1863 3406 2515 3496 interrogationem:
2587 3415 2652 3474 et

1099 3521 1327 3581 tamen
1359 3535 1443 3579 ne
1478 3511 1713 3579 Sancti
1742 3512 2109 3580 videantur
2147 3514 2432 3580 omnino
2482 3535 2652 3581 con-

1095 3620 1250 3696 fusi,
1308 3620 1712 3712 prudentem
1789 3643 2030 3689 eorum
2106 3621 2645 3712 responsionem.

1092 3729 1247 3797 Duo
1277 3752 1439 3819 ergo
1470 3729 1790 3798 dicuntur
1816 3729 1887 3795 in
1935 3727 2065 3797 hac
2109 3738 2324 3819 parte.
2383 3728 2643 3811 Primo,

1089 3837 1458 3906 stultorum
1518 3838 1824 3906 irrisoria
1867 3837 2107 3928 petitio
2139 3860 2179 3905 a
2206 3838 2482 3908 sanctis.
2521 3839 2639 3907 Se-

1087 3949 1340 4031 cundo,
1383 3948 1680 4040 prudens
1729 3950 2040 4039 ipsorum
2089 3951 2469 4040 responsio,
2520 3949 2639 4032 ibi,

1084 4065 1148 4134 5.
1186 4057 1269 4124 4:
1318 4084 1351 4119 α
1400 4054 1757 4141 Quomodo
1786 4054 2223 4123 cantabimus
2247 4054 2290 4124 ?
2327 4080 2361 4122 s

1173 4163 1253 4231 In
1283 4163 1504 4253 prima
1548 4160 1711 4231 duc.
1775 4161 2040 4246 Primo,
2093 4162 2351 4231 ironica
2408 4170 2643 4254 postu·

1084 4272 1252 4340 latio
1282 4270 1707 4339 canticorum
1772 4267 1860 4336 ab
1926 4269 2218 4339 afflictis.
2292 4269 2638 4353 Secundo,

1081 4379 1494 4473 specificatio
1551 4376 1829 4446 illorum
1878 4378 2298 4446 canticorum
2346 4377 2432 4447 ad
2488 4380 2639 4447 irri-

1080 4489 1349 4557 sionem
1382 4487 1744 4577 majorem,
1778 4484 1902 4566 ibi,
1936 4514 1972 4550 α
2013 4487 2112 4554 Et
2160 4487 2287 4579 qui
2331 4485 2640 4556 abduxe-

1081 4602 1248 4662 runt
1276 4613 1423 4659 nos.
1455 4618 1487 4656 ιι

1170 4702 1251 4771 In
1288 4701 1509 4793 prima
1566 4702 1873 4792 tangitur
1924 4699 2228 4771 conditio
2279 4700 2641 4793 postulan-

1079 4813 1281 4889 tium,
1324 4811 1573 4902 primo.
1620 4806 1969 4892 Secund0,
2003 4808 2168 4899 quid
2204 4816 2466 4901 petant,
2513 4810 2633 4891 ibi,

1083 4947 1118 4988 ι
1167 4918 1401 4989 Verba.
1445 4946 1478 4980 ιο

1170 5029 1349 5097 Dicit
1415 5048 1624 5118 ergo:
1698 5024 1814 5094 Sic
1870 5025 2213 5106 flevimus,
2242 5027 2338 5097 sic
2377 5049 2636 5119 organa

1077 5136 1601 5229 suspendimus:
1646 5155 1773 5202 nec
1803 5133 2082 5215 mirum,
2119 5159 2154 5200 ι
2186 5135 2355 5226 quia
2385 5134 2561 5215 illic,
2595 5158 2631 5200 ι

1075 5246 1149 5314 ἰιι
1202 5240 1557 5334 Babylone
1613 5238 1896 5320 scilicet,
1941 5263 1975 5304 ι
2048 5240 2638 5331 interroqaverunt

1075 5375 1225 5436 nos,
1262 5379 1295 5417 n
1330 5349 1396 5419 id
1429 5357 1557 5429 est,
1599 5346 1945 5438 petierunt
1998 5369 2040 5415 a
2113 5348 2335 5426 nobis,
2409 5373 2444 5414 ι
2513 5351 2637 5439 qui

1076 5461 1382 5552 captivos
1419 5458 1770 5526 duxerunt
1795 5477 1946 5535 nos,
1984 5481 2020 5519 n
2087 5455 2287 5525 nobis
2344 5456 2637 5525 irriden-

1076 5578 1204 5638 tes.
1240 5566 1327 5635 Et
1340 5563 1505 5657 quid
1523 5565 1560 5632 ⁴?
1587 5591 1625 5629 α
1663 5561 1878 5633 Verba
1906 5566 2330 5634 cantionum.
2359 5589 2395 5631 ι
2420 5562 2631 5646 Quasi

1079 5700 1121 5747 a
1145 5673 1505 5766 captivatis
1569 5679 1751 5741 esset
1808 5669 2183 5739 laetandum
2229 5680 2297 5741 et
2339 5680 2634 5741 cantan-

1325 5830 1443 5874 XVI!

4202 328 4328 396 433

2780 500 2967 584 dum,
3005 524 3143 568 non
3177 503 3395 591 magis
3423 500 3856 592 plorandum.
3911 497 4024 567 Sic
4073 499 4326 566 daemo-

2778 629 2896 671 nes
2936 608 3310 694 captivatos
3340 607 3581 675 volunt
3611 630 3750 675 non
3781 629 4013 674 curare
4078 606 4161 673 de
4206 627 4329 705 sua

2778 716 3188 804 captivitate,
3250 724 3317 784 et
3390 721 3740 800 servitute,
3801 717 3882 785 de
3914 738 4074 806 qu0,
4119 716 4320 783 Joan.

2775 847 2917 907 vm,
2964 826 3086 892 34:
3125 826 3262 910 Qui
3294 828 3471 917 facit
3498 836 3878 918 peccatum,
3937 848 4172 892 servus
4228 835 4327 892 est

2768 937 3049 1026 peccati.
3122 936 3270 1005 Hoc
3337 918 3794 1026 significatum
3858 935 4009 1014 fuit,
4073 934 4318 1002 GeneS.

2773 1065 3003 1119 xxxw,
3031 1043 3094 1119 3,
3149 1041 3267 1108 ubi
3299 1042 3567 1121 dicitur,
3596 1042 3781 1132 quod
3814 1038 4115 1121 Sichem,
4142 1040 4321 1107 {ilius

2774 1147 3057 1231 Hemor‚
3099 1157 3491 1238 corruptam
3520 1149 3771 1216 Dinam
3812 1147 4158 1215 blanditiis
4204 1146 4327 1214 de-

2773 1252 3016 1320 linivit.
3065 1254 3403 1322 Dominus
3470 1263 3701 1322 autem
3757 1277 3899 1322 non
3964 1261 4168 1320 vocat
4242 1252 4328 1319 ad

2772 1362 3134 1439 canticum,
3179 1361 3297 1430 sed
3347 1363 3522 1431 sicut
3576 1362 3760 1444 dicit,
3803 1360 3934 1429 Isa.
3979 1384 4147 1440 xxu,
4188 1362 4267 1427 12
4306 1383 4320 1428 :

2771 1470 2866 1535 Et
2903 1468 3169 1536 vocabit
3212 1472 3558 1538 Dominus
3614 1473 3800 1538 Deus
3865 1470 4322 1536 excercituum

2773 1575 2844 1639 in
2873 1573 2984 1640 die
3012 1573 3144 1641 illa
3179 1576 3277 1642 ad
3316 1576 3586 1666 fletum,
3640 1585 3703 1643 et
3767 1576 3864 1644 ad
3928 1577 4320 1667 planctum,
4414 1574 4420 1579 ’

2771 1680 2867 1748 ad
2900 1681 3283 1762 calvitium,
3320 1683 3511 1752 etad
3551 1683 3908 1775 cingulum
3953 1686 4154 1752 sacci.
4198 1683 4324 1751 Je-

2769 1813 2936 1858 rem.
3000 1815 3160 1872 xxV,
3229 1796 3350 1863 10:
3423 1794 3724 1862 Perdam
3780 1817 3865 1862 ex
3926 1796 4021 1862 eis
4095 1817 4323 1862 vocem

2764 1902 3037 1990 qaudii.
3067 1900 3304 1971 Jacob.
3340 1925 3434 1982 iv,
3470 1904 3509 1972 9
3538 1903 3818 1970 :Miseri
3846 1911 4075 1981 estote,
4102 1910 4165 1968 et
4196 1902 4319 1970 lu-

2764 2019 2934 2100 qete.

2859 2249 2891 2284 «
2936 2224 3030 2289 Et
3066 2223 3189 2312 qui
3252 2220 3715 2290 abduxerunt.
3757 2245 3789 2287 ι
3868 2221 3999 2290 Hic
4055 2222 4320 2312 specifi-

2764 2337 2893 2408 cat,
2930 2328 3113 2420 quod
3145 2330 3511 2407 canticum,
3544 2329 3654 2398 vel
3722 2351 3931 2420 quam
3994 2328 4320 2420 petebant

2763 2439 3245 2506 cantationem.

2853 2546 2967 2612 Ait
3004 2546 3186 2612 enim
3238 2567 3254 2612 :
3293 2571 3326 2608 α
3351 2547 3450 2613 Et
3475 2546 3598 2636 qui
3654 2544 4094 2615 abduxerunt
4120 2570 4245 2614 nos
4280 2570 4312 2612 t

2763 2650 2844 2718 de
2917 2658 3097 2719 terra
3178 2658 3434 2730 nostra,
3514 2651 3858 2741 petebant,
3929 2652 4230 2721 dicentes
4295 2678 4314 2725 :

2766 2781 2800 2822 ι
2832 2759 3187 2848 Ilymnum
3217 2766 3489 2826 cantate
3532 2758 3752 2839 nobis,
3804 2787 3832 2823 α
3874 2782 4013 2828 non
4067 2784 4315 2851 quem-

2761 2888 3077 2956 cumque,
3147 2866 3267 2935 sed
3325 2891 3359 2932 ι
3403 2866 3488 2935 de
3542 2869 3826 2935 canticis
3889 2869 4061 2937 Sion
4093 2893 4115 2937 .·
4146 2897 4175 2933 n
4229 2870 4315 2937 ad

2761 2971 3053 3041 litteram
3108 2976 3205 3042 sic
3267 2975 3491 3065 potuit
3546 2996 3693 3043 esse
3749 2975 3819 3042 in
3900 2974 4308 3045 Jerusalem.

2759 3080 3119 3150 Daemones
3136 3091 3365 3151 autem
3398 3105 3438 3151 a
3466 3089 3645 3150 terra
3666 3090 3925 3169 nostra,
3959 3083 4046 3151 ab
4079 3083 4310 3153 Eccle-

2757 3190 2881 3269 sia,
2911 3188 3257 3258 abducunt
3284 3211 3412 3258 nos
3461 3213 3580 3281 per
3639 3189 3933 3280 culpam.
4007 3190 4306 3273 Baruch,

2756 3319 2849 3379 ιν,
2883 3299 3010 3366 26:
3057 3299 3268 3366 Ducti
3292 3307 3457 3365 sunt
3496 3308 3573 3366 ut
3615 3321 3790 3391 qresc
3854 3298 4166 3392 direptus
4218 3301 4307 3369 ab

2757 3407 3074 3472 inimicis.
3142 3404 3169 3471 1
3209 3404 3522 3476 Machab.
3566 3429 3638 3486 n,
3681 3407 3765 3474 9:
3825 3407 3998 3475 Vasa
4029 3408 4304 3498 yloriae‚

2756 3510 2823 3580 id
2860 3519 2986 3591 est,
3022 3514 3150 3602 ipsi
3187 3512 3486 3594 Praelati,
3518 3515 3792 3605 captiva
3829 3512 3985 3603 ejus
4005 3514 4307 3582 abducta

2750 3627 2935 3687 sunt.
2980 3618 3143 3688 Post
3173 3617 3307 3688 hoc
3335 3619 3701 3689 irridentur
3747 3642 3787 3688 a
3844 3618 4299 3689 daemonibus.

2749 3726 2906 3805 Job,
2941 3750 3102 3807 xxx,
3137 3730 3218 3796 9:
3257 3729 3461 3797 Nunc
3523 3729 3595 3795 in
3660 3729 4003 3797 canticum
4069 3751 4306 3797 eorum

2752 3857 2978 3902 versus
3002 3857 3158 3902 sum
3198 3843 3343 3902 tota
3382 3834 3517 3909 die,
3577 3856 3808 3901 omnes
3868 3833 4308 3903 subsannant

2750 3965 2877 4009 me.
2913 3942 2997 4009 Et
3023 3942 3181 4010 iacit
3209 3964 3331 4010 eos
3359 3950 3631 4011 cantare
3669 3941 3932 4012 cantica
3973 3943 4305 4033 spiritua-

2748 4047 2863 4133 lia,
2932 4057 3010 4117 ut
3080 4048 3360 4118 credant
3414 4071 3488 4117 se
3559 4048 3803 4127 bonos,
3875 4057 3944 4117 et
3998 4059 4296 4119 sanctos.

2746 4156 2986 4236 Amos,
3027 4179 3123 4239 vt,
3164 4158 3248 4226 5:
3292 4157 3491 4226 Sicut
3519 4155 3759 4226 David
3772 4167 4202 4248 putaverunt
4228 4181 4301 4227 se

2748 4263 2996 4344 habere
3019 4286 3184 4332 vasa
3211 4264 3488 4332 cantici.
3526 4263 3609 4331 Et
3638 4277 3803 4332 tunc
3866 4266 4089 4357 magis
4154 4265 4304 4334 irri-

2747 4371 2860 4441 det
2885 4395 3026 4441 eos.
3067 4370 3318 4440 Thren.
3360 4394 3410 4456 1,
3453 4373 3492 4440 7
3528 4392 3545 4442 :
3595 4370 3921 4440 Viderunt
3992 4396 4145 4442 eam
4182 4372 4304 4441 lio·

2739 4487 2896 4562 stes,
2930 4489 2993 4547 et
3030 4476 3415 4547 deriserunt
3448 4477 3742 4546 sabbata
3789 4478 3968 4570 ejus.

2831 4841 2865 4882 ι
2905 4814 3257 4902 Quomodo
3295 4812 3754 4884 cantabimus.
3784 4842 3820 4880 n
3868 4815 3999 4885 llic
4046 4838 4299 4887 secun-

2740 4927 2902 4995 dum
2936 4923 3143 5013 hujus
3216 4926 3453 5015 partis,
3503 4923 3758 4994 scilicet
3827 4925 4129 5017 prudens
4181 4951 4295 4997 re-

2738 5033 3017 5125 sponsio
3117 5033 3696 5125 interrogatorum
3768 5033 4291 5126 interrogationi

2737 5139 3078 5209 irrisoriae.

2828 5246 3037 5327 Quasi
3066 5245 3367 5316 diceret:
3406 5246 3521 5317 Sic
3549 5246 3786 5317 dicunt
3812 5255 3889 5315 ut
3934 5257 4292 5320 cantemus

2740 5353 2810 5419 in
2857 5349 3242 5442 Babylonia
3268 5351 3613 5420 canticum
3647 5348 3841 5430 Sion,
3884 5351 4136 5443 quibus
4182 5354 4293 5424 di-

2739 5460 2995 5527 cimus:
3038 5486 3072 5522 «
3102 5457 3460 5543 Quomodo
3487 5456 3922 5528 cantabimus
3939 5463 4288 5531 canticum

2736 5566 3024 5635 Domini
3078 5566 3152 5635 in
3199 5576 3386 5634 terra
3424 5563 3683 5651 aliena,
3735 5590 3771 5632 ι
3813 5567 4083 5660 supple,
4142 5569 4288 5638 exi·

2735 5674 3041 5741 stantes?
3096 5671 3306 5752 Quasi
3351 5668 3646 5742 diceret:
3680 5671 3837 5742 Non
3881 5696 4277 5766 possumus,

3954 5809 4025 5865 28
