5008 6329
816 2845 1034 2892 scete-t·

765 2900 960 2945 muttum
974 2913 1083 2957 pro-

2370 393 2792 463 PSALMUS
2845 393 3154 463 CXXIX.

1137 568 1237 627 tes
1299 582 1314 627 ε

1136 670 1445 738 rantibus
1496 673 1785 761 gratiam
1819 672 2148 763 optabant
2203 675 2273 741 in
2317 672 2693 763 operandO,

1134 785 1201 845 et
1248 776 1558 846 divinum
1617 779 2057 869 adjutorium.
2115 782 2228 849 Sic
2280 782 2464 848 Booz
2510 801 2699 847 mes-

1132 884 1428 965 soribuS,
1465 884 1782 981 Ruth‚‚11,
1828 889 1894 969 4,
1929 889 2099 956 dixit
2133 910 2149 953 t
2187 890 2534 955 Dominus
2583 909 2698 953 vo-

1134 992 1416 1061 hiscum.

1221 1126 1255 1166 α
1298 1104 1792 1172 Benediximus
1848 1104 2058 1180 vobis,
2134 1127 2167 1167 >³
2242 1104 2313 1170 in
2379 1104 2695 1194 personis

1126 1212 1399 1292 vestris,
1460 1238 1493 1278 α
1556 1215 1626 1281 in
1692 1213 1971 1280 nomine
2027 1214 2340 1298 Domini,
2406 1238 2439 1278 1>
2521 1214 2695 1281 sicut

1126 1329 1402 1389 sanctus
1439 1321 1654 1391 Jacob
1692 1321 2140 1390 benedicebat
2186 1322 2329 1389 filio
2399 1345 2526 1390 suo
2580 1322 2694 1389 Jo-

1125 1429 1317 1522 seph.
1370 1430 1535 1498 Haec
1581 1428 1861 1520 impleta
1912 1438 2072 1497 sunt
2112 1432 2183 1497 in
2211 1431 2533 1521 pessimis
2572 1430 2693 1497 Ju-

1126 1537 1313 1615 daeis,
1357 1546 1423 1606 et
1474 1536 1778 1627 quotidie
1826 1536 2201 1627 implentur
2245 1538 2318 1604 in
2360 1537 2690 1629 repellen-

1123 1645 1306 1713 tibus
1336 1644 1628 1713 verbum
1657 1645 1806 1715 Dei.
1848 1645 2078 1713 Sancti
2123 1647 2309 1713 enim
2349 1645 2690 1737 praedica-

1121 1760 1305 1820 tores
1363 1774 1491 1821 nec
1529 1752 1767 1820 talium
1814 1752 2160 1843 operibuS,
2209 1775 2333 1822 nec
2368 1754 2686 1845 personis

1123 1861 1524 1930 eorumdem
1566 1861 1998 1939 benedicent,
2046 1860 2164 1929 sed
2220 1860 2305 1928 ab
2358 1862 2456 1930 eis
2506 1884 2688 1930 rece-

1118 1967 1278 2037 dere
1318 1967 1592 2046 debent,
1627 1969 1800 2037 sicut
1831 1977 2246 2061 praeceptum
2291 1976 2393 2036 est
2432 1968 2677 2037 Matth.

1116 2098 1186 2154 x,
1238 2077 1318 2142 14
1349 2083 1417 2144 et
1446 2075 1609 2144 Luc.
1654 2099 1749 2157 tx,
1783 2079 1850 2145 5.
1896 2076 1980 2144 Et
2008 2077 2182 2145 sicut
2232 2075 2550 2168 Apostoli
2581 2076 2685 2144 fe-

1118 2191 1381 2262 cerunt,
1424 2184 1577 2253 Aet.
1613 2208 1758 2266 xm,
1812 2186 1898 2252 46
1934 2207 1949 2252 ε
2010 2186 2355 2268 Quoniam
2396 2184 2683 2275 repelli-

1114 2294 1205 2360 tis
1235 2293 1513 2361 verbum
1548 2297 1704 2373 Dei,
1746 2305 1811 2361 et
1878 2293 2198 2385 indiqnos
2237 2315 2354 2360 vos
2380 2293 2682 2382 judica-

1114 2402 1204 2468 tis
1266 2412 1536 2470 oeternae
1592 2404 1773 2487 vitae,
1852 2424 1995 2470 ecce
2053 2402 2521 2469 convertimur
2585 2402 2684 2469 ad

1117 2508 1382 2577 Gentes.
1464 2506 1594 2576 Sed
1657 2508 1892 2599 pietati
1960 2507 2409 2575 assentientes
2473 2506 2680 2575 bene-

1114 2613 1373 2692 dicunt,
1426 2618 1715 2707 gratiam
1768 2614 1903 2684 illis
1953 2613 2282 2706 optand0,
2330 2613 2417 2681 ad
2467 2636 2676 2705 quam

1113 2744 1238 2790 nos
1268 2721 1617 2814 perducat,
1652 2733 1778 2793 etc.

1200 2831 1404 2910 Nota,
1442 2832 1627 2924 quod
1660 2831 1957 2901 Ecclesia
1989 2831 2293 2900 adversis
2336 2829 2669 2910 elevatur,

1387 562 1767 652 antiquitus
1808 563 1991 630 enim
2038 571 2472 635 transeuntes
2543 588 2704 655 ope·

4231 393 4360 460 383

2815 587 3042 635 arcam
3076 568 3143 634 in
3175 565 3465 635 sublime
3489 564 3535 630 ¹.
3571 563 4084 654 Multiplicatur,
4138 561 4355 628 Exod.

2813 698 2857 755 1,
2914 676 3021 753 12,
3118 675 3266 741 Filii
3333 673 3540 741 Israel
3589 673 3816 741 afflicti
3870 672 3953 740 ab
4012 672 4358 763 AEgyptiis

2808 781 3457 872 multiplicabantur.
3519 780 3717 848 Joan.
3783 802 3899 859 xu,
3963 780 4048 845 24
4111 802 4126 845 z
4203 779 4361 847 Nisi

2804 912 3105 982 qranum
3194 891 3556 981 frumenti,
3611 897 3736 956 etc.
3824 886 4190 971 Dilatatur,
4286 889 4354 953 in

2808 1002 2988 1070 Psal.
3059 1026 3152 1081 w,
3211 1005 3249 1068 2
3306 1026 3322 1070 ε
3385 1003 3464 1069 In
3534 1000 3982 1067 tribulatione
4039 999 4356 1065 dilatasti

2803 1112 3001 1179 milei.
3049 1111 3181 1179 Isa.
3221 1133 3326 1189 Lx,
3362 1112 3400 1178 5
3438 1133 3452 1176 ε
3497 1109 3939 1177 Dilatabitm·
3966 1130 4082 1176 cor
4129 1116 4352 1185 tuum,

2803 1220 3081 1311 quando
3120 1241 3440 1288 conversa
3467 1219 3688 1308 fuerit
3733 1217 3829 1284 ad
3864 1226 3926 1284 te
3974 1216 4357 1285 multitudo

2801 1329 3039 1395 maris.
3077 1326 3491 1403 Infortiatur,
3520 1328 3606 1392 ad
3645 1324 3851 1392 Hebr.
3886 1347 3982 1403 x1,
4018 1325 4103 1393 34
4141 1347 4156 1391 ε
4188 1325 4358 1391 For—

2801 1443 2897 1502 tes
2922 1436 3102 1522 sacti
3126 1443 3289 1502 sunt
3318 1435 3388 1500 in
3421 1433 3623 1501 bello.
3660 1431 3767 1499 Ad
3804 1430 4099 1499 Roman.
4150 1454 4221 1514 ν,
4255 1432 4294 1499 3
4331 1453 4346 1498 :

2803 1541 3188 1609 Tribulatio
3265 1541 3680 1632 patientiam
3777 1547 4123 1630 operatur.
4212 1537 4342 1606 Isa.

2797 1672 2930 1730 mv,
2973 1651 3052 1719 16
3090 1673 3105 1717 ε
3139 1652 3291 1740 qu
3339 1650 3561 1716 creavi
3613 1647 3900 1739 fabrum
3936 1647 4345 1737 sufflantem

2796 1760 2869 1825 in
2917 1759 3073 1848 ique
3112 1780 3404 1848 prunas,
3465 1766 3527 1823 et
3577 1756 4037 1847 proferentem
4101 1778 4222 1823 vas
4274 1757 4344 1823 in

2794 1888 2966 1958 opus
3015 1888 3245 1933 suum.
3310 1864 3646 1943 Nutritur,
3706 1863 3864 1941 Job,
3931 1885 4001 1948 x,
4078 1864 4216 1931 15:
4265 1863 4347 1931 Si

2781 1974 3028 2064 justus
3063 1974 3289 2063 fuera,
3324 1996 3458 2039 non
3491 1969 3727 2039 levabo
3780 1979 4014 2063 caput,
4073 1981 4348 2038 satura-

2794 2092 2906 2149 tus
2962 2079 3351 2170 afflictione
3376 2089 3439 2146 et
3485 2079 3783 2146 miseria.
3840 2077 4130 2157 nitatur,
4181 2076 4341 2154 Job,

2790 2210 3053 2267 xxxvtt,
3105 2189 3236 2254 22:
3291 2186 3395 2255 Ab
3451 2186 3794 2279 Aquilone
3839 2208 4094 2253 aurum
4135 2187 4341 2253 venit.

2794 2294 3203 2363 Prudentior
3233 2294 3542 2374 effic-itur,
3583 2293 3711 2363 Isa.
3750 2302 3989 2375 xxviii,
4028 2294 4108 2361 19
4146 2315 4161 2360 :
4236 2293 4347 2360 Ve-

2786 2402 2983 2471 xatio
3068 2400 3486 2468 intellectum
3559 2400 3753 2468 dabit
3827 2400 4128 2469 auditui.
4234 2399 4343 2467 Ad

2785 2511 3011 2579 Deum
3072 2512 3166 2578 ire
3222 2509 3677 2601 compellitur,
3732 2511 3800 2577 in
3841 2507 4023 2576 Psal.
4061 2532 4179 2591 κν,
4224 2510 4263 2576 4
4317 2530 4333 2574 t

2784 2616 3278 2709 Multiplicatoe
3346 2627 3506 2684 sunt
3580 2617 4018 2707 infirmitates
4071 2638 4330 2694 eorum,

2778 2737 3041 2820 postea,
3076 2734 3201 2795 etc.
3242 2725 3612 2818 Gregorius
3650 2749 3666 2794 z
3715 2754 3743 2789 ιι
3781 2724 3985 2807 Mala,
4019 2748 4169 2817 quae
4207 2748 4334 2794 nos

2787 2861 2824 2897 α
2865 2832 2977 2903 hic
3024 2841 3366 2925 premunt,
3427 2834 3512 2902 ad
3578 2833 3795 2902 Deum
3840 2856 3964 2902 nos
4013 2833 4111 2901 irc
4148 2855 4334 2902 com-

765 2954 861 3000 fleit
888 2966 950 2999 n
995 2954 1079 3000 nd·
1111 2941 1357 3011 Genes.
1401 2964 1521 3023 vn,
1559 2944 1663 3022 18,
1697 2943 1914 3034 Aquae
1947 2940 2185 3011 diluvii
2230 2941 2675 3010 elevaverunt
2799 2969 2828 3006 α
2855 2941 3144 3034 pellunt.
3184 2969 3216 3004 »ι

836 3007 1009 3056 verth-

2309 3418 2782 3495 PSALMUS
2823 3419 3153 3494 CXXIX.

1692 3766 1957 3839 Oratio
1992 3789 2132 3858 pro
2153 3763 2524 3861 precanda
2546 3762 3003 3856 fiducialiter
3014 3774 3472 3858 peccatorum
3510 3759 3743 3863 venia.

1159 4144 1218 4191 1.
1272 4117 1661 4192 Canticum
1700 4115 2087 4211 graduum.

1283 4226 1389 4296 De
1431 4223 1813 4317 profundis
1850 4220 2150 4293 clamavi
2213 4220 2304 4291 ad
2350 4236 2448 4299 te,
2504 4220 2660 4290 Do-

1368 4331 1622 4404 mine:

1152 4465 1217 4513 2.
1274 4439 1615 4521 Domine,
1655 4439 1908 4512 exaudi
1960 4460 2208 4510 vocem
2251 4456 2519 4508 meam.

1287 4549 1501 4620 Fiant
1573 4570 1783 4620 aures
1850 4566 1994 4618 tuae
2058 4545 2526 4618 intendentes
2585 4543 2659 4614 in

1370 4677 1625 4728 vocem
1665 4652 2192 4749 deprecationis
2221 4674 2430 4724 meae.

1151 4767 1217 4836 3.
1265 4763 1341 4836 Si
1405 4762 1828 4856 iniquitates
1911 4759 2435 4842 observaveris,
2511 4760 2665 4830 Do-

1371 4870 1597 4954 mine,
1652 4867 1993 4950 Domine,
2044 4866 2164 4961 qui
2225 4864 2660 4938 sustinebit?

1144 5003 1217 5069 4.
1270 4978 1466 5071 Quia
1512 4977 1706 5071 apud
1765 4995 1834 5047 te
1884 4974 2303 5071 propitiatio
2351 4993 2462 5046 est
2515 4991 2535 5045 t
2588 4990 2657 5045 et

1370 5103 1666 5181 propter
1705 5085 1936 5178 legem
1976 5101 2176 5156 tuam
2205 5080 2526 5154 sustinui
2558 5097 2653 5161 te,

1369 5192 1707 5266 Domine.

1167 5430 1187 5468 ¹
1220 5430 1434 5488 Genea.
1464 5445 1560 5500 vu,
1610 5429 1676 5486 18
1709 5444 1725 5484 t
1783 5429 1958 5487 Porro
2012 5443 2150 5486 arec
2170 5428 2462 5502 ferebatur
2485 5442 2656 5500 supe·-

2951 4106 3326 4182 Sustinuit
3409 4107 3650 4178 anima
3721 4129 3883 4179 mea
3957 4106 4034 4179 in
4107 4105 4330 4177 verbo

3039 4213 3206 4305 ejus
3248 4236 3267 4283 τ

2819 4329 2887 4398 5.
2942 4321 3276 4418 Speravit
3324 4320 3566 4394 anima
3627 4342 3786 4394 mea
3846 4319 3919 4390 in
3977 4318 4321 4391 Domino.

2814 4432 2884 4502 6.
2936 4433 3004 4501 A
3066 4429 3397 4502 custodia
3455 4427 3810 4500 matutina
3916 4450 4150 4521 usque
4232 4426 4322 4498 ad

3040 4555 3354 4619 noctem,
3424 4555 3659 4631 speret
3737 4535 3956 4606 lsrael
4026 4535 4099 4606 in
4171 4535 4318 4605 Do-

3044 4644 3247 4716 mino
3291 4668 3308 4714 ε

2823 4779 2893 4847 7.
2946 4753 3141 4846 Quia
3196 4752 3389 4848 apud
3460 4751 3861 4825 Dominum
3911 4749 4323 4822 misericor-

3042 4859 3187 4947 dia,
3255 4879 3325 4932 ct
3375 4860 3668 4955 copiosa
3723 4859 3916 4954 apud
3946 4880 4118 4930 eum
4156 4857 4318 4930 red·

3040 4969 3339 5065 emptio.

2810 5081 2882 5153 8.
2938 5079 3034 5150 Et
3109 5079 3261 5173 ipse
3309 5079 3614 5151 redimet
3684 5077 3900 5150 lsrael
3953 5098 4036 5148 ex
4084 5073 4319 5145 omni·

3036 5188 3174 5259 bus
3221 5185 3730 5280 iniquitatibus
3758 5184 3940 5275 ejus.

2762 5437 2960 5499 aquas.
