5008 6329
366 466 433 561 Ξῖ

367 576 384 614 t

387 583 468 617 ἓ

504 4650 564 4717 4

710 279 842 347 492

434 478 496 531 ιιι,
536 462 686 511 variis
715 448 882 516 limo
923 459 1139 516 terrae.
1175 446 1537 513 Inuotuisti
1569 455 1799 513 autem
1832 447 1891 512 ei
1923 468 2044 536 per
2083 468 2267 513 crea-

416 520 686 619 οάιῗιξὲηωῗῖ
713 561 922 633 turaS,
957 563 1025 621 et
1051 551 1323 620 illarum
1354 551 1708 643 pulchram
1732 553 2263 634 ordinationem,
2373 579 2552 623 vens.
2588 555 2672 624 Et
2726 557 2956 625 omnia
3012 558 3145 625 alia
3213 556 3500 626 reddidit
3537 576 3735 628 vana,
3778 553 3912 620 Ec-

712 668 780 728 et
807 661 1152 749 potissime
1183 683 1304 752 per
1345 663 1559 753 ipsam
1591 664 1920 744 animam,
1992 663 2079 730 ad
2117 660 2266 728 Ro-

710 789 894 834 man.
931 791 978 849 1,
1012 767 1098 835 20
1136 791 1150 835 :
1194 770 1588 838 Invisibilia
1635 771 1789 848 Dei,
1831 792 1963 859 per
2003 792 2083 836 ea
2113 791 2265 858 quae

710 875 1111 964 factasunt,
1158 878 1531 957 intellecta,
1566 877 2109 966 conspiciuntur.
2133 875 2266 942 Per

705 981 1290 1071 praedicationem,
1326 982 1506 1050 Psal.
1541 1004 1734 1065 xvm‚
1761 984 1799 1048 ὃ
1829 1002 1842 1048 :
1877 980 1963 1048 In
1992 1003 2263 1048 omnem

707 1099 962 1157 terram
1026 1091 1241 1157 exivit
1295 1112 1503 1157 sonus
1542 1111 1805 1158 eorum.
1860 1087 2072 1157 Marc.
2110 1112 2259 1171 xm,

712 1197 790 1265 15
836 1218 851 1264 z
881 1198 1146 1263 Euntes
1169 1197 1240 1263 in
1271 1196 1610 1264 mundum
1639 1197 2060 1275 universum,
2088 1220 2266 1288 prae-

705 1306 926 1373 dicate
954 1307 1447 1397 Evanqelium,
1482 1317 1611 1375 etc.
1656 1307 1791 1375 Per
1823 1310 2261 1397 praesentiam

704 1414 1128 1504 corporalem
1170 1414 1569 1497 exhibitam,
1612 1414 1913 1493 Bamch,
1967 1437 2064 1494 ιιι,
2111 1415 2194 1482 38
2239 1434 2257 1484 t

704 1523 871 1588 Post
895 1520 1020 1589 lioc
1050 1526 1121 1590 in
1154 1526 1352 1591 terris
1380 1526 1561 1590 visus
1590 1534 1711 1604 est,
1756 1533 1820 1589 et
1848 1545 2002 1589 cum
2031 1522 2264 1589 homi-

704 1627 903 1696 nibus
976 1640 1407 1698 conversatus
1462 1640 1580 1697 est.
1661 1629 1795 1697 Per
1860 1629 2260 1697 interiorem

705 1740 952 1807 mentis
1009 1738 1582 1806 illuminationem
1655 1739 1725 1805 iu
1783 1738 2133 1826 adspectu,
2196 1747 2264 1807 et

704 1846 1165 1936 gustationem
1210 1847 1279 1912 in
1311 1844 1585 1922 affectu,
1629 1844 1705 1912 In
1741 1843 1923 1911 Psal.
1960 1866 2153 1923 xxv1,
2193 1846 2257 1924 1,

702 1974 910 2043 supra
952 1976 968 2020 :
1041 1954 1385 2022 Dominus
1442 1953 1873 2021 illuminatio
1915 1975 2092 2035 mea,
2127 1963 2256 2024 etc.

705 2059 780 2128 In
811 2061 1041 2129 futuro
1106 2084 1230 2152 per
1293 2063 1511 2151 ipsam
1572 2062 1674 2128 sui
1717 2063 2041 2151 speciem,
2078 2060 2259 2139 Iad

703 2167 1011 2235 Corinth.
1082 2191 1231 2247 xm,
1288 2170 1368 2235 12
1416 2190 1431 2234 :
1522 2168 1837 2236 Videmus
1901 2190 2087 2235 nunc
2134 2190 2263 2259 per

699 2276 1055 2367 speculum
1088 2276 1160 2342 in
1188 2276 1579 2366 aeriiqmate,
1622 2284 1786 2342 tunc
1816 2284 2048 2342 autem
2077 2276 2263 2365 facie

703 2381 800 2450 ad
820 2383 1099 2473 faeiem.

793 2627 826 2666 ιι
858 2603 1001 2670 Aut
1026 2598 1248 2690 fitius.
1284 2628 1316 2667 ιι
1362 2601 1533 2669 Ecce
1591 2599 1993 2670 secundum.
2041 2600 2256 2680 Quasi

701 2710 1000 2777 diceret:
1065 2708 1179 2778 Sic
1236 2710 1451 2777 miror
1513 2708 1595 2776 de
1644 2711 1915 2787 notitia,
1951 2717 2018 2777 et
2048 2709 2256 2776 etiam

701 2814 864 2906 quid
894 2824 996 2882 est
1027 2841 1060 2880 ιι
1099 2815 1298 2904 filius
1333 2815 1655 2890 hominis,
1705 2839 1738 2878 »
1773 2812 1857 2882 de
1900 2813 2042 2882 luto
2084 2837 2260 2882 con-

702 2923 846 3000 diti,
887 2953 919 2986 «
962 2925 1130 3015 quia
1167 2934 1445 3015 reputas
1487 2946 1665 2998 eum,
1718 2951 1749 2984 »
1793 2922 1878 2990 ad
1945 2923 2261 2991 dilectio-

701 3054 856 3099 nem
896 3053 911 3098 ε
956 3054 1112 3099 cum
1181 3033 1509 3122 scriptum
1549 3031 1662 3109 sit,
1740 3029 1899 3106 Job,
1958 3054 2122 3109 xxm
2160 3033 2251 3101 6:

700 3141 922 3208 Homo
950 3138 1276 3231 putredo,
1317 3148 1381 3207 et
1416 3139 1613 3228 fitius
1648 3137 1949 3206 hominis
1979 3140 2252 3208 vermis.

697 3247 990 3314 Tantum
1015 3258 1243 3315 autem
1266 3256 1537 3336 reputas
1566 3268 1751 3326 eum,
1797 3255 1872 3313 ut
1900 3247 2254 3336 proprium

701 3379 822 3446 pro
868 3354 1016 3445 ipso
1069 3352 1295 3422 tradas
1343 3352 1616 3421 Filium.
1675 3352 1877 3421 Joan.
1952 3376 2049 3432 ιιι,
2118 3356 2252 3423 16:

699 3463 817 3530 sic
884 3462 1068 3529 Deus
1133 3460 1384 3528 ditexit
1443 3459 1808 3540 nitendum,
1854 3470 1933 3528 ut
1980 3459 2257 3529 Filium

698 3593 903 3639 suum
945 3570 1379 3660 unigenitum
1447 3569 1668 3637 daret.
1726 3568 1889 3647 Job,
1949 3592 2071 3648 vn,
2112 3570 2191 3638 17
2235 3590 2252 3639 ε

704 3679 896 3767 Quid
920 3687 1019 3748 est
1074 3679 1303 3758 homo,
1362 3681 1530 3771 quia
1573 3679 1988 3771 maqnifieas
2027 3702 2184 3748 eum
2220 3677 2263 3748 9

702 3798 825 3856 aut
865 3787 1041 3879 quid
1063 3788 1358 3878 apponis
1410 3810 1573 3878 erqa
1631 3808 1787 3856 eum
1826 3810 1942 3855 cor
1982 3798 2184 3857 tuum
2219 3788 2262 3859 9

702 3896 812 3976 Et,
847 3896 915 3962 in
949 3894 1131 3963 Psal.
1163 3918 1312 3975 vm,
1353 3898 1419 3974 5,
1482 3918 1726 3986 supra:
1777 3896 1969 3981 Quid
2001 3908 2103 3965 est
2129 3897 2260 3965 lio-

703 4025 840 4081 mo,
881 4001 1072 4093 quod
1098 4023 1355 4069 memor
1382 4025 1450 4069 es
1487 4003 1643 4091 ejus
1668 4000 1711 4071 9
1738 4012 1863 4071 atet
1897 4003 2099 4092 filius
2125 4005 2259 4072 lto-

705 4109 936 4186 minis,
971 4109 1300 4199 quoniam
1360 4109 1596 4176 visitas
1650 4132 1807 4177 eum
1852 4107 1895 4178 9
1949 4109 2062 4178 illa
2091 4112 2259 4179 visi-

706 4216 982 4293 tatione,
1041 4213 1125 4282 de
1179 4237 1339 4305 qua,
1401 4214 1559 4283 Luc.
1621 4238 1668 4300 1,
1729 4218 1859 4285 78:
1944 4218 2262 4288 Visitavit

704 4343 827 4390 nos
848 4322 1071 4389 oriens
1099 4343 1185 4388 ea·
1205 4320 1376 4389 alto.

806 4679 843 4715 α
866 4650 1087 4720 Homo
1116 4652 1435 4720 vanitati.
1481 4676 1514 4717 ι
1549 4651 1910 4722 Praemissa
1948 4656 2263 4725 admoni-

718 4760 926 4838 tione,
968 4756 1404 4850 subjungitur
1426 4761 1596 4827 ratio
1634 4758 2108 4832 admirationis
2128 4764 2262 4834 du-

717 4865 900 4957 plex.
935 4864 1249 4932 Hominis
1287 4865 1576 4945 vanitas,
1620 4874 1686 4934 et
1740 4867 1898 4937 vitae
1928 4868 2254 4950 brevitas,

716 4972 838 5051 ibi,
882 4994 917 5035 α
949 4971 1115 5039 Dies
1142 4969 1319 5058 ejus.
1367 4997 1400 5032 ι

805 5076 983 5144 Dicit
1040 5097 1204 5166 ergo
1256 5097 1272 5143 2
1332 5075 1447 5145 Sic
1511 5076 1911 5150 admirando
1980 5085 2260 5174 quaesivi

718 5184 879 5277 quid
912 5184 1224 5275 estquod
1264 5183 1523 5253 homini
1579 5188 1973 5273 innotescis,
2035 5193 2260 5282 ipsum

717 5291 969 5383 diligis,
1011 5299 1078 5360 et
1108 5290 1279 5361 benc
1308 5291 1630 5373 admiror,
1671 5296 1874 5386 quia«
1913 5298 2118 5366 homo
2156 5301 2261 5368 si-

717 5398 909 5469 milis
935 5399 1165 5486 sactus
1195 5407 1314 5478 est,
1350 5423 1385 5465 ι
1408 5400 1777 5490 peccando,
1810 5428 1844 5469 ιι
1877 5407 2200 5475 vanitati.
2223 5434 2259 5472 n

716 5505 876 5585 Job,
916 5527 1011 5584 xi,
1045 5505 1121 5571 11
1161 5524 1179 5572 ε
1210 5509 1362 5596 Ipse
1386 5509 1574 5576 novit
1599 5509 1956 5580 hominum
1995 5516 2265 5583 vanita-

666 5642 672 5647 ·
724 5614 976 5685 tem.In
995 5610 1181 5682 Psal.
1211 5634 1496 5700 xxxvm,
1520 5616 1586 5696 6,
1613 5639 1855 5709 supra:
1904 5621 2264 5690 Verumta-

1725 278 1808 343 D.
1863 276 2065 343 ALB.
2117 276 2337 344 MAG.
2393 275 2598 343 ORD.
2651 278 2947 347 PRAED.

2375 470 2527 515 men
2557 449 2872 517 universa
2920 453 3218 527 vanitas·‚
3279 451 3502 517 omnis
3556 450 3755 515 homo
3811 448 3918 513 vi-

2371 662 2493 730 cle.
2565 687 2611 742 1,
2691 667 2730 731 2
2802 687 2818 731 ε
2915 669 3193 734 Vanitas
3266 665 3678 742 vanitatum,
3739 660 3920 727 dixit

2368 770 2810 839 Ecclesiastes
2839 794 2862 839 .·
2910 776 3180 841 vanitas
3218 775 3608 841 vanitatum
3653 778 3715 836 et
3769 791 3919 834 om-

2368 898 2489 942 nia
2554 881 2845 946 vanitas.
2917 879 3206 971 Propter
3261 880 3557 948 hominis
3621 877 3913 967 culpam,

2371 983 2480 1052 Ad
2512 983 2799 1054 Roman.
2835 1010 2976 1066 vm,
3021 988 3105 1055 20
3151 1011 3165 1054 :
3242 990 3545 1056 Vanitati
3604 996 3917 1054 creatura

2365 1091 2676 1181 subjecta
2714 1103 2811 1160 est
2863 1116 2999 1161 non
3037 1095 3292 1162 volem.

2463 1230 2494 1264 «
2535 1203 2703 1271 Dies
2743 1202 2895 1291 ejus
2921 1212 3360 1293 praetereunt,
3395 1227 3430 1269 ι
3473 1209 3539 1271 et
3575 1200 3769 1269 valde
3825 1202 3918 1269 ci-

2366 1319 2463 1388 to,
2510 1310 2668 1401 quia
2739 1335 2772 1376 α
2811 1312 2991 1380 sieut
3056 1312 3333 1381 umbra.
3389 1310 3546 1392 Job,
3614 1334 3754 1392 xtV,
3818 1311 3906 1376 1:

2366 1421 2589 1486 Homo
2653 1430 2860 1487 natus
2923 1421 3006 1487 de
3071 1422 3383 1502 muliere,
3446 1419 3630 1487 brevi
3682 1421 3909 1486 vivens

2369 1537 2689 1618 tempore,
2734 1530 3038 1621 repletur
3083 1532 3329 1598 multis
3401 1529 3717 1597 miseriis.
3780 1526 3911 1595 Sa-

2365 1636 2577 1725 pient.
2623 1660 2691 1714 v,
2771 1640 2871 1705 9:
2937 1640 3381 1707 Transierunt
3445 1640 3677 1706 omnia
3729 1648 3912 1704 tam-

2367 1766 2577 1832 quam
2610 1743 2877 1811 umbra.
2914 1744 3178 1813 Dicturi
3218 1755 3380 1814 sunt
3408 1746 3598 1828 mali,
3669 1745 3904 1824 Jacob,

2369 1874 2457 1928 lv,
2499 1854 2579 1921 15
2612 1874 2626 1921 :
2675 1855 2838 1939 Quae
2875 1865 2972 1921 est
3009 1856 3189 1922 enim
3219 1857 3365 1923 vita
3402 1866 3636 1922 nostra
3679 1852 3719 1920 ?
3782 1855 3912 1920 Va-

2357 1982 2491 2050 por
2528 1961 2741 2030 estad
2761 1962 3107 2031 modicum
3140 1986 3417 2054 parem.
3457 1962 3586 2030 Isa.
3618 1985 3905 2041 xxxvm,

2371 2069 2449 2134 12
2488 2090 2502 2135 :
2537 2069 2641 2137 De
2697 2092 2897 2137 mane
2955 2094 3166 2161 usque
3195 2071 3294 2139 ad
3326 2093 3671 2161 vesperam
3713 2071 3910 2160 finies

2365 2198 2493 2242 me.
2565 2175 2651 2242 Et
2718 2176 2956 2266 probat
3012 2178 3233 2268 primo
3302 2176 3431 2247 hoc
3510 2176 3904 2249 secundum.

2366 2282 2542 2351 lllud
2572 2285 2753 2353 enim
2788 2308 2942 2354 vere
3008 2287 3277 2355 vanitas
3323 2295 3446 2365 est,
3489 2286 3671 2377 quod
3701 2287 3913 2354 conti-

2367 2415 2499 2462 nue
2535 2394 2749 2462 tendit
2778 2395 2846 2460 in
2877 2403 3195 2475 mortem,
3268 2403 3335 2463 et
3364 2393 3904 2463 dissolutionem.

2365 2502 2790 2594 Augustinus
2826 2526 2841 2571 :
2899 2531 2928 2566 ιι
2968 2501 3147 2582 Quid
3208 2512 3310 2572 est
3360 2503 3616 2583 vivere,
3658 2503 3785 2571 nisi
3825 2501 3907 2570 de

2368 2636 2402 2675 ιι
2436 2611 2575 2678 vita
2605 2612 2889 2678 transire
2909 2612 2944 2678 ?
2985 2639 3019 2673 n

2456 2953 2489 2988 α
2524 2926 2841 3004 Domine,
2886 2924 3145 2993 inclina
3176 2926 3399 2995 coelos.
3437 2952 3473 2990 ι
3520 2925 3642 2995 Hic
3670 2947 3905 2995 secun·

2361 3250 2467 3318 cio
2502 3249 2862 3340 figurante,
2897 3247 3231 3338 supplicat
3251 3257 3318 3316 et
3340 3249 3505 3338 petit
3532 3272 3656 3341 pro
3686 3250 3907 3321 adim·

2364 3356 2608 3449 plenda
2649 3356 2935 3447 figurata
2962 3358 3272 3425 veritate.
3317 3354 3402 3425 Et
3438 3359 3687 3448 prime,
3736 3358 3907 3427 diri·

2363 3468 2460 3559 git
2490 3467 2884 3556 petitionem
2937 3463 3021 3532 ad
3062 3464 3335 3546 Filium,
3369 3474 3446 3534 ut
3481 3488 3752 3536 carnem
3791 3491 3909 3535 as-

2364 3584 2610 3643 sumat.
2648 3573 2989 3651 Secundo,
3047 3575 3211 3666 quia
3248 3574 3373 3642 scit
3422 3574 3670 3644 Filium
3737 3576 3904 3645 nibil

2364 3680 2613 3750 habere
2679 3681 2808 3748 nisi
2874 3703 2913 3747 a
2979 3680 3206 3761 Patre,
3276 3678 3445 3748 nihil
3521 3704 3721 3772 posse
3758 3684 3903 3754 sine

2366 3792 2591 3872 Patre,
2627 3790 2712 3859 ad
2745 3789 3040 3874 Patrem,
3076 3799 3149 3858 ut
3190 3791 3413 3881 ipsum
3470 3791 3714 3861 Filium
3744 3794 3906 3863 mit-

2362 3910 2484 3976 tat,
2521 3901 2636 3992 qui
2680 3899 3044 3992 figuratum
3083 3898 3507 3990 adimplebit,
3557 3900 3674 3979 ibi,
3716 3910 3780 3979 5.
3805 3902 3845 3969 Ἰ
3883 3925 3900 3970 2

2368 4038 2401 4077 ι
2435 4010 2696 4078 Emitte
2723 4029 3007 4075 manum
3055 4017 3276 4076 tuam.
3306 4033 3341 4075 ι
3374 4006 3528 4087 Vel,
3571 4018 3645 4077 ut
3684 4020 3901 4080 totum

2365 4118 2696 4208 dirigatur
2722 4116 2807 4184 ad
2845 4114 3117 4184 Filium.
3162 4114 3424 4194 Primo,
3463 4119 3629 4209 petit
3656 4119 3908 4190 adven·

2369 4234 2511 4294 tum
2576 4225 2897 4314 primum.
2988 4221 3332 4308 Secundo,
3410 4228 3577 4317 petit
3662 4252 3909 4299 secun-

2363 4331 2552 4400 dum.

2458 4438 2531 4506 ln
2561 4437 2781 4529 prima
2818 4435 2982 4505 duo.
3032 4435 3296 4514 Primo.
3366 4440 3531 4529 petit
3590 4439 3739 4510 Filii
3798 4445 3910 4513 in-

2363 4547 2825 4617 carnationem
2849 4545 2933 4614 ab
2956 4546 3102 4637 ipso
3133 4545 3333 4615 Filio.
3371 4547 3713 4630 Secundo,
3750 4575 3905 4646 sup·

2364 4656 2556 4746 ponit
2592 4652 2979 4733 utilitatem,
3013 4663 3089 4724 ut
3144 4655 3452 4741 suadeat,
3486 4656 3605 4739 ibi,
3653 4660 3720 4728 iu
3760 4683 3904 4730 me·

2364 4763 2477 4833 dio
2516 4770 2580 4839 5.
2606 4765 2646 4832 5
2682 4786 2698 4831 :
2754 4790 2784 4826 α
2816 4763 3041 4854 Tanqe
3067 4773 3349 4835 montes.
3383 4790 3418 4832 ι

2454 4872 2608 4940 Duo
2657 4881 2883 4939 autem
2948 4883 3363 4942 concurrunt
3426 4875 3512 4944 ad
3569 4876 3719 4948 Filii
3785 4881 3908 4954 Dei

2369 4980 2926 5058 incarnationem.
2955 4979 3239 5049 Deitatis
3277 4981 3653 5070 inclinatio,
3695 5000 3763 5059 et
3799 5015 3912 5060 as-

2369 5088 2666 5177 sumptio
2707 5089 2927 5156 carnis
2954 5086 3235 5157 humilis
3265 5088 3337 5158 in
3375 5091 3491 5161 illa
3523 5096 3912 5168 inclinatio-

2367 5216 2478 5277 ne,
2516 5195 2632 5273 ibi,
2681 5225 2713 5258 «
2749 5199 2843 5264 Et
2878 5196 3219 5266 descende.
3261 5226 3295 5261 ι»

2457 5300 2634 5370 Dicit
2662 5325 2868 5394 ergo:
2906 5301 3042 5382 Sic,
3086 5304 3407 5386 Domine,
3457 5311 3711 5401 gratias
3760 5313 3910 5388 dico

2368 5408 2450 5476 de
2478 5408 2833 5492 beneficio,
2901 5433 3038 5502 quo
3080 5435 3188 5481 me
3218 5415 3500 5484 erudisti
3539 5419 3628 5488 ad
3654 5420 3909 5495 bellum

2368 5524 2434 5585 et
2481 5518 2795 5608 proelium
2828 5520 2990 5590 :sed
3023 5522 3184 5613 quia
3218 5520 3355 5592 hoc
3398 5524 3761 5618 figuratum
3802 5535 3913 5604 in-

2367 5623 2598 5719 telligo
2680 5629 2983 5699 victoriae
3047 5639 3179 5705 tuae
3221 5642 3483 5717 ,contra
3533 5639 3910 5734 diabolum,

2363 3033 2448 3101 da
2479 3056 2633 3123 pars
2664 3033 3055 3123 principalis
3102 3036 3312 3102 totius
3375 3034 3580 3124 hujus
3619 3033 3898 3104 Psalmi.
3977 2979 4201 3124 3⁹24.

2364 3140 2736 3232 I‘ostquam
2794 3143 2972 3209 enim
3015 3141 3156 3233 egit
3191 3144 3443 3234 gratias
3481 3166 3604 3234 pro
3642 3140 3901 3212 beneti-
3931 3133 4246 3193 ”nmm-
