5008 6329
477 1171 544 1238 4

433 4798 653 4862 Αροαοῑί

394 4867 685 4915 cotnparan-

410 4918 676 5013 uso-iiiia.

697 326 821 392 196

1628 313 1708 380 D.
1764 310 1962 379 ALB.
2015 307 2231 376 MAG.
2287 304 2494 374 ORD.
2547 304 2843 372 PRAED.

695 499 827 567 lsa.
896 519 1086 570 xxxi,
1157 494 1198 559 6
1256 512 1270 556 :
1348 486 1860 568 convertimini,
1917 485 2094 550 sicut
2168 482 2241 547 in
2340 477 2454 568 pis
2500 477 2583 544 de
2635 485 2882 557 monte,
2951 478 3172 566 primo
3229 477 3384 546 vilis
3442 487 3508 546 et
3565 480 3891 570 abjectus,

691 603 1128 699 profundum
1159 597 1602 675 recesseratis,
1643 594 1786 684 filii
1823 590 2065 660 Israel.
2110 588 2244 654 Ec-

700 712 824 781 cle.
869 734 917 793 1,
962 709 1000 775 7
1030 728 1044 772 :
1075 705 1189 773 Ad
1236 702 1461 772 locum
1512 703 1691 771 unde
1727 707 1973 768 exeunt
1999 696 2245 784 flumi-

703 842 821 898 na,
853 822 1309 883 revertuntur.

799 1157 833 1199 α
865 1135 1129 1201 Montes
1157 1127 1697 1195 exsultaverunt.
1744 1144 1776 1184 n
1829 1117 1958 1185 Hic
2003 1136 2252 1184 secun-

707 1240 1136 1326 dumxutacta
1188 1231 1371 1299 enim
1426 1227 1813 1318 aliquorum
1853 1223 2251 1293 conversio-

705 1370 815 1425 ne,
860 1341 1242 1413 ostenditur
1287 1338 1398 1406 hic
1429 1359 1551 1428 per
1580 1357 1753 1426 quos
1784 1335 1957 1401 facta
1985 1333 2073 1398 sit
2120 1332 2249 1397 ista

704 1449 1088 1527 conversiO,
1127 1455 1193 1515 et
1220 1468 1344 1538 per
1379 1443 1640 1536 quales,
1685 1442 1846 1532 quia
1901 1462 2022 1530 per
2055 1438 2251 1526 Apo-

705 1558 918 1625 stolos
948 1555 1387 1636 exsultanteS,
1412 1558 1478 1619 et
1518 1572 1635 1640 per
1671 1545 2018 1637 Apostolis
2056 1543 2252 1611 simi-

706 1666 828 1733 les.
889 1663 1047 1730 Tria
1111 1684 1274 1752 ergo
1341 1660 1660 1727 dicuntur
1723 1657 1794 1720 in
1876 1651 2252 1742 Apostolo-

706 1795 859 1840 rum
906 1770 1378 1840 conversione.
1436 1765 1700 1846 Prim0,
1746 1759 1862 1827 illa
1890 1758 2249 1827 exsultatio

708 1890 1061 1972 tamquam
1102 1878 1463 1945 ductorum
1496 1872 1748 1965 gregiS,
1818 1878 1885 1939 et
1946 1870 2253 1958 Aposto-

712 1991 933 2060 lorum
1009 1986 1471 2078 sequentium.
1538 1981 1883 2060 Secundo,
1946 1980 2252 2069 ipsorum

714 2096 1076 2165 admiratio
1156 2092 1239 2158 de
1331 2089 1779 2157 obduratione
1870 2084 2251 2154 nolentium

713 2202 1043 2281 converti,
1076 2200 1194 2277 ibi,
1226 2207 1290 2275 5.
1326 2199 1408 2265 5:
1459 2224 1489 2260 α
1530 2194 1720 2280 Quid
1763 2203 1859 2260 est
1912 2191 2040 2259 tibi
2104 2212 2253 2257 ma-

712 2334 782 2379 re
814 2309 856 2376 ?
892 2338 924 2369 n
967 2307 1222 2385 Tertio,
1281 2303 1614 2395 reperitur
1661 2299 2021 2368 exsultatio
2058 2296 2257 2387 Apo-

712 2416 1073 2493 stolorum,
1155 2420 1223 2481 et
1302 2433 1543 2479 eorum
1617 2407 2074 2498 sequentium,
2132 2424 2256 2494 pro

715 2521 1280 2614 multiplicatione
1362 2515 1693 2595 fidelium,
1773 2513 1894 2594 ibi,
1961 2520 2027 2589 y.
2127 2513 2167 2578 e
2237 2531 2252 2575 :

717 2658 751 2697 α
792 2634 1058 2700 Montes
1084 2625 1508 2695 exsultastis.
1552 2651 1584 2685 s

803 2737 888 2805 Et
926 2737 998 2804 in
1054 2735 1275 2827 prima
1350 2731 1512 2800 duo.
1573 2729 1836 2814 Primo,
1894 2725 2258 2797 exsultatio

716 2842 1208 2936 Apostolorum
1248 2840 1575 2932 tangitur.
1641 2834 1981 2914 Secundo,
2040 2833 2260 2925 Apos-

715 2952 895 3020 tolos
926 2950 1368 3028 imitantium,
1417 2955 1487 3016 et
1534 2945 1926 3037 sequacium
1959 2941 2257 3019 illorum,

720 3060 838 3138 ibi,
875 3087 910 3123 s
943 3061 1038 3127 ΕΙ
1065 3056 1297 3126 colles.
1336 3081 1374 3120 n

812 3168 988 3236 Dicit
1016 3186 1225 3255 ergo:
1281 3159 1398 3231 Sic
1451 3158 1660 3251 aliqui
1726 3164 1885 3227 sunt
1922 3154 2260 3233 conversi,

722 3277 874 3344 aliis
911 3269 1423 3342 remanentibus
1470 3270 1540 3337 in
1582 3288 1775 3336 erore
1818 3287 1835 3336 ι
1883 3273 1951 3335 et
1992 3290 2026 3329 α
2068 3287 2269 3332 mou-

724 3395 845 3467 !es,
874 3411 904 3446 ι
940 3377 1253 3472 Apostoli
1277 3375 1558 3454 scilicet,
1593 3400 1628 3442 s
1661 3374 2200 3451 exsultaverunt,
2230 3398 2263 3439 ι

725 3514 847 3583 pro
877 3487 1349 3558 conversione.
1394 3482 1578 3552 l'sal.
1628 3503 1833 3560 xcvn,
1874 3482 1959 3550 8:
2002 3482 2270 3549 Montes

723 3596 1177 3667 exsultabunt
1230 3615 1274 3662 a
1329 3599 1686 3684 conspectu
1746 3591 2056 3659 Domini.
2138 3588 2265 3660 lsa.

726 3728 821 3783 ιι,
856 3707 896 3773 3
927 3726 943 3772 :
976 3699 1430 3773 Letabuntur
1454 3720 1685 3767 coram
1711 3708 1798 3778 te,
1819 3698 1998 3765 sicut
2016 3697 2140 3788 qui
2161 3695 2273 3763 lae-

728 3813 1062 3882 tanturin
1089 3832 1326 3889 messe,
1371 3810 1551 3877 sicut
1597 3805 1953 3876 exsultant
1993 3807 2274 3874 victores

726 3930 932 4013 capta
981 3917 1250 4012 praeda,
1307 3913 1589 4009 quando
1644 3912 1965 3982 dividunt
2014 3910 2267 4005 spolia.

728 4030 837 4109 Et,
871 4050 1055 4107 ιιιιι,
1095 4027 1175 4094 13
1207 4047 1226 4095 2
1261 4021 1605 4102 lubilate,
1636 4028 1921 4098 montes.
1965 4018 2270 4089 laudem.

729 4138 999 4207 Montes
1024 4134 1177 4202 dico
1215 4131 1400 4215 iacti,
1444 4157 1479 4194 α
1512 4139 1590 4199 ut
1616 4129 1885 4206 arietes,
1922 4151 1955 4192 ι
1985 4148 2274 4218 gregum

729 4244 986 4315 scilicet
1039 4241 1380 4309 ductores.
1425 4236 1513 4305 ni
1553 4236 1737 4305 enim
1790 4241 1950 4303 sunt
2005 4234 2272 4313 arietes,

730 4352 814 4422 de
852 4346 1102 4443 quibus
1163 4368 1399 4438 supra,
1466 4345 1536 4412 in
1599 4340 1784 4412 I'sal.
1853 4362 2091 4420 xxvm,
2164 4342 2192 4408 1
2255 4360 2272 4408 :

730 4460 992 4550 Assem
1017 4454 1317 4524 Domino
1343 4449 1536 4542 lilios
1561 4449 1882 4518 arietum.
1942 4445 2272 4517 Proverb.

732 4592 900 4647 xxx,
934 4568 1014 4636 31
1054 4587 1072 4634 :
1114 4564 1337 4649 Aries,
1376 4584 1498 4632 nec
1551 4570 1648 4629 est
1684 4582 1807 4628 rea:
1849 4560 1975 4651 qui
2010 4558 2282 4627 resistat

731 4680 815 4749 ei.
860 4676 1018 4746 Fuit
1044 4671 1199 4744 talis
1226 4671 1403 4740 aries
1433 4669 1703 4750 Petrus,
1732 4667 1857 4737 tuit
1893 4676 1961 4739 et
1997 4665 2273 4736 Paulus.

821 4786 1159 4855 Dicuntur
1185 4786 1416 4848 autem
1444 4775 1757 4868 Apostoli
1795 4783 2054 4844 montes
2079 4796 2282 4867 prop-

736 4904 840 4963 ter
896 4891 1316 4961 tii-mitatem.
1387 4884 1496 4953 Ad
1558 4883 1852 4953 Roman.
1921 4903 2067 4961 vm,
2134 4884 2273 4951 35:

740 5003 912 5087 Quis
964 5021 1089 5068 nos
1122 4992 1475 5089 separabit
1501 5015 1547 5061 a
1582 4991 1921 5061 charitate
1949 4989 2205 5060 Christi
2238 4988 2281 5057 Ρ

740 5108 938 5184 llinc,
964 5102 1146 5174 Psal.
1181 5122 1461 5180 mxxxvi,
1499 5100 1530 5169 1
1559 5119 1577 5168 z
1614 5096 2098 5167 Fundamenta
2126 5095 2281 5186 ejus

738 5218 810 5284 in
874 5209 1223 5282 montibus
1293 5208 1575 5287 sanctis,
1643 5204 1715 5274 id
1813 5212 1938 5284 est,
2036 5204 2274 5272 tii-mis.

739 5325 1066 5392 Sanctum
1125 5320 1307 5389 enim
1379 5317 1561 5386 idem
1616 5313 1938 5407 estquod
1977 5314 2274 5381 tirmum.

741 5429 938 5507 item.
1014 5435 1293 5519 propter
1374 5424 1535 5493 vitoe
1626 5421 2094 5492 eminentiam.
2171 5416 2280 5486 Ad

2350 585 2617 667 Petrus,
2678 594 2743 652 et
2796 584 3146 653 Andreas:
3214 587 3448 675 sactus
3512 597 3608 651 est
3702 610 3899 654 mons

2350 717 2668 784 maqnus.
2715 694 2909 777 Item,
2979 704 3257 785 propter
3312 695 3610 784 priorem
3664 694 3898 763 radio-

2349 823 2504 867 rum
2544 805 3066 891 susceptionem,
3129 811 3195 870 et
3251 802 3665 869 infusionem
3713 802 3865 868 aliis

2352 908 2534 976 Psal.
2572 932 2750 989 Lxxi,
2794 912 2833 977 3
2880 934 2893 978 :
2936 912 3336 1001 Suscipiunt
3374 921 3631 979 montes
3651 933 3894 1001 pacem

2340 1016 2635 1108 populo.

2445 1257 2481 1293 α
2520 1233 2619 1299 Et
2661 1231 2891 1299 colles.
2941 1259 2973 1295 ιο
3032 1231 3162 1302 Hic
3216 1231 3620 1300 secundum.
3683 1233 3895 1314 Quasi

2354 1337 2642 1407 diceret:
2697 1336 2812 1407 Sic
2855 1339 3167 1429 Apostoli
3226 1346 3385 1408 sunt
3446 1340 3655 1409 laetati
3702 1363 3719 1411 ε
3768 1370 3800 1404 «
3835 1352 3901 1409 et

2353 1447 2585 1529 colles,
2617 1476 2649 1508 ι»
2697 1447 2950 1516 scilicet
3004 1450 3307 1518 minores
3346 1451 3558 1517 sancti
3599 1459 3666 1518 et
3704 1450 3900 1541 Apo-

2354 1550 2684 1618 stolorum
2760 1574 3182 1620 successores
3250 1563 3316 1620 et
3391 1554 3523 1621 illis
3581 1554 3895 1645 subjecti,

2358 1681 2392 1722 α
2435 1657 2972 1736 exsultaverunt,
3022 1683 3054 1723 ιο
3104 1682 3227 1750 pro
3296 1660 3743 1730 conversione
3801 1662 3904 1728 in-

2354 1765 2685 1844 fidelium,
2757 1791 2791 1830 ι
2857 1768 3034 1833 sicut
3105 1769 3274 1857 aqni
3345 1771 3599 1847 ovium,
3648 1794 3681 1834 n
3729 1772 3904 1838 sicut

2355 1871 2698 1961 simplices
2726 1880 2793 1940 et
2822 1871 3124 1964 benigni.
3171 1874 3319 1941 Act.
3373 1897 3519 1954 xm,
3552 1877 3637 1943 52
3675 1898 3691 1942 ε
3736 1878 3906 1944 Dis-

2357 1979 2579 2070 cipuli
2646 1978 3088 2072 replebantur
3145 1983 3413 2073 qaudio
3492 1991 3556 2050 et
3628 1984 3904 2074 Spiritu

2355 2098 2615 2156 sancto.
2650 2087 2736 2156 Et
2770 2089 2945 2157 sicut
2994 2091 3179 2181 agni,
3246 2089 3550 2181 Sapient.
3601 2114 3742 2169 xix,
3805 2095 3899 2160 9:

2364 2196 2742 2285 Tamquam
2798 2198 2965 2287 aqui
3020 2196 3564 2275 exsultaverunt,
3624 2200 3907 2287 mayui-

2358 2301 2643 2390 ficantes
2664 2313 2751 2382 te,
2785 2305 3103 2384 Domine,
3145 2307 3271 2395 qui
3337 2305 3648 2375 liberasti
3713 2306 3902 2374 illos.

2361 2407 2494 2478 Isa.
2565 2432 2673 2492 ω’,
2742 2411 2850 2490 12,
2902 2410 2985 2477 de
3049 2412 3354 2502 utrisque
3413 2434 3429 2478 ε
3518 2415 3785 2481 Montes
3845 2424 3911 2480 et

2362 2514 2574 2583 colles
2598 2515 2977 2584 cantabunt
3014 2539 3246 2584 coram
3276 2517 3467 2587 vobis
3506 2519 3813 2588 laudem.

2463 2865 2496 2898 α
2539 2837 2729 2922 Quid
2752 2848 2850 2905 est
2887 2837 3039 2915 tibi,
3100 2837 3356 2905 mare?
3406 2863 3439 2903 ι
3501 2837 3628 2907 llic
3673 2859 3913 2906 secun-

2365 2944 2557 3024 dum,
2592 2947 2661 3014 in
2702 2969 2838 3037 quo
2895 2946 3333 3039 subjungitur
3388 2947 3747 3015 admiratio
3785 2971 3911 3039 pro

2367 3053 2816 3123 obduratione
2856 3055 3235 3124 nolentium
3285 3056 3588 3124 converti
3637 3064 3916 3148 propter

2369 3160 2859 3232 infidelitatem.
2917 3162 3257 3240 Secundo,
3313 3163 3694 3233 nolentium
3742 3185 3917 3233 eon-

2368 3271 2538 3338 verti
2587 3278 2864 3362 propter
2924 3270 3295 3340 carnalium
3353 3271 3912 3341 observationum

2369 3400 2701 3459 amorem,
2745 3378 2865 3464 ibi,
2910 3407 2943 3441 a
2979 3381 3071 3448 Et
3100 3388 3201 3456 tu,
3232 3378 3583 3448 Iordanis.
3631 3408 3665 3443 >v

2462 3485 2640 3576 Lege
2669 3509 2832 3577 ergo
2878 3486 3026 3554 sic:
3065 3486 3162 3554 lta
3207 3487 3547 3578 Apostoli,
3607 3495 3675 3556 et
3720 3487 3920 3579 Apo-

2373 3593 2707 3663 stolorum
2752 3592 3062 3685 discipuli
3110 3593 3578 3673 exsultabunt,
3614 3595 3916 3666 dicentes

2374 3699 2819 3771 admirando:
2853 3700 2911 3769 Ο
2936 3726 2970 3765 α
2992 3724 3204 3780 mare,
3234 3725 3267 3766 ι
3302 3723 3642 3781 amarum,
3664 3701 3923 3773 scilicet

2376 3808 2627 3902 popule
2653 3807 3073 3891 Judaeorum,
3127 3833 3161 3872 α
3189 3809 3368 3900 quid
3420 3818 3519 3876 est
3557 3809 3688 3878 tibi
3734 3810 3927 3902 quod

2373 3919 2629 4009 luqisti
2660 3915 2703 3984 ‘l
2730 3942 2765 3979 s
2796 3914 3115 3985 sciliceta
3154 3925 3294 3985 tam
3342 3919 3772 4008 apertissima
3806 3941 3925 3987 ve·

2375 4024 2602 4092 ritate.
2663 4021 2847 4091 Talis
2908 4022 3279 4114 increpatio
3346 4030 3474 4104 est,
3546 4022 3606 4090 lt
3688 4023 3917 4093 Paral.

2375 4152 2569 4211 xxnr,
2611 4132 2697 4200 20
2747 4152 2765 4201 ε
2836 4135 3067 4218 Quare
3105 4131 3675 4223 transqredimini
3724 4156 3928 4202 man·

2379 4238 2622 4305 datum
2650 4238 2960 4315 Domini,
2991 4237 3183 4329 quod
3204 4236 3397 4304 vobis
3421 4259 3558 4306 non
3580 4239 3920 4330 proderit,

2377 4353 2443 4413 et
2503 4344 2965 4436 dereliquistis
3045 4346 3428 4414 Dominum
3493 4355 3570 4413 ut
3623 4346 3929 4415 deretin-

2378 4462 2613 4545 queret
2637 4473 2756 4520 vos
2778 4451 2821 4520 P
2871 4450 2955 4520 Et
2984 4450 3132 4520 haec
3159 4451 3533 4543 increpatio
3569 4453 3827 4545 profuit
3853 4456 3928 4524 in

2382 4555 2748 4651 aliquibus.
2783 4556 2913 4627 lsa.
2970 4580 3156 4637 xant,
3191 4558 3316 4627 ¹6:
3385 4558 3596 4627 Dedit
3632 4561 3705 4628 in
3742 4563 3929 4630 mari

2380 4668 2592 4737 υἰαηι.
2625 4664 2734 4749 Et,
2810 4688 2871 4742 1..
2931 4667 2973 4734 2
3026 4687 3044 4733 z
3114 4666 3194 4734 In
3250 4665 3717 4758 increpatione
3771 4690 3928 4738 mea

2382 4772 2719 4841 desertum
2747 4773 3007 4865 jaciam
3064 4795 3281 4854 mare,
3315 4783 3394 4841 ut
3456 4772 3695 4862 ejiciat
3735 4796 3930 4843 mor-

2383 4888 2534 4948 tuos
2559 4901 2742 4958 suos,
2801 4879 2870 4948 id
2917 4887 3043 4963 est,
3110 4879 3331 4949 malos
3382 4888 3635 4948 motus.
3703 4881 3922 4972 Apoc.

2379 5011 2495 5067 xx,
2537 4989 2657 5057 13:
2731 4991 2830 5058 Et
2881 4988 3073 5058 dedit
3115 5013 3310 5060 mare
3368 4998 3676 5057 mortuos
3735 5012 3924 5071 suos,

2378 5095 2771 5166 confitendo
2799 5104 2866 5166 et
2903 5097 3284 5167 enarrando
3315 5095 3493 5165 illos.

2477 5336 2512 5375 α
2548 5313 2641 5380 Et
2693 5320 2799 5395 tu,
2852 5310 3208 5393 lordonis.
3258 5338 3291 5373 π
3357 5309 3486 5379 llic
3541 5320 3643 5380 est
3682 5335 3935 5382 secun-

2386 5417 2578 5487 dum.
2627 5417 2839 5499 Quasi
2877 5418 3173 5488 diceret:
3241 5416 3424 5498 Quid
3478 5427 3580 5489 est
3635 5420 3931 5491 infidelis

742 5535 991 5626 Philip.
1025 5556 1124 5612 ιιι,
1156 5535 1243 5601 20
1278 5554 1295 5601 ε
1331 5533 1585 5602 Nostra
1611 5527 2026 5599 conversatio
2053 5526 2123 5595 in
2151 5548 2287 5595 σω·
2385 5524 2703 5616 populus,
2736 5526 2922 5617 quod
2949 5549 2991 5594 a
3044 5526 3327 5596 veritate
3370 5525 3602 5618 iugis?
3631 5555 3666 5592 α
3698 5530 3798 5598 ΕΙ
3824 5538 3928 5609 tu,

739 5650 827 5716 Iis
861 5656 982 5714 est.
1020 5643 1283 5713 naum-l.
1319 5665 1391 5718 ιι,
1434 5641 1564 5708 2111
1606 5639 1959 5708 Abscissus
2007 5645 2104 5705 est
2168 5635 2284 5703 Ia-

2382 5632 2740 5712 dardanis,
2810 5660 2845 5697 ι
2913 5633 3164 5725 popule
3230 5632 3579 5702 humiliter
3652 5634 3933 5704 ‹lescen-
