5008 6329
1900 425 2615 499 COMMENTARIUS
2664 424 2759 492 IN
2805 423 3240 494 PSALMUM
3289 425 3589 497 CXVIII.
4266 432 4394 500 33'1

1174 623 1446 669 carnem
1485 611 1611 668 aut
1656 605 2070 694 sanquinem
2110 610 2406 679 tantum,
2447 598 2571 666 sed
2614 597 2738 665 ad·
2853 596 3274 677 eructabunt,
3317 608 3380 665 et
3409 600 3612 667 etiam
3647 629 3679 664 α
3717 601 3963 691 linqua
4027 625 4178 669 mea
4224 625 4399 694 pro-

1173 729 1401 773 versus
1460 708 1810 799 principes
1857 719 1921 776 et
1951 716 2352 800 potestates,
2403 703 2735 771 adversus
2851 703 3221 791 nuntiabit,
3260 733 3293 777 η
3318 707 3466 775 aliis
3491 708 3951 797 praedicando,
3991 711 4395 802 «cloquium

1171 812 1419 880 mundi
1447 825 1733 883 rectores
1772 815 2208 883 tenebrarum
2237 813 2518 879 Icarum.
2556 808 2735 877 Nota
2852 822 3109 882 tuum.»
3143 813 3343 881 Eccli.
3377 819 3771 896 xxxv11,2G:
3821 818 4247 908 Virsapiens,
4275 821 4393 911 qui

869 1360 1047 1427 in

865 5014 1046 5083 112

1170 920 1483 988 Glossam
1529 944 1547 990 z
1593 951 1627 986 α
1666 922 1892 1013 Supra
1945 923 2116 1011 petit
2154 918 2577 986 intellectum
2625 940 2729 986 se-

1174 1057 1206 1093 «
1241 1030 1541 1098 cundum
1582 1030 1965 1121 eloquium,
1993 1037 2120 1097 etc.
2155 1052 2187 1093 s

2848 941 2888 986 a
2922 919 3059 988 Deo
3081 920 3355 989 edoctus
3411 923 3632 1002 fuerit,
3680 924 3950 1014 plebem
3988 948 4191 993 suam
4229 951 4392 996 cru-

2848 1025 2975 1110 dit,
3009 1036 3072 1094 et
3095 1029 3363 1117 fructus
3414 1051 3644 1097 sensus
3700 1030 3900 1099 illius
3968 1031 4380 1114 laudabilis,

2846 1133 3108 1224 supple,
3143 1144 3265 1204 est.
3299 1135 3405 1215 Et,
3439 1159 3669 1216 xxxix,
3705 1141 3744 1205 9
3774 1160 3791 1207 τ
3838 1141 4219 1230 Tamquam
4262 1142 4390 1209 im-

2848 1238 2993 1307 bres
3051 1243 3272 1308 mittet
3336 1244 3608 1333 eloquia
3661 1247 4016 1335 sapimitiae
4078 1270 4239 1317 suae.
4305 1250 4386 1318 In

1255 1376 1288 1416 α
1322 1349 1765 1419 Eructabunt
1806 1348 2023 1417 labia.
2073 1374 2106 1415 ι
2179 1348 2308 1416 IIic
2345 1346 2723 1416 secuudum
2844 1346 3023 1414 Psal.
3071 1371 3300 1429 xxxix,
3337 1351 3400 1426 6,
3450 1374 3677 1441 supra,
3713 1352 3979 1421 dicebat
4018 1356 4388 1426 instructus

1163 1458 1368 1548 hujus
1396 1459 1635 1549 partiS,
1665 1456 1924 1526 scilicet
1957 1457 2308 1547 persuasio
2359 1454 2444 1522 ad
2492 1453 2727 1523 effica-
2848 1475 2888 1519 a
2924 1452 3109 1524 Deo:
3153 1458 3580 1525 Annuntiavi
3609 1469 3672 1526 et
3705 1459 3973 1528 locutus
3999 1483 4179 1529 sum.
4222 1463 4381 1532 Non

1165 1571 1310 1638 cius
1366 1566 1881 1658 impetrandum
1955 1568 2142 1658 quod
2199 1566 2488 1657 petitum
2548 1571 2651 1633 est
2702 1585 2719 1630 ε

1160 1674 1524 1769 persuadet
1562 1685 1795 1744 autem
1824 1697 1947 1766 per
1974 1674 2528 1766 promissionem.
2567 1674 2718 1741 Duo

1164 1792 1392 1855 autem
1423 1785 1785 1876 promittit.
1823 1783 2087 1864 Primo,
2119 1782 2249 1851 Dei
2297 1782 2596 1860 laudem,
2651 1789 2720 1850 et

1160 1894 1465 1963 laetitiam
1510 1895 1579 1960 in
1622 1891 1741 1961 illa
1769 1890 2001 1975 laude,
2033 1913 2193 1960 cum
2221 1891 2481 1959 dederit
2546 1890 2718 1980 peti-

1155 2007 1248 2068 ta.
1320 1996 1668 2076 Secundo,
1741 1997 2048 2065 veritatis
2126 1995 2707 2087 praedicationem,

1157 2109 1274 2185 ibi,
1317 2114 1383 2183 ἵ.
1435 2106 1602 2174 172:
1652 2132 1687 2169 α
1722 2102 2225 2173 Pronuntiabit
2256 2102 2530 2194 linqua.
2567 2129 2603 2170 ι

1241 2217 1424 2285 Dicit
1454 2238 1618 2307 ergo
1657 2238 1673 2282 :
1713 2213 1828 2283 Sic
1859 2213 2283 2283 intellectum
2320 2212 2431 2294 da,
2464 2221 2534 2281 et
2578 2235 2712 2303 pu-

1158 2326 1344 2394 rifica
1371 2323 1555 2392 mala
1586 2322 2034 2404 removendo,
2076 2330 2151 2390 ut
2189 2323 2410 2414 magis
2458 2320 2716 2390 intelli-

1160 2455 1344 2525 gam,
1386 2439 1455 2500 et
1517 2459 1552 2495 ιι
1584 2430 1778 2499 labia
1834 2453 1990 2499 mea
2046 2429 2478 2510 eructabunt,
2516 2457 2549 2492 »ι
2628 2452 2713 2498 ex

1152 2538 1531 2608 abundanti
1605 2536 1835 2606 cordis
1887 2536 2150 2617 laetitia,
2196 2565 2229 2600 «
2262 2538 2627 2627 hymnum,
2673 2562 2706 2603 ι

1130 2649 1451 2716 divinam
1509 2645 1785 2714 laudem
1843 2668 2003 2714 cum
2069 2644 2305 2713 laetitia
2365 2653 2433 2713 et
2507 2653 2710 2712 cantu

1150 2755 1516 2849 prolatam.
1550 2753 1687 2823 Isa.
1730 2777 1865 2832 mv,
1914 2755 1995 2821 1:
2047 2756 2356 2821 Decanta
2401 2751 2706 2833 laudem,

1143 2863 1368 2941 hinni,
1421 2883 1575 2952 quae
1601 2883 1740 2927 non
1771 2858 2120 2952 pariebas.
2182 2859 2290 2926 Ad
2339 2857 2589 2950 Ephes.
2632 2882 2703 2931 v,

1150 2970 1229 3036 19
1248 2969 1661 3058 :Loquentcs
1693 2963 2193 3057 vobismetipsis
2221 2964 2293 3031 iu
2313 2962 2710 3056 psalmis‚et

1147 3074 1449 3166 hymnis,
1485 3083 1549 3140 et
1576 3073 1863 3141 canticis
1886 3069 2401 3164 spiritualibus.
2450 3094 2486 3136 ι
2533 3071 2706 3141 Cum

1145 3182 1457 3260 docueris
1488 3203 1597 3248 me
1621 3179 2172 3270 justificationes
2213 3189 2396 3262 tuas,
2441 3206 2476 3242 ιο
2546 3178 2705 3248 Iidei

1150 3288 1502 3370 articulos,
1544 3288 1616 3355 in
1665 3310 1842 3380 quos
1899 3288 2166 3356 animas
2203 3286 2565 3375 justificas.
2595 3285 2706 3355 Ad

1143 3398 1438 3466 Roman.
1471 3419 1542 3475 v,
1581 3396 1652 3463 1:
1680 3395 2071 3485 Justificati
2097 3417 2258 3487 erqo
2286 3417 2374 3462 ez
2396 3393 2540 3485 fide
2575 3418 2707 3487 pa-

1147 3528 1288 3575 cem
1325 3502 1730 3575 habeamus.
1798 3502 1887 3571 Et
1950 3504 2385 3595 operationes
2422 3501 2639 3572 bonas
2685 3526 2702 3573 ε

1146 3609 1489 3678 Dominus
1520 3607 1706 3676 enim
1753 3629 1932 3700 quos
1987 3606 2321 3690 docuerit,
2371 3630 2512 3676 non
2550 3615 2708 3676 tan·

1140 3727 1283 3786 tum
1318 3716 1390 3784 in
1420 3713 1777 3785 credendis
1806 3714 2175 3796 illuminat,
2221 3715 2344 3784 sed
2398 3714 2486 3784 ad
2522 3715 2706 3786 bona

1138 3825 1447 3897 facienda
1502 3825 1779 3894 excitat.
1846 3824 2055 3894 Joan.
2125 3846 2224 3904 vi,
2267 3825 2396 3893 45:
2463 3824 2705 3894 Omnis

1140 3936 1264 4027 qui
1289 3933 1563 4002 audivit
1600 3956 1646 4001 a
1685 3934 1922 4011 Patre,
1981 3941 2049 4000 et
2077 3931 2348 4010 didicit,
2400 3934 2583 4001 veuit
2609 3933 2710 4003 ad

1142 4064 1271 4110 me.
1305 4039 1560 4108 Venire
1597 4047 1832 4107 autem
1864 4037 1951 4106 ad
1979 4035 2331 4107 Christum
2377 4047 2480 4107 est
2518 4038 2703 4110 bona

1141 4149 1386 4229 facere,
1420 4169 1561 4215 non
1622 4154 1894 4215 tantum
1964 4167 2403 4238 cognoscere.
2456 4145 2589 4215 lsa.
2624 4169 2697 4231 11,

1142 4257 1182 4325 3
1219 4278 1235 4325 :
1269 4253 1557 4324 Docebit
1600 4276 1725 4321 nos
1781 4255 1931 4321 vias
1971 4275 2163 4334 suas,
2204 4264 2269 4322 et
2306 4253 2705 4325 ambulabi·

1140 4384 1296 4430 mus
1324 4361 1395 4428 in
1429 4360 1695 4428 semitis
1739 4357 1921 4449 ejus.
1967 4357 2248 4428 Eructat
2285 4367 2517 4428 autem
2546 4359 2701 4452 ple-

1137 4494 1292 4547 nus,
1332 4468 1536 4538 Eccli.
1571 4492 1690 4554 xv,
1714 4470 1797 4537 5:
1829 4467 2268 4560 Adimptebit
2312 4467 2523 4537 illum
2553 4471 2703 4539 Do-

1139 4578 1542 4655 minus,etc.
1571 4574 1689 4645 Sic
1726 4574 1974 4667 plenus
2012 4575 2129 4667 qui
2159 4574 2431 4645 dicebat
2464 4599 2698 4670 supra,

1141 4683 1326 4752 l‘sal.
1371 4704 1553 4764 xciv,
1585 4684 1669 4750 2:
1712 4683 2084 4751 Eructavit
2119 4704 2236 4750 cor
2264 4704 2519 4751 meum.

1231 5036 1267 5078 ι
1308 5005 1810 5081 Pronuntiabit
1842 5007 2090 5098 linqua
2121 5029 2296 5074 mea.
2342 5031 2378 5072 ι
2419 5005 2550 5075 lIic
2587 5029 2701 5076 se—

1139 5118 1468 5198 cundum,
1523 5116 1597 5183 in
1653 5137 1794 5207 quo
1861 5112 2184 5184 dicuntur
2237 5114 2401 5182 duo.
2463 5112 2699 5184 Primo

1141 5228 1327 5298 enim
1368 5223 1711 5318 promittit
1751 5221 2059 5291 veritatis
2116 5220 2695 5313 praedicationem.

1143 5332 1486 5414 Secundo,
1519 5330 1711 5401 addit
1729 5350 2035 5407 causam,
2082 5328 2203 5415 ibi,
2267 5356 2305 5393 α
2340 5329 2524 5416 Quia
2553 5352 2697 5399 om-

1141 5446 1289 5516 nia.
1325 5470 1361 5511 ι

1225 5549 1408 5622 Dicit
1436 5572 1657 5643 ergo:
1716 5549 1835 5619 Sic
1897 5546 2083 5618 labia
2146 5570 2304 5618 mea
2357 5548 2698 5642 hymnum

1215 5786 1235 5825 ¹
1260 5784 1348 5847 ct.
1378 5783 1584 5842 nauh.
1614 5799 1749 5857 xxv,
1780 5782 1853 5839 24
1871 5785 1933 5841 et
1960 5797 2091 5856 seq.

1399 5916 1518 5960 xm

2838 1582 2953 1628 ero
2983 1563 3157 1631 sicut
3180 1587 3413 1632 servus
3450 1568 3664 1657 piger,
3708 1569 3825 1658 qui
3884 1567 4241 1639 abscondit
4278 1579 4383 1639 ta-

2832 1664 3094 1739 lentum
3124 1671 3378 1740 domini
3430 1675 3558 1753 sui,
3608 1684 3675 1743 et
3712 1676 4075 1745 damnatus
4096 1686 4197 1746 est
4228 1695 4271 1748 ¹.

2924 1915 2960 1952 «
2996 1890 3177 1975 Quia
3207 1892 3438 1957 omnia
3486 1892 3839 1959 mandata.
3888 1917 3921 1958 ι
3964 1892 4086 1961 Hic
4117 1917 4371 1963 secun-

2831 1995 2994 2063 dum
3082 1995 3285 2086 hujus
3387 1999 3757 2088 particulae.
3856 1999 4124 2093 Lingua
4207 2024 4364 2072 mea

2829 2101 3299 2191 pronuntiabit
3360 2101 3708 2196 eloquium
3765 2114 3989 2187 tuum,
4034 2108 4218 2199 quod
4254 2110 4379 2199 ju-

2831 2216 3013 2277 stum
3052 2217 3153 2278 est
3179 2213 3626 2301 pronuntiari,
3649 2222 3715 2281 et
3747 2214 4105 2305 publicari,
4152 2242 4185 2283 «
4210 2219 4380 2309 quia

2830 2320 3061 2386 omnia
3100 2322 3433 2388 mandata
3472 2333 3593 2389 tua
3628 2325 3946 2414 aequitas,
3985 2353 4017 2386 »
4055 2309 4376 2417 aequitate

2826 2425 3051 2517 plena.
3086 2426 3145 2494 11
3178 2428 3371 2497 Esdr.
3407 2453 3499 2510 ix,
3550 2432 3668 2498 13:
3714 2431 3987 2500 Dedisti
4035 2436 4132 2502 eis
4157 2435 4376 2525 judi-

2828 2534 2935 2601 cia
2972 2543 3178 2614 recta,
3212 2543 3338 2603 etc.
3371 2536 3479 2604 Ad
3513 2537 3799 2606 Roman.
3832 2561 3955 2618 vu,
3994 2541 4115 2607 ¹2:
4160 2544 4375 2609 Man-

2826 2641 3070 2710 datum
3096 2652 3431 2723 sanctum,
3482 2645 3786 2734 justum,
3819 2657 3884 2713 et
3915 2646 4192 2715 bonum.
4234 2647 4372 2719 Eo-

2826 2771 2902 2817 ce
2931 2771 3119 2841 ergo,
3154 2751 3496 2841 quomodo
3555 2754 3886 2843 promittit
3927 2776 4244 2824 enarrare
4275 2757 4364 2826 ad

2822 2855 3114 2946 gloriam
3144 2857 3295 2941 Dei,
3352 2859 3408 2925 si
3463 2861 3523 2926 ci
3571 2859 3829 2929 dederit
3866 2863 4253 2943 scientiam,
4294 2872 4360 2933 et

2823 2965 3061 3035 vitam.
3095 2965 3301 3036 Eccli.
3335 2988 3420 3048 ιι,
3455 2968 3539 3035 23
3576 2989 3592 3034 :
3636 2971 3858 3037 Danti
3898 2971 4366 3063 mihisapicn-

2819 3071 3020 3153 tiam,
3053 3070 3232 3140 dabo
3270 3071 3601 3164 qloriam.

2912 3420 2945 3461 ι
2988 3396 3151 3465 Fiat
3181 3418 3427 3465 manus
3464 3409 3606 3468 tua.
3658 3424 3691 3465 ι
3740 3399 3870 3469 IIic
3912 3402 4191 3470 tertium
4219 3403 4367 3495 pri·
4467 3418 4647 3489 113

2819 3527 2948 3574 mae
2977 3505 3212 3596 partis,
3247 3506 3316 3572 in
3345 3529 3480 3597 quo
3523 3507 3805 3577 tendens
3860 3509 3946 3577 ad
3985 3519 4265 3597 aeterna,
4299 3521 4367 3581 et

2821 3613 3177 3683 intendens
3213 3615 3287 3684 in
3343 3616 3483 3700 illa,
3519 3619 3680 3708 petit
3721 3619 4090 3690 salutarem
4119 3623 4364 3703 vitam,

2819 3730 2886 3792 et
2903 3730 3228 3790 aeternam
3273 3744 3288 3789 :
3323 3730 3387 3790 et
3416 3723 3731 3793 dicuntur
3759 3725 3921 3795 duo.
3960 3727 4221 3813 Primo,
4249 3751 4364 3820 pe-

2817 3831 2898 3899 tit
2938 3830 3240 3899 medium
3269 3831 3354 3899 ad
3392 3831 3819 3905 salvandum.
3856 3835 4201 3917 Secundo,
4246 3860 4357 3906 os—

2819 3938 3035 4008 tendit
3063 3938 3382 4018 t'ructum,
3426 3939 3542 4024 ibi,
3576 3947 3638 4015 5.
3681 3942 3842 4010 175:
3900 3967 3933 4008 «
3990 3944 4174 4012 Vivet
4202 3947 4366 4013 ani-

2819 4067 2933 4114 ma
2964 4068 3138 4114 mea.
3169 4071 3202 4112 ι

2907 4149 2983 4219 ln
3050 4152 3269 4243 prima
3324 4152 3485 4223 duo.
3529 4153 3786 4235 Primo,
3846 4158 4011 4247 petit
4044 4157 4357 4229 divinum

2816 4258 3233 4349 adjutorium
3315 4260 3399 4328 ad
3462 4262 3864 4331 salvandum
3920 4265 4354 4355 generaliter.

2818 4366 3162 4454 Secundo,
3230 4368 3523 4440 ostendit
3595 4369 4005 4440 desiderium
4070 4373 4157 4442 ad
4241 4376 4358 4444 ad-

2805 4476 3142 4566 jutorium
3181 4476 3375 4560 illud,
3414 4479 3533 4558 ibi,
3592 4488 3656 4557 ἵ.
3698 4481 3822 4548 174
3848 4503 3866 4550 :
3893 4505 3929 4547 ι
3977 4482 4357 4576 Concupivi

2808 4586 3142 4658 salutare.
3176 4612 3215 4651 ιι

2903 4691 2983 4760 In
3002 4692 3221 4784 prima
3242 4692 3400 4762 duo.
3430 4694 3687 4779 Primo,
3716 4697 3884 4787 petit
3906 4697 4349 4787 adjutorium.

2819 4800 3163 4884 Secundo,
3237 4803 3424 4873 addit
3485 4828 3759 4874 causam
3835 4829 4047 4899 quare
4113 4807 4357 4878 debeat

2816 4910 3307 5005 exaudit-hibi,
3345 4937 3378 4978 ι
3416 4914 3754 4998 Quoniam
3786 4916 4146 4987 mandata.
4177 4943 4208 4982 n

2908 5018 3083 5089 Dicit
3110 5042 3275 5111 ergo
3305 5041 3322 5090 t
3368 5017 3481 5090 Sic
3537 5020 3622 5090 da
3652 5022 4100 5103 intellectum,
4130 5034 4197 5093 et
4224 5049 4357 5118 pu-

2817 5125 3005 5195 rifica
3059 5125 3400 5208 affectum,
3450 5137 3516 5197 et
3570 5131 3775 5198 etiam
3849 5158 3878 5193 ι
3913 5131 4047 5220 fiat
4112 5155 4359 5202 naamis

2816 5243 2966 5316 tua,
3038 5259 3071 5300 ι
3139 5239 3439 5327 potentia
3503 5247 3567 5308 et
3632 5238 4053 5327 adjutorium
4128 5248 4353 5324 tuum,

2820 5367 2856 5407 α
2899 5352 2976 5410 ut
2999 5341 3220 5411 salvet
3265 5367 3392 5430 me,
3429 5370 3462 5411 ι
3505 5344 3588 5414 ab
3637 5345 3825 5414 omni
3869 5346 4142 5415 miseria
4180 5372 4360 5441 prae·

2817 5446 3033 5517 senti:
3067 5444 3200 5517 hoc
3251 5449 3433 5517 enim
3498 5456 3720 5542 potest
3756 5457 3875 5520 tua
3914 5475 4183 5523 manus.
4214 5451 4352 5524 Isa.

2813 5577 2949 5636 ux,
2987 5557 3018 5623 1
3058 5576 3077 5626 ε
3116 5557 3290 5626 Ecce
3322 5580 3458 5625 non
3521 5567 3617 5626 est
3663 5556 4062 5629 abbreviata
4111 5585 4358 5632 marius
