5008 6329
666 359 798 427 246

667 541 737 601 et
764 535 992 611 etiam,
1021 560 1055 595 κ
1080 531 1393 607 Domine,
1432 529 1816 597 benedictus
1843 555 1932 609 es,
1970 559 2004 595 ιο
2040 540 2105 599 et
2145 533 2214 598 in

665 642 912 730 teipso,
950 639 1065 729 qui
1095 661 1167 704 es
1195 645 1443 704 aeterna
1492 647 1556 705 et
1601 662 1870 708 summa
1932 639 2217 708 benedi-

667 748 829 825 cti0,
862 755 928 814 et
965 746 1034 811 in
1073 745 1229 822 tuis,
1266 746 1337 811 in
1372 769 1545 836 quos
1576 748 1863 838 gratiam
1891 746 2208 823 infundis,

667 861 738 922 et
789 855 885 919 sic
950 873 1065 919 eos
1123 852 1489 921 benedicis.
1545 854 1727 921 Psal.
1784 876 2062 928 Lxxxm,
2108 853 2147 918 8
2195 874 2209 917 t

662 959 1231 1039 Benedictionem,
1264 963 1499 1052 gratiae
1532 963 1746 1051 ipsam
1769 958 2210 1038 infundeudO,

665 1065 863 1134 dabit
893 1066 1269 1158 leqislator.
1306 1068 1370 1137 ΙΙ
1399 1069 1487 1137 ed
1514 1066 1827 1135 Corinth.
1862 1090 1910 1147 ι,
1953 1068 2032 1134 3:
2088 1069 2215 1134 Be-

662 1176 972 1244 nedictus
1004 1179 1207 1257 Deus,
1241 1187 1305 1244 et
1312 1184 1513 1266 pater
1542 1177 1827 1242 Domini
1855 1177 2074 1242 nostri
2105 1177 2216 1243 Je-

662 1305 748 1351 su
789 1283 1063 1353 Christi.
1096 1282 1183 1350 Et
1206 1283 1364 1371 quia
1394 1283 1493 1348 sic
1521 1279 1938 1361 benedictus„
1986 1305 2020 1346 α
2054 1281 2214 1349 doce

662 1413 796 1471 me,
844 1414 877 1456 s
918 1387 1180 1480 supple,
1213 1388 1457 1468 facere,
1499 1410 1640 1456 non
1678 1396 1941 1456 tantum
1969 1387 2214 1456 intelli-

666 1520 853 1588 gere,
921 1504 1000 1563 ut
1065 1517 1267 1586 supra
1337 1497 1528 1585 petii,
1608 1520 1642 1561 α
1672 1496 2213 1585 justificationes

664 1616 869 1673 tuas.-
904 1629 936 1668 »
1002 1604 1153 1671 sine
1201 1612 1266 1670 te
1313 1605 1497 1671 enim
1549 1625 1688 1670 non
1733 1624 2038 1692 possum.
2075 1601 2204 1669 isa.

661 1732 853 1789 xxv1,
891 1710 971 1776 12
1003 1732 1025 1776 .·
1061 1709 1311 1779 Omnia
1354 1732 1562 1800 opera
1614 1717 1850 1776 nostra
1891 1718 2211 1798 operatus

662 1842 733 1886 es
794 1816 1011 1897 nobis,
1087 1818 1403 1885 Domine.
1474 1816 1677 1884 Joan.
1728 1839 1847 1897 xv,
1905 1818 1986 1884 5:
2046 1817 2212 1885 Sine

662 1947 773 1992 me
827 1924 1010 1991 nihil
1046 1924 1329 2016 potestis
1360 1925 1613 2013 facere.
1648 1922 1754 1991 Ad
1793 1921 2089 2013 Philipp.
2135 1944 2207 2002 11,

663 2033 751 2100 13
786 2052 803 2101 t
844 2033 1024 2099 Deus
1051 2033 1175 2122 qui
1218 2039 1545 2122 operatur
1589 2031 1663 2097 in
1708 2029 1904 2098 nobis
1948 2029 2125 2098 velle
2148 2039 2213 2098 et

657 2139 1005 2233 perficere,
1041 2161 1173 2230 pro
1216 2136 1396 2206 bona
1433 2138 1812 2206 voluntate.

762 2487 797 2528 a
828 2462 912 2531 In
944 2462 1151 2531 labiis
1172 2465 1366 2532 meis.
1402 2488 1438 2531 s
1472 2463 1602 2533 Hic
1627 2465 2000 2557 persuasio.
2047 2463 2212 2533 Per·

668 2570 911 2639 suadet
973 2578 1202 2639 autem
1268 2594 1307 2639 a
1355 2571 1647 2641 duobus.
1707 2572 1761 2640 A
1816 2572 2214 2642 manifesta-

669 2676 859 2746 tione
894 2675 1312 2768 judiciorum
1351 2679 1478 2747 Dei
1538 2679 1713 2759 aliis,
1756 2678 1867 2747 vel
1907 2680 2214 2748 interiori

666 2785 1114 2869 discussione,
1170 2793 1237 2855 et
1282 2786 1416 2856 hoc
1473 2788 1721 2878 primo.
1769 2788 2112 2872 Secunde,
2171 2809 2213 2856 a

665 2893 1113 2963 delectatione
1159 2894 1494 2985 spirituali
1539 2897 1606 2963 in
1661 2896 1997 2964 mandatis
2059 2895 2212 2974 Dei,

666 3001 791 3081 ibi,
821 3007 890 3078 5.
928 3001 1051 3069 14:
1087 3026 1122 3067 a
1154 3002 1237 3069 In
1265 3003 1381 3069 via
1413 3003 1899 3074 testimonium.
1939 3028 1975 3071 s

760 3107 974 3190 Quasi
1011 3109 1309 3180 diceret:
1348 3109 1465 3179 Sic
1504 3132 1699 3203 rogo,
1730 3110 1917 3203 quod
1969 3109 2217 3181 doceas

667 3237 784 3286 me
821 3217 1040 3286 iacere
1068 3217 1591 3308 justificationes
1618 3226 1811 3287 tuas:
1852 3225 1921 3287 et
1946 3216 2077 3287 hoc
2104 3239 2216 3287 ne·

667 3346 857 3394 cesse
904 3332 984 3393 ut
1029 3325 1300 3408 faciam,
1348 3326 1514 3417 quia
1578 3351 1615 3391 ι
1643 3326 2100 3419 pronuntiavi
2144 3327 2218 3393 in

664 3429 884 3499 labiis
940 3431 1133 3510 meis,
1169 3455 1205 3498 s
1251 3430 1568 3501 distincte
1624 3438 1693 3500 et
1722 3430 2009 3501 discrete
2038 3430 2215 3512 aliis,

673 3563 712 3605 ι
745 3539 981 3607 omnia
994 3538 1280 3629 judicia
1339 3538 1481 3607 oris
1511 3539 1640 3608 tui.
1675 3563 1711 3603 ιι
1763 3538 1945 3609 Psal.
1976 3561 2214 3617 xxxix,

679 3650 764 3718 ¹0
797 3672 817 3720 ε
847 3650 1278 3719 Annuntiaoi
1308 3649 1675 3741 justitiam
1724 3660 1919 3721 tuam
1965 3652 2039 3720 in
2074 3653 2221 3722 Ec—

661 3757 883 3827 clesia
936 3779 1220 3849 maqna,
1252 3780 1395 3826 ecee
1454 3757 1648 3827 labia
1685 3772 1839 3827 mea
1883 3782 2020 3829 non
2051 3782 2221 3853 pro-

663 3862 939 3948 hibebo,
972 3869 1100 3933 ete.

756 3969 905 4040 Sed
960 3978 1239 4040 contra:
1302 3969 1554 4041 Statim
1599 3968 1800 4057 dixit,
1839 3972 2025 4065 quod
2058 3971 2221 4042 aba·

666 4080 908 4151 condit
935 4078 1206 4172 eloquia
1235 4079 1360 4149 Dei
1387 4081 1463 4149 in
1492 4080 1741 4151 corde:
1774 4079 2057 4173 eloquia
2091 4104 2223 4149 au·

669 4197 815 4258 tem
872 4187 1025 4267 Dei,
1052 4188 1310 4279 judicia
1384 4188 1512 4258 Dei
1569 4196 1751 4257 sunt.
1785 4188 2216 4280 Respondeo.

674 4295 1034 4387 Distingus
1081 4304 1415 4387 tempora.
1461 4293 1695 4364 Primo
1758 4294 2036 4387 quidem
2073 4295 2223 4364 elo-

674 4403 838 4496 quia
861 4400 990 4471 Dei
1022 4409 1202 4471 suut
1243 4400 1756 4482 abscondenda,
1797 4409 1867 4471 et
1919 4403 2221 4471 maxime

672 4509 960 4579 canibus
984 4516 1051 4578 et
1092 4509 1342 4600 porcis,
1383 4509 1825 4602 postmodum
1862 4507 2224 4602 publican-

672 4616 762 4687 da
789 4615 897 4685 his
944 4638 986 4685 a
1029 4617 1280 4710 quibus
1334 4624 1649 4708 speratur
1674 4615 1933 4687 fructus
1970 4615 2127 4686 fidei
2156 4624 2223 4685 et

668 4721 873 4792 bonae
911 4724 1352 4815 operationis.
1417 4722 1503 4792 Et
1542 4730 1661 4792 'est
1716 4724 1980 4815 optima
2015 4724 2220 4803 ratio,

675 4852 887 4924 quare
917 4830 1115 4902 debet
1160 4830 1431 4900 darent
1474 4831 1698 4900 iaciat.
1728 4830 1984 4902 Rector
2024 4832 2225 4901 ‘enim

675 4938 971 5008 aliorum
1016 4939 1205 5031 prius
1251 4936 1453 5007 debet
1504 4937 1752 5017 iacere,
1794 4960 2003 5030 quam
2055 4938 2228 5008 alios

665 5045 940 5115 doceat.
974 5046 1125 5114 Act.
1159 5067 1205 5123 ι,
1246 5046 1284 5114 l
1319 5068 1338 5115 t
1385 5046 1608 5139 Coepit
1638 5048 1839 5114 Iesus
1875 5048 2132 5138 lacere,
2163 5055 2229 5115 et

664 5152 937 5221 'dacer-e.
986 5151 1095 5221 Ad
1140 5150 1435 5221 Roman.
1494 5173 1569 5231 n,
1612 5152 1743 5221 21:
1800 5153 1942 5239 Qui
2001 5151 2228 5222 alium

655 5258 898 5340 ‘docem
930 5259 1218 5352 teipsum
1252 5280 1392 5328 non
1421 5258 1616 5327 doces
1639 5256 1682 5326 ?

760 5362 921 5443 le,
948 5372 1173 5456 posset
1196 5364 1486 5457 intelligi
1518 5365 1602 5434 de
1632 5363 1830 5435 labiis
1867 5366 2090 5436 cordis
2118 5366 2233 5435 in-

657 5462 1089 5553 terioribus,
1146 5488 1285 5542 non
1350 5474 1435 5544 de
1493 5474 1693 5544 labiis
1734 5468 2226 5558 exterioribus,

747 5687 771 5726 ¹
799 5686 885 5745 Gt.
918 5687 1131 5747 Ganos.
1160 5702 1242 5757 xi,
1266 5686 1302 5744 8
1329 5689 1393 5744 at
1417 5688 1474 5746 9.

1660 354 1747 424 D.
1797 355 1996 425 ALB.
2048 357 2265 427 MAG.

2318 357 2523 428 ORD.
2547 347 2554 352 ’
2577 357 2872 426 PRAED.

2321 552 2469 618 quie
2535 529 2795 597 Seneca
2859 537 3062 598 vocat
3099 551 3416 596 summa:
3464 555 3497 594 α
3541 531 3724 610 Νοη,
3760 533 3870 598 in-

2322 662 2357 697 «
2399 637 2567 723 quit,
2602 657 2641 700 a
2678 637 2965 700 summis
2997 635 3194 726 labiis
3244 636 3372 703 ista
3428 645 3784 703 venerunt.
3824 662 3856 701 s

2320 739 2593 806 Habent
2648 741 2830 807 enim
2885 739 3328 808 fundamenta
3394 743 3556 825 duo,
3614 741 3869 808 scilicet

2316 847 2492 914 labia
2526 849 2875 929 interiora,
2920 846 3335 915 intellectum
3377 849 3630 916 scilicet
3668 856 3734 916 et
3764 847 3868 914 ai—

2315 956 2590 1024 iectum.
2646 953 2956 1045 Sophon.
2991 977 3089 1034 ιιι,
3123 956 3209 1022 9;
3273 957 3453 1038 Quia
3502 965 3664 1022 tunc
3709 954 3868 1022 red-

2318 1066 2480 1134 dam
2499 1064 2789 1156 populis
2820 1063 3089 1131 labium
3120 1064 3432 1143 electum,
3468 1072 3543 1132 ut
3585 1066 3868 1131 interius

2317 1176 2387 1242 in
2442 1175 2644 1242 corde
2709 1196 2835 1242 suo
2864 1177 3090 1264 primo
3145 1176 3614 1265 pronuntient,
3659 1197 3866 1264 quam

2316 1284 2512 1351 labiis
2532 1283 2984 1352 exterioribus
3009 1284 3308 1352 exterius
3345 1285 3715 1375 proferant.
3754 1283 3869 1350 Sic

2317 1391 2498 1459 enim
2516 1389 2813 1481 proferre
2835 1393 3160 1474 exteriuS,
3185 1399 3418 1459 utnon
3451 1391 3870 1459 discernatur

2316 1499 2623 1577 interiuS,
2649 1505 2750 1566 est
2778 1498 3193 1566 confundere
3226 1499 3510 1581 labium,
3544 1497 3870 1588 quemad-

2317 1607 2598 1675 modum
2625 1608 2879 1675 factum
2911 1616 3013 1676 est
3067 1608 3136 1674 in
3166 1608 3661 1676 aedificantibus
3718 1616 3869 1675 tur-

2315 1716 2441 1781 rim
2479 1714 2970 1805 Babylonicum
3003 1716 3047 1781 ¹.
3091 1714 3194 1782 Da
3224 1737 3388 1806 ergo
3431 1716 3674 1792 facere,
3707 1716 3867 1805 quia

2318 1848 2352 1886 α
2394 1824 2467 1890 in
2499 1821 2728 1901 labiis,
2766 1849 2799 1885 n
2862 1822 3302 1890 interioribus
3359 1826 3572 1913 priuS,
3632 1851 3664 1884 α
3698 1844 3868 1913 pro-

2313 1930 2634 1998 nuntiavi
2678 1930 2914 1997 omnia
2939 1930 3253 2020 judicia,
3293 1956 3324 1995 s
3369 1939 3508 1998 tam
3561 1929 3675 1996 illa
3714 1929 3868 2019 qui·

2313 2038 2441 2105 bus
2469 2037 2735 2129 judicas
2782 2040 2850 2104 in
2891 2039 3238 2128 praesenti,
3284 2061 3488 2129 quam
3532 2037 3651 2106 illa
3708 2037 3868 2128 qui-

2314 2144 2442 2212 bus
2454 2143 2882 2233 judicaturus
2911 2166 2984 2213 es
3017 2147 3083 2212 in
3123 2144 3494 2227 futuro,'dc
3527 2145 3775 2235 quibus
3800 2145 3866 2211 in

2319 2249 2501 2318 Psal.
2536 2271 2741 2328 xxxv,
2786 2251 2826 2317 7
2853 2271 2871 2317 ε
2899 2249 3184 2318 Iudicia
3210 2260 3334 2318 tua
3363 2250 3653 2340 abyssus
3679 2249 3873 2317 mul-

2317 2367 2412 2424 ta.
2449 2356 2558 2424 Ad
2605 2355 2898 2424 Roman.
2958 2378 3056 2435 xi,
3125 2357 3252 2426 33:
3327 2360 3387 2426 Ο
3422 2356 3727 2424 altitudo
3763 2379 3874 2423 sa·

2310 2465 2611 2557 pientiae,
2637 2474 2700 2532 et
2716 2465 3017 2532 seientia!
3052 2466 3221 2532 Dei!
3247 2486 3456 2555 quam
3487 2467 3874 2555 incompre-

2316 2569 2687 2638 hensibilia
2734 2578 2900 2638 sunt
2941 2570 3230 2661 judicia
3267 2570 3446 2660 ejus,
3496 2580 3560 2638 et
3589 2570 3870 2637 int-esti-

2318 2677 2591 2768 9abiles
2625 2679 2752 2746 viae
2796 2677 2955 2769 ejus
2983 2682 3014 2746 ,Ι
3085 2707 3118 2742 α
3144 2680 3455 2763 Iudicia,
3487 2707 3522 2740 νυ
3588 2682 3867 2771 inquam

2326 2811 2359 2847 a
2390 2788 2531 2853 oris
2559 2787 2688 2867 tui,
2734 2812 2768 2849 n
2803 2785 2870 2853 id
2929 2793 3058 2867 est,
3100 2809 3222 2877 per
3249 2810 3326 2855 os
3364 2796 3586 2866 tuum,
3621 2809 3866 2877 quem-

2319 2913 2612 2983 cumque
2696 2890 3216 2984 prophetarum,
3303 2890 3474 2960 mihi
3565 2900 3866 2962 ostensa.

2318 2997 2685 3090 Prophetae
2723 3000 2911 3069 enim
2951 3021 3076 3069 ora
3110 3007 3297 3080 sunt,
3343 3000 3472 3068 lsa.
3519 3023 3702 3077 ινιιι,
3740 3000 3863 3067 ¹4:

2323 3109 2417 3179 Os
2451 3109 2630 3177 enim
2659 3108 2950 3179 Domini
2978 3107 3286 3179 locutam
3316 3119 3437 3179 est.
3473 3107 3583 3191 Et,
3611 3109 3866 3178 Jerem.

2319 3239 2436 3296 xv,
2475 3218 2604 3287 ¹9:
2646 3218 2728 3287 Si
2751 3219 3179 3311 separaveris
3200 3221 3581 3311 pretiosum
3624 3242 3668 3284 a
3711 3217 3866 3300 vili,

2322 3328 2527 3417 quasi
2552 3349 2629 3394 os
2653 3348 2881 3395 meum
2911 3328 3072 3396 eris.

2414 3673 2448 3714 α
2482 3648 2567 3716 In
2603 3648 2720 3718 oia
2758 3649 3336 3719 testimoniorum.
3381 3677 3416 3715 s
3448 3650 3507 3719 11
3521 3654 3580 3721 ic
3619 3674 3870 3720 secun-

2323 3753 2517 3838 dum,
2584 3756 2655 3824 in
2719 3777 2857 3847 quo
2897 3756 3142 3825 suadet
3198 3779 3240 3826 a
3303 3756 3759 3828 delectatione
3797 3760 3867 3828 in

2322 3860 2663 3931 mandatis
2690 3861 2842 3931 Dei.

2412 3969 2531 4038 Ait
2573 3971 2801 4039 enim:
2846 3968 2964 4040 Sic
3012 3970 3183 4041 doce
3237 3972 3484 4050 iacere,
3523 3974 3687 4064 quia
3716 3994 3871 4065 pro·

2326 4077 2662 4161 nuntiavi,
2701 4085 2771 4147 et
2821 4078 3030 4147 etiam
3099 4104 3134 4145 a
3176 4078 3553 4148 delectatus
3604 4102 3786 4159 sum,
3833 4107 3868 4142 a

2325 4182 2612 4251 interius
2653 4183 2725 4252 in
2797 4183 3031 4266 corde,
3076 4211 3111 4249 κ
3153 4184 3226 4252 in
3280 4186 3396 4252 via
3443 4186 3872 4252 testimonio·

2324 4302 2481 4358 rum
2509 4295 2813 4358 tuorum.
2855 4310 2894 4354 υ
2925 4289 3131 4369 Nota,
3180 4290 3357 4360 sicut
3410 4291 3562 4360 vult
3599 4290 3865 4370 Glossa.

2326 4397 2512 4491 quod
2557 4398 2950 4469 testimonia
2994 4399 3376 4471 dilectionis
3429 4401 3555 4471 Dei
3602 4402 3689 4472 ad
3742 4422 3872 4470 nos

2323 4514 2486 4573 sunt
2513 4503 2842 4575 beneficia
2882 4527 3157 4599 semper
3199 4507 3433 4600 generi
3481 4506 3783 4577 humano
3832 4530 3874 4577 a

2331 4609 2474 4680 Deo
2538 4609 2871 4698 exhibita,
2938 4612 3298 4706 potissime
3350 4613 3464 4683 illa
3537 4637 3693 4707 quae
3753 4637 3877 4708 per

2328 4715 2677 4787 Christum
2714 4725 2875 4789 sunt
2909 4718 3115 4789 nobis
3150 4719 3483 4801 exhibita,
3532 4723 3708 4791 sicut
3756 4721 3876 4791 ln-

2331 4826 2660 4907 caruatio,
2720 4825 2987 4911 Passio,
3022 4832 3090 4896 et
3154 4826 3290 4897 alia
3335 4827 3763 4920 hujusmodi,
3807 4829 3877 4897 in

2331 4955 2629 5025 quorum
2653 4932 2795 5014 via,
2837 4933 2907 5003 id
2933 4940 3061 5022 est,
3093 4934 3517 5006 exhibitione
3536 4936 3873 5016 ordinata,

2328 5039 2838 5111 delectandum.
2895 5039 3145 5135 Supra,
3178 5042 3252 5111 in
3294 5042 3477 5113 Psal.
3512 5066 3742 5122 cxxvi.
3784 5046 3871 5115 4:

2334 5150 2601 5218 Memor
2668 5148 2788 5240 sui
2830 5147 2988 5228 Dei,
3054 5148 3325 5242 supple,
3393 5151 3466 5219 in
3531 5151 3881 5221 beneficiis

2335 5256 2504 5337 suis,
2553 5264 2618 5324 et
2666 5253 3047 5325 delectatus
3095 5279 3276 5325 sum.
3322 5256 3404 5325 Et
3437 5257 3630 5338 alibi,
3691 5258 3876 5329 Psal.

2321 5376 2470 5445 xm,
2489 5365 2544 5433 25
2577 5358 2996 5433 :Deieetasti
3028 5385 3160 5444 me,
3191 5366 3513 5450 Domine,
3533 5368 3618 5434 in
3651 5366 3898 5459 laetu·>

2334 5480 2599 5556 ra‘tua,
2631 5469 2702 5538 in
2731 5467 2848 5539 ‘his
2876 5468 3134 5539 scilicet
3169 5488 3324 5561 quae
3341 5492 3468 5562 pro
3496 5492 3608 5541 me
3633 5471 3877 5544 iecisti.

4007 3663 4126 3731 14
