5008 6329
726 348 855 415 356

720 544 928 611 quam
996 519 1081 587 ad
1138 516 1514 606 exemplar,
1575 524 1650 583 ut
1727 517 1887 608 quid
1939 517 2278 608 agendum

717 627 920 694 fuerit
964 633 1122 715 post
1179 622 1738 691 emundationem
1781 624 2051 714 plenius
2115 646 2281 712 cog-

715 753 1107 799 noscamus.
1161 730 1378 797 Exod.
1443 754 1605 809 xxv,
1679 733 1763 800 40
1811 754 1824 796 :
1889 732 2175 820 Inspice,
2218 740 2280 794 et

711 841 852 928 sac,
903 839 1138 905 omnia
1172 838 1450 915 scilicet,
1485 837 1858 905 secundum
1898 836 2272 926 exemplar,

714 945 902 1034 quod
964 945 1094 1014 tibi
1167 947 1240 1012 in
1325 955 1552 1012 monte
1629 953 2087 1009 monstratum
2154 953 2271 1009 est.

710 1052 1088 1145 Tamquam
1129 1054 1517 1142 adjutorem
1558 1052 1627 1117 in
1667 1049 1987 1118 omnibus
2028 1049 2158 1129 his,
2204 1042 2279 1117 ut

709 1170 926 1231 totum
958 1164 1019 1230 ei
1057 1160 1471 1242 tribuamuS,
1502 1157 1650 1226 Act.
1688 1181 1805 1234 vu,
1842 1160 1954 1238 55,
1993 1157 2280 1249 Stepha-

711 1290 839 1336 nus
898 1266 984 1334 ad
1035 1267 1263 1355 ipsum
1317 1270 1612 1332 stantem
1666 1264 1736 1331 in
1801 1263 1989 1331 coelis
2039 1262 2274 1331 oculos

709 1375 986 1454 levavit,
1065 1379 1134 1441 et
1195 1372 1431 1442 erexit.
1490 1371 1871 1463 Tamquam
1930 1371 2015 1438 ad
2070 1370 2270 1438 finem

710 1487 776 1548 et
830 1498 1138 1545 amorem
1196 1484 1534 1554 nostrum,
1595 1483 1670 1542 ut
1739 1476 1799 1542 ei
1865 1473 2268 1556 haereamuS,

710 1589 868 1679 quia
907 1585 1027 1653 ubi
1099 1607 1320 1663 amor,
1383 1584 1474 1650 ibi
1545 1583 1806 1651 oculus.
1888 1581 2129 1648 Matth.
2172 1605 2265 1666 v1,

708 1696 787 1762 21
826 1715 843 1760 ε
887 1685 1019 1762 Ubi
1082 1701 1180 1759 est
1224 1691 1586 1758 thesaurus
1663 1697 1849 1767 tuus,
1913 1686 2011 1755 ibi
2066 1697 2162 1755 est
2207 1697 2271 1754 et

708 1825 824 1870 cor
850 1811 1073 1868 tuum.

798 2156 832 2196 α
865 2131 1040 2197 Ecce
1098 2130 1281 2196 sicut
1334 2125 1546 2195 oculi.
1619 2150 1653 2192 ι
1696 2125 1827 2193 Hic
1862 2124 2263 2203 secundum,

709 2242 779 2305 in
820 2259 957 2328 quo
1015 2235 1314 2304 ostendit
1387 2234 1896 2303 vehementiam
1951 2231 2265 2301 desiderii

703 2369 785 2414 ex
824 2344 1365 2426 continuatione,
1409 2349 1477 2410 et
1518 2339 1997 2419 sollicitudine,
2043 2348 2109 2408 et
2138 2338 2268 2408 hoc

702 2450 1015 2541 exemplo
1091 2447 1371 2540 duplici.
1427 2447 1758 2537 Exemplo
1825 2447 2003 2515 servi
2041 2447 2265 2538 primo

703 2561 773 2627 in
810 2558 1191 2625 Dominum
1223 2555 1664 2634 intendentia,
1699 2562 1772 2622 ut
1801 2578 1925 2646 per
1964 2556 2188 2645 ipsum
2227 2576 2267 2621 a

703 2665 990 2758 flagellis
1028 2664 1379 2733 liberetur.
1442 2663 1777 2753 Exemplo
1830 2661 2093 2730 ancillae
2141 2685 2267 2730 ex-

699 2774 1068 2867 spectantis
1098 2771 1482 2841 mercedem
1535 2794 1575 2839 a
1621 2770 1922 2852 domina,
1967 2779 2042 2839 ut
2072 2770 2157 2838 ab
2188 2793 2266 2839 ea

701 2888 1201 2964 remuneretur,
1282 2879 1403 2959 ibi,
1502 2906 1537 2943 α
1604 2880 1800 2949 Sicut
1884 2881 2073 2948 oculi
2136 2903 2268 2947 an-

701 2987 907 3056 cillae.

787 3093 969 3163 Dicit
1026 3116 1191 3186 ergo
1239 3114 1257 3163 t
1323 3090 1439 3161 Sic
1485 3090 1706 3160 levavi
1769 3091 2006 3160 oculos
2044 3115 2260 3173 meos,

702 3202 1155 3272 intentionem
1203 3200 1507 3291 dirigens
1565 3201 1633 3267 in
1693 3207 1781 3278 te,
1833 3207 1900 3267 et
1937 3221 2080 3268 non
2118 3201 2264 3270 sine

697 3307 1181 3388 sollicitudine,
1224 3307 1385 3397 quia
1417 3334 1450 3367 α
1497 3328 1640 3374 ecce
1669 3307 1848 3373 sicut
1901 3305 2092 3373 oculi
2124 3328 2261 3374 ser·

697 3436 963 3493 vorum,
1042 3412 1574 3505 flagellatorum,
1647 3410 1757 3480 vel
1823 3411 2258 3493 afflictorum,

698 3547 732 3587 α
788 3523 858 3588 in
925 3518 1251 3588 manibus
1323 3518 1762 3586 dominorum
1837 3541 2152 3602 suorum,
2221 3546 2253 3580 n

693 3627 958 3719 supple,
1009 3624 1376 3695 intendunt
1420 3625 1784 3715 diligenter
1840 3633 1909 3693 et
1944 3624 2253 3694 sollicite.

693 3736 808 3815 Et,
845 3763 879 3799 κ
918 3735 1098 3803 sicut
1127 3731 1316 3802 oculi
1334 3731 1636 3815 ancillae,
1683 3758 1717 3798 ι
1752 3732 1821 3799 in
1870 3716 2095 3801 officio
2135 3731 2260 3800 hu-

693 3844 999 3924 miliatae,
1047 3870 1080 3905 «
1117 3843 1190 3910 in
1222 3840 1546 3909 manibus
1578 3840 1877 3909 dominae
1903 3863 2073 3924 suae,
2128 3864 2165 3908 ι
2215 3863 2256 3909 a

692 3974 827 4044 qua
864 3948 1489 4020 remunerationem
1538 3955 1884 4039 exspectat
1930 3969 2013 4016 ex
2057 3946 2256 4016 labo-

690 4080 813 4128 re:
862 4085 898 4122 α
930 4057 1030 4125 ita
1062 4055 1252 4127 oculi
1278 4056 1523 4135 nostri,
1559 4080 1593 4120 ι
1649 4055 2029 4139 interiores,
2088 4083 2120 4118 οι
2161 4055 2259 4123 ad

690 4171 1068 4240 Dominum
1098 4170 1327 4237 Deum
1357 4174 1692 4234 nostrum.
1730 4191 1764 4231 ι

780 4275 907 4345 llic
929 4298 1093 4367 ergo
1123 4272 1645 4353 advertendum,
1679 4272 2006 4363 quoniam
2038 4271 2249 4343 homo

687 4382 1069 4454 secundum
1124 4402 1375 4471 corpus
1414 4379 1547 4448 dici
1606 4386 1830 4470 potest
1876 4400 2142 4461 servus,
2183 4388 2250 4447 et

687 4491 927 4562 ancilla
961 4497 1298 4583 quantum
1337 4487 1420 4557 ad
1446 4490 1775 4556 animam.
1807 4485 2116 4578 Sapient.
2149 4509 2243 4570 ix,

686 4604 728 4672 4
769 4623 787 4672 t
817 4601 986 4670 Noli
1020 4622 1128 4667 me
1154 4596 1522 4690 reprobare
1545 4619 1592 4663 a
1609 4596 1848 4688 pueris
1876 4597 2042 4676 tuis,
2072 4620 2248 4687 quo·

682 4711 876 4779 niam
909 4728 1146 4775 servus
1174 4714 1341 4773 tuus
1376 4726 1502 4796 eqo
1563 4724 1747 4785 sum,
1787 4711 2121 4794 quantum
2161 4702 2246 4771 ad

683 4815 987 4908 corporis
1027 4813 1401 4882 miseriam.
1447 4809 1775 4881 Proverb.
1836 4833 2025 4893 xxxi,
2080 4814 2160 4881 15
2220 4834 2237 4880 :

680 4924 891 4993 Dedit
910 4919 1226 5014 praedam
1267 4918 1653 4987 domesticis
1694 4920 1865 4996 suis,
1910 4918 2236 5010 Angelis:

677 5041 742 5098 et
793 5028 1060 5098 cibaria
1108 5024 1392 5093 ancillis
1426 5027 1601 5107 suis,
1659 5023 2018 5093 animabus
2078 5049 2242 5094 san-

675 5141 824 5207 ctis.
867 5136 994 5204 Dei
1035 5143 1267 5203 autem
1300 5156 1546 5202 manus
1588 5141 1688 5201 est
1717 5134 1863 5224 ejus
1902 5134 2232 5226 potentia.

675 5244 701 5312 1
747 5242 1042 5332 Paralip.
1111 5264 1256 5324 xxi,
1297 5241 1376 5308 13
1410 5260 1429 5309 z
1464 5240 1720 5309 Melius
1750 5241 1925 5309 milei
1989 5252 2109 5317 est,
2162 5249 2239 5308 ut

673 5350 975 5421 incidam
1016 5350 1085 5415 in
1127 5371 1375 5415 manus
1427 5349 1730 5425 Domini,
1793 5350 1959 5438 quia
2000 5348 2237 5415 nncltae

672 5468 834 5529 sunt
872 5457 1343 5525 miserationes
1380 5456 1561 5546 eJ'uS,
1622 5478 1829 5548 quam
1876 5458 1944 5523 in
1987 5477 2235 5524 manus

748 5694 762 5730 ¹
797 5689 946 5750 Psal.
982 5705 1074 5760 cx,
1112 5687 1134 5742 1

1674 345 1750 411 D.
1809 344 2007 415 ΑΕΒ.
2061 347 2274 415 MAG.
2331 347 2537 415 om).
2590 347 2885 415 PRAED.

2390 519 2767 584 hominum.
2801 517 3074 595 lterum,
3123 518 3189 581 in
3230 513 3497 594 eodem,
3543 538 3734 596 xxix,
3796 521 3874 585 12
3926 528 3940 572 :

2394 627 2489 691 Tu
2551 623 2924 689 dominaris
2992 624 3297 690 omnium
3331 644 3352 688 .·
3386 621 3457 687 in
3530 644 3747 690 manu
3817 636 3938 692 tua

2388 731 2605 795 virtus
2636 739 2697 795 el
2720 732 3024 818 potentia
3054 754 3074 795 .·
3115 731 3187 796 in
3244 751 3458 795 manu
3490 737 3613 794 tua
3659 734 3941 818 magmi-

2386 836 2577 903 tudo.
2644 834 2890 904 Oculus
2938 844 3163 904 autem
3228 845 3460 902 noster
3505 836 3789 904 interior
3830 846 3930 905 est

2391 943 2674 1011 intentio
2735 952 2801 1011 et
2866 942 3180 1010 voluntas
3228 966 3242 1010 :
3303 953 3369 1012 et
3426 952 3529 1010 est
3591 942 3826 1011 dexter
3874 953 3938 1011 et

2385 1051 2674 1117 sinister.
2717 1047 2948 1117 Matth.
3011 1072 3103 1126 w,
3141 1051 3223 1115 22
3259 1072 3273 1115 :
3318 1051 3399 1118 Si
3434 1049 3678 1118 oculus
3745 1061 3930 1127 tuus,

2384 1157 2668 1224 intentio
2710 1166 2772 1225 et
2815 1157 3155 1233 voluntaS,
3204 1157 3422 1245 suerit
3456 1157 3782 1248 simplex,
3828 1168 3937 1226 to-

2383 1273 2531 1330 tum
2568 1286 2809 1354 corpus
2856 1274 3051 1330 tuum
3095 1263 3404 1362 lucidum
3454 1265 3606 1330 erit.
3661 1263 3750 1330 Hi
3811 1263 3935 1330 de-

2382 1370 2542 1438 bent
2573 1372 2848 1438 omnino
2880 1371 2947 1437 in
2976 1370 3197 1437 Deum
3237 1368 3461 1460 dirigi.
3500 1370 3685 1437 Psal.
3737 1394 3927 1454 xxiv,

2385 1481 2490 1558 15,
2525 1500 2727 1568 supra
2769 1501 2783 1545 ε
2824 1478 3025 1546 Oculi
3063 1478 3200 1544 mei
3249 1499 3516 1568 semper
3552 1478 3651 1544 ad
3693 1481 3936 1547 Domi-

2378 1608 2569 1666 num,
2612 1587 2933 1676 quoniam
2974 1586 3114 1677 ipse
3142 1585 3403 1664 evellet,
3441 1594 3569 1654 etc.
3614 1585 3676 1652 11
3716 1586 3924 1654 Para-

2375 1691 2493 1782 lip.
2529 1715 2644 1773 xx,
2685 1693 2762 1759 12
2798 1715 2813 1758 :
2851 1693 3027 1761 Cum
3060 1694 3463 1782 iqnoramus
3508 1693 3687 1783 quid
3730 1716 3933 1783 aqere

2376 1797 2763 1884 debeamus,
2802 1800 2925 1866 hoc
2967 1798 3196 1866 solum
3260 1797 3593 1867 habemus
3640 1800 3926 1883 residui,

2377 1914 2455 1974 ut
2482 1906 2712 1973 oculos
2740 1915 2999 1973 nostros
3031 1904 3422 1996 diriqamus
3452 1904 3552 1972 ad
3577 1916 3661 1973 te.

2461 2014 2550 2083 Et
2574 2013 2731 2101 hoc,
2780 2044 2813 2078 «
2862 2016 3066 2083 donec
3139 2016 3547 2084 misereatur
3582 2016 3825 2101 nostri,
3888 2038 3925 2082 n

2374 2145 2513 2190 non
2541 2123 2725 2215 quod
2767 2132 3000 2214 postea
3035 2145 3176 2192 non
3234 2124 3371 2191 sint
3419 2122 3507 2190 ad
3547 2122 3927 2192 Dominum

2376 2228 2556 2298 oculi
2610 2229 2903 2315 levandi,
2953 2238 3316 2322 postquam
3347 2230 3552 2298 suerit
3578 2230 3922 2310 misertus,

2372 2339 2546 2406 sicut
2609 2337 2702 2407 ibi
2746 2361 2761 2405 :
2819 2338 2990 2407 Sede
3046 2363 3089 2407 a
3155 2340 3416 2406 dextris
3472 2340 3665 2420 meis,
3715 2339 3925 2408 donec

2363 2469 2623 2537 ponam
2672 2447 2998 2527 inimicos,
3066 2454 3191 2515 etc.
3229 2448 3272 2513 ¹.
3307 2444 3463 2527 Vel,
3541 2446 3920 2516 notandum

2372 2553 2553 2645 quod
2591 2554 2799 2623 donec
2833 2554 3197 2646 aliquando
3234 2555 3516 2646 ponitur
3544 2555 3914 2635 exclusive,
3950 2507 4277 2609 Ἔῗεωῖῗιῗὶ.

2371 2664 2567 2746 sicnt,
2597 2665 2792 2734 Joan.
2826 2689 2967 2744 xxi,
3003 2667 3085 2732 22
3120 2688 3136 2732 :
3176 2666 3294 2734 Sic
3347 2688 3503 2733 eum
3572 2667 3726 2734 volo
3776 2688 3924 2733 ma·
4023 2617 4199 2667 noenu.

2369 2795 2549 2850 nere,
2592 2771 2797 2840 donec
2823 2773 3085 2840 veniam
3113 2793 3129 2841 ε
3164 2781 3241 2841 ut
3274 2794 3433 2840 cum
3472 2794 3753 2860 venero,
3773 2773 3921 2862 jam

2372 2880 2468 2947 sic
2525 2901 2664 2948 non
2731 2888 3021 2948 maneat.
3100 2879 3491 2971 Aliquando
3561 2878 3918 2961 inclusive,

2372 2985 2548 3054 sicut
2582 2985 2881 3056 dicitur:
2933 2986 3089 3055 Non
3154 2987 3471 3079 poenituit
3525 2986 3746 3056 donec
3809 3009 3926 3056 ve-

2371 3092 2470 3160 nit
2489 3093 2572 3161 ad
2605 3101 2889 3162 mortem
2945 3116 2961 3163 ε
2997 3117 3120 3166 nec
3166 3104 3445 3187 propter
3488 3093 3620 3164 hoc
3665 3093 3922 3163 intelli-

2368 3205 2574 3294 gitur,
2628 3203 2808 3296 quod
2871 3206 2942 3273 in
3022 3214 3241 3274 morte
3306 3206 3725 3296 poenituerit.
3808 3204 3924 3273 Sic

2365 3318 2588 3402 potest
2612 3308 2722 3380 hic
2750 3313 2986 3403 accipi.
3018 3312 3407 3404 Aliquando
3439 3313 3769 3404 accipitur
3799 3335 3922 3404 pro

2367 3428 2468 3498 ut,
2519 3426 2585 3486 et
2637 3419 3010 3510 specialiter
3050 3418 3185 3498 hic,
3231 3430 3304 3488 ut
3359 3420 3677 3490 dicatur:
3718 3421 3925 3513 Oculi

2365 3527 2584 3594 nostri
2610 3525 2707 3593 ad
2744 3528 3110 3595 Dominum
3141 3529 3364 3595 Deum
3403 3539 3744 3608 nostrum,
3786 3528 3920 3596 do-

2364 3655 2484 3701 nec
2518 3633 2918 3702 misereatur
2973 3636 3214 3713 nostri,
3268 3634 3334 3703 id
3382 3645 3513 3716 est,
3583 3644 3662 3704 ut
3706 3637 3921 3705 mise·

2364 3745 2592 3806 reatur
2628 3741 2861 3808 nostri.
2897 3739 3004 3808 Ad
3034 3739 3218 3809 hunc
3250 3763 3415 3833 ergo
3456 3739 3637 3811 oculi
3686 3738 3919 3809 levan-

2360 3843 2453 3926 di,
2488 3852 2556 3913 et
2593 3843 2678 3913 ab
2727 3846 2871 3936 ipso
2918 3844 3382 3915 misericordia
3429 3845 3911 3939 exspectanda.

2354 3951 2533 4032 Joel,
2603 3976 2650 4031 1,
2720 3954 2803 4021 20
2871 3974 2888 4021 ;
2956 3955 3201 4023 Bestia·
3245 3955 3426 4046 ayri,
3489 3955 3694 4047 quasi
3747 3977 3914 4023 area

2352 4062 2590 4130 sitiens
2627 4061 2934 4146 imbrem,
2964 4072 3417 4154 suspexerunt
3455 4062 3556 4131 ad
3579 4072 3666 4131 te.
3702 4061 3907 4144 Quia,

2355 4165 2560 4237 Eccli.
2629 4191 2836 4250 xxxv,
2904 4170 3014 4249 26,
3083 4168 3380 4239 dicitur:
3446 4171 3768 4263 Speciosa
3811 4180 3910 4240 est

2356 4276 2819 4345 misericordia
2873 4278 2944 4343 in
3027 4286 3324 4369 tempore
3395 4277 3903 4357 tribulationis,

2350 4383 2556 4472 quasi
2614 4382 2824 4451 nubes
2868 4382 3129 4475 pluvie
3203 4385 3276 4453 in
3340 4393 3643 4477 tempore
3712 4386 3906 4454 sicci·

2351 4490 2540 4560 tatis.

2446 4828 2480 4868 e
2517 4804 2836 4872 Miserere
2876 4807 3117 4885 nostri,
3166 4805 3487 4875 Domine.
3539 4832 3577 4869 n
3622 4805 3754 4877 llic
3790 4829 3896 4877 se·
4046 4820 4110 4883 8

2344 4908 2563 4977 cunda
2593 4933 2748 5000 pars
2780 4910 3026 4978 Psalmi
3079 4932 3094 4979 ε
3140 4911 3491 5002 praemissa
3546 4915 3730 4982 enim
3769 4914 3894 4983 de·
3974 4924 4249 5026 mint.

2343 5016 2569 5085 si'derii
2623 5019 3073 5095 vehementia,
3156 5019 3595 5113 subjungitur
3648 5024 3891 5114 petitio
3923 4989 3986 5036 μ

2341 5147 2425 5192 ex
2473 5123 2805 5195 desiderio
2835 5134 3005 5194 orta.
3063 5127 3214 5196 Duo
3265 5135 3497 5197 autem
3540 5127 3886 5198 dicuntur.

2341 5232 2597 5311 Primo,
2665 5237 2922 5326 petitio.
3009 5234 3352 5320 Secundo,
3415 5238 3891 5308 necessitatem

2339 5364 2476 5409 suae
2503 5342 2846 5432 petitionis
2883 5342 3201 5425 ostendit,
3252 5343 3372 5424 ihi,
3425 5372 3456 5405 α
3496 5345 3681 5430 Quia
3710 5346 3896 5415 mul-

2338 5459 2483 5517 tum
2516 5450 2757 5541 repleti
2780 5472 3018 5520 sumus
3060 5452 3504 5543 despectione.
3552 5478 3586 5515 n
