5008 6329
737 349 868 416 448

734 522 986 591 Jerem.
1031 539 1222 600 xxm,
1275 515 1409 583 24:
1465 513 1830 603 Numquid
1854 534 1991 579 non
2036 511 2286 579 coelum

737 641 800 700 et
838 642 1090 699 terram
1119 651 1240 718 eqo
1282 626 1530 717 impleo
1563 624 1755 694 ?Isa.
1793 647 1971 704 wa,
2010 626 2038 691 1
2082 645 2098 692 ε
2139 624 2286 692 Coe-

740 742 887 808 lum
923 739 1108 806 sedes
1137 761 1312 817 mea,
1366 737 1630 828 supple,
1681 744 1806 805 est.
1848 736 2006 815 Job,
2039 757 2133 812 xl,
2179 736 2218 801 8
2261 755 2277 802 ε

736 847 1096 916 Excelsior
1178 845 1344 914 coelo
1423 857 1543 927 est,
1614 853 1678 911 et
1733 841 1909 931 quid
1984 842 2199 930 facies
2235 838 2274 905 ‚⁹

736 955 1162 1025 ascendendo
1229 956 1301 1022 in
1389 953 1584 1033 illud,
1658 950 1870 1029 Quasi
1952 948 2207 1015 diceret
2261 970 2278 1015 τ

730 1066 943 1135 Nihil.

825 1202 860 1239 ι(
892 1176 975 1243 Si
1029 1172 1425 1241 descendero
1458 1170 1531 1234 in
1583 1169 1961 1257 infernum,
2022 1164 2205 1232 ades.
2238 1189 2267 1226 n

728 1281 887 1363 J0b‚
919 1303 1104 1357 xxm,
1138 1280 1178 1345 6
1222 1300 1238 1344 :
1272 1277 1522 1346 Nudus
1559 1284 1657 1343 est
1696 1277 2011 1365 infernus
2049 1295 2278 1341 coram

732 1388 886 1458 illo.
918 1386 1073 1466 Job,
1107 1409 1202 1463 xi,
1236 1387 1277 1453 8
1311 1410 1328 1451 z
1362 1384 1800 1475 Profundior
1852 1391 1945 1449 est
1978 1383 2272 1470 inferno,

731 1506 794 1565 et
833 1496 1014 1564 unde
1038 1515 1389 1585 coqnosces
1414 1490 1454 1559 ?

823 1845 858 1883 α
899 1819 981 1886 Si
1005 1838 1352 1907 sumpsero
1376 1837 1663 1905 pennas.
1698 1840 1729 1873 ιο
1768 1812 1938 1879 Ecce
1971 1809 2273 1887 tertium,

730 1925 916 2018 quod
953 1946 1077 1993 nec
1106 1925 1175 1992 in
1205 1931 1467 1990 remoto
1500 1920 1583 1988 ab
1609 1919 2031 1988 habitatione
2061 1916 2279 1984 homi·

728 2055 896 2101 num
940 2057 956 2101 ε
991 2040 1057 2100 et
1084 2030 1387 2122 loquitur
1416 2026 1904 2117 metaphorice,
1939 2032 2006 2093 et
2033 2022 2282 2115 pendet

729 2142 1137 2211 constructio
1194 2139 1488 2206 duorum
1525 2156 1880 2205 versuum.
1940 2132 2151 2213 Quasi
2179 2130 2278 2200 di-

728 2256 906 2318 ceret
931 2270 945 2314 :
975 2245 1263 2314 Sursum
1293 2267 1436 2312 non
1463 2264 1746 2334 possum
1779 2239 2067 2309 evadere
2089 2248 2278 2307 tuam

726 2355 1127 2448 potentiam,
1170 2374 1295 2421 nec
1360 2351 1709 2428 deorsum,
1751 2360 1820 2416 et
1893 2347 2099 2415 etiam
2154 2370 2187 2411 α
2217 2348 2280 2414 si

724 2488 1073 2558 sumpsero
1096 2486 1359 2556 pennas
1387 2484 1573 2529 meas
1601 2457 1946 2540 diluculo,
1975 2485 2005 2522 n
2040 2458 2110 2526 id
2147 2465 2273 2542 est,

727 2577 786 2642 si
822 2572 1026 2641 velox
1055 2572 1243 2639 iuero
1283 2577 1639 2659 tamquam
1670 2565 1939 2634 avicula
1982 2571 2277 2656 pennata

725 2681 796 2749 in
835 2703 1060 2758 mane,
1095 2678 1368 2771 quando
1416 2698 1632 2745 vacua
1687 2682 1788 2743 est
1823 2696 1840 2744 ε
1897 2698 1930 2739 α
1965 2684 2028 2741 et
2073 2672 2279 2741 liabi-

725 2800 953 2858 tavero
985 2790 1053 2856 in
1083 2787 1401 2856 extremis
1441 2785 1680 2864 mariS,
1715 2807 1749 2848 »
1783 2782 1900 2849 uhi
1945 2781 2113 2849 nulli
2153 2781 2274 2848 ho-

724 2897 988 2963 minum
1019 2903 1119 2964 est
1147 2893 1500 2962 habitatio.

812 3226 849 3267 ι
877 3202 1146 3271 Etenim
1172 3198 1615 3268 illucmanus
1635 3207 1760 3266 tua
1787 3196 2072 3265 deducet
2098 3218 2267 3278 me,-

722 3311 870 3379 sine
909 3318 973 3379 te
1003 3309 1288 3377 transire
1337 3329 1478 3375 non
1535 3313 1803 3396 potero,
1835 3329 1869 3371 ι
1911 3314 1977 3371 et
2028 3303 2278 3371 tenebit

723 3442 852 3498 me,
889 3444 924 3481 ιι
1003 3415 1094 3484 ibi
1161 3414 1554 3494 deductum,
1632 3440 1667 3476 α
1701 3412 1984 3480 dextera
2042 3421 2189 3492 tua,
2235 3436 2269 3476 ιι

722 3527 1025 3619 potentia
1052 3524 1304 3594 scilicet
1327 3530 1448 3591 tua
1481 3545 1497 3591 z
1540 3544 1665 3591 nec
1694 3529 1899 3600 terra,
1933 3543 2059 3589 nec
2087 3542 2273 3588 mare

725 3635 892 3704 mihi
933 3633 1189 3725 aliquid
1226 3630 1455 3701 valere
1501 3652 1642 3698 nou
1704 3636 2053 3720 poterunt,
2114 3628 2274 3719 quia

721 3751 944 3811 totum
973 3762 1288 3831 occupas,
1331 3745 1556 3806 totum
1611 3745 1950 3828 penetras.
1981 3735 2139 3813 Job,
2174 3758 2267 3813 xi,

719 3852 761 3919 9
798 3872 813 3917 ε
846 3848 1148 3938 Lonqior
1175 3857 1358 3914 terra
1389 3867 1710 3912 mensura
1742 3843 1922 3933 ejus,
1970 3853 2034 3911 et
2065 3843 2276 3911 latior

719 3957 924 4025 mari.
960 3953 1138 4023 Psal.
1174 3975 1400 4033 cxxvi,
1431 3953 1515 4020 20
1550 3972 1567 4018 ε
1601 3952 1685 4018 In
1740 3952 1924 4018 mari
1969 3951 2081 4019 via
2118 3960 2268 4031 tua,

718 4073 784 4132 et
826 4062 1086 4133 semitae
1149 4071 1286 4127 tuse
1363 4060 1431 4126 in
1472 4058 1674 4149 aquis
1731 4057 1997 4125 multis.
2061 4056 2267 4126 Eccli.

718 4192 909 4253 xxiv,
942 4169 1010 4248 8,
1041 4166 1264 4236 dicere
1295 4173 1521 4257 potest
1556 4164 1684 4233 Dei
1715 4163 2025 4255 potentia
2067 4185 2086 4230 z
2123 4164 2270 4256 Gy-

718 4299 876 4345 rum
913 4274 1068 4344 coeli
1129 4273 1415 4342 circuivi
1465 4272 1648 4357 sola,
1716 4282 1780 4340 et
1828 4272 2265 4364 profundum

717 4384 950 4476 abyssi
1004 4381 1381 4475 penetravi,
1422 4390 1488 4448 et
1550 4381 1624 4448 in
1678 4379 2013 4469 fluctibus
2049 4382 2265 4449 maris

717 4488 1099 4560 ambulavi.

368 4603 565 4661 ‘rapt-x
592 4608 690 4649 ⁸⁸⁸·
804 4598 1075 4691 Triplex
1126 4605 1355 4665 autem
1417 4602 1633 4664 status
1688 4595 2135 4686 significatur,
2195 4598 2267 4666 in

386 4658 550 4707 tta-‚tn
575 4668 671 4714 qno

369 4715 687 4811 »2⁹:0⁹3ss

719 4730 857 4799 quo
911 4727 1051 4773 non
1102 4711 1325 4796 potest
1371 4702 1583 4772 homo
1667 4702 1893 4772 Deum
1950 4702 2262 4774 evadere.

412 4817 639 4865 evocem.
723 4812 1100 4905 Superbiae,
1154 4836 1191 4877 ι
1220 4812 1305 4882 Si
1357 4810 1718 4880 ascendero
1777 4812 1849 4879 in
1914 4811 2188 4895 coelum,
2225 4836 2259 4877 »

719 4948 875 4997 cum
906 4923 1024 4992 illo
1054 4923 1170 5014 qui
1236 4921 1424 5002 dicit,
1478 4923 1610 4992 lsa.
1653 4946 1795 5004 xiv,
1861 4924 1942 4991 13
1986 4924 2115 4992 :In
2143 4946 2266 4993 οτι·-

719 5034 867 5102 lum
895 5029 1281 5108 ascendam,
1309 5051 1517 5121 super
1542 5038 1737 5098 astra
1763 5029 1921 5097 coeli
1940 5029 2264 5099 eoealtabo

712 5142 969 5211 solium
1032 5162 1285 5209 meum.
1338 5137 1483 5207 Illic
1538 5137 1714 5208 bene
1767 5140 2075 5209 invenies
2122 5163 2259 5209 me.

709 5251 869 5331 Job,
900 5274 1019 5330 xx,
1053 5253 1094 5320 6
1136 5272 1153 5318 2
1184 5250 1269 5321 Si
1327 5247 1704 5319 ascenderit
1761 5270 1976 5340 usque
2011 5250 2110 5318 ad
2131 5273 2265 5319 coe-

713 5357 862 5426 lum
888 5355 1210 5448 superbia
1263 5355 1444 5446 ejus,
1477 5363 1541 5422 et
1593 5364 1804 5446 caput
1859 5355 2014 5446 ejus
2053 5355 2265 5425 nubes

710 5466 1034 5557 tetiqerit,
1064 5466 1267 5554 quasi
1299 5463 1819 5555 sterquilinium
1848 5465 1922 5533 in
1949 5465 2091 5555 fine
2106 5489 2262 5558 per·

710 5574 935 5643 detur.
997 5598 1034 5639 ι
1065 5572 1149 5643 Si
1208 5571 1610 5641 descendero
1669 5575 1741 5642 in
1800 5574 2177 5664 infernum,
2221 5603 2255 5640 u

706 5702 832 5771 per
866 5679 1408 5775 desperationem
1435 5677 1784 5768 deorsum,
1826 5680 2056 5754 dicens
2092 5682 2261 5754 illud

1755 339 1843 408 D.
1892 338 2095 408 ALB.
2146 338 2365 409 MAG.
2416 338 2620 409 ORD.
2677 342 2971 413 PRAED.

2400 511 2531 584 Isa.
2565 537 2707 594 Χιν,
2741 516 2817 583 15
2854 538 2869 582 z
2941 516 3412 584 Verumtamen
3454 518 3552 585 ad
3586 519 3937 608 infernum

2398 624 2794 692 detraheris.
2856 624 2940 692 Et
2994 624 3162 692 illud
3214 624 3373 706 Job,
3432 649 3601 709 xvii,
3671 627 3751 692 16
3796 648 3809 690 :
3855 628 3937 692 In

2387 730 3011 821 profundissimum
3091 735 3444 822 infernum
3537 732 3936 799 descendent

2392 840 2625 904 omnia
2655 861 2803 904 mea
2835 863 2857 904 .·
2897 848 3125 906 tamen
3157 841 3309 909 inde
3357 843 3610 932 poteris
3650 840 3933 908 educere

2391 967 2522 1011 me.
2567 946 2806 1024 AmOS,
2841 969 2934 1025 lx,
2969 949 3007 1013 2
3053 969 3068 1013 :
3102 948 3184 1016 Si
3224 949 3686 1018 descenderint
3724 971 3938 1038 usque

2389 1053 2485 1119 ad
2543 1055 2916 1145 infernum,
2987 1057 3146 1124 inde
3201 1081 3448 1126 manus
3487 1082 3640 1127 mea
3703 1059 3937 1126 educet

2390 1187 2499 1231 eos
2529 1188 2551 1231 .·
2583 1175 2645 1231 et
2696 1167 2759 1233 si
2804 1167 3227 1235 ascenderint
3273 1191 3488 1258 usque
3533 1171 3607 1236 in
3661 1169 3931 1248 coelum,

2390 1271 2550 1339 inde
2610 1272 2965 1340 detraham
3018 1298 3152 1343 eos.
3217 1274 3375 1354 Sed,
3414 1302 3449 1339 α
3489 1278 3553 1343 .ςὶ
3586 1298 3936 1366 sumpsero

2386 1402 2647 1470 pennas
2675 1402 2881 1458 meas,
2928 1406 2962 1447 »
2993 1382 3314 1450 virtutem
3337 1407 3560 1453 meam
3591 1383 3934 1451 charitatis

2392 1491 2763 1578 geminam,
2822 1491 3193 1559 secundum
3236 1492 3402 1560 illud
3458 1494 3588 1561 Isa.
3650 1515 3759 1576 xp,
3791 1493 3868 1560 31
3913 1513 3929 1560 2

2395 1596 2533 1679 Qui
2563 1607 2840 1688 sperant
2889 1599 2960 1665 in
3003 1608 3089 1677 te,
3142 1600 3511 1668 mutabunt
3564 1600 3936 1691 fortitudi-

2386 1725 2564 1783 nem,
2585 1714 2928 1771 assument
2939 1728 3204 1795 pennas
3228 1708 3404 1774 sicut
3424 1708 3704 1797 aquilae.
3739 1707 3936 1796 Apo-

2389 1809 2517 1877 cal.
2550 1833 2670 1890 xu,
2709 1811 2788 1878 14
2822 1834 2837 1878 :
2869 1814 3059 1880 Data
3086 1823 3250 1880 sunt
3279 1814 3562 1881 mulieri
3598 1815 3730 1881 alae
3777 1814 3932 1881 duae

2386 1918 2641 2009 aquilae
2686 1942 2974 2011 maqnae.
3023 1945 3056 1986 α
3091 1923 3186 1989 Et
3226 1922 3625 1991 habitavero
3685 1924 3756 1989 in
3808 1946 3934 1990 ea:-

2384 2027 2618 2093 tremis
2654 2028 2891 2111 maris,
2929 2053 2962 2093 1»
2995 2029 3066 2096 in
3104 2038 3408 2098 extrema
3453 2030 3707 2099 scilicet
3736 2053 3933 2099 ama-

2384 2133 2676 2202 ritudine
2740 2136 3191 2204 contritionis.
3252 2136 3499 2207 Genes.
3560 2161 3742 2216 xux,
3795 2140 3872 2207 13
3907 2161 3922 2206 ε

2382 2240 2700 2309 Zabulon
2732 2243 2802 2308 in
2854 2240 3080 2311 littore
3119 2247 3335 2312 maris
3383 2245 3748 2314 habitabit.
3801 2245 3932 2314 Vel

2386 2370 2598 2432 mare,
2636 2349 2952 2416 mundus.
2999 2349 3204 2421 Eccli.
3247 2375 3430 2429 xuu,
3468 2354 3552 2421 26
3589 2376 3605 2421 ε
3643 2355 3781 2438 Qui
3797 2378 3933 2424 na-

2385 2456 2626 2547 viqant
2650 2479 2861 2537 mare,
2914 2470 3230 2527 enarrent
3269 2460 3588 2553 pericula
3627 2463 3804 2553 ejus.
3850 2463 3929 2531 In

2384 2562 2589 2654 hujus
2619 2567 2824 2634 maris
2863 2569 3288 2638 extremitate
3319 2570 3600 2649 habitat,
3636 2573 3750 2663 qui
3771 2595 3931 2639 om·—

2386 2673 2585 2742 nibus
2614 2685 2887 2767 propter
2908 2674 3252 2746 Christum
3283 2681 3647 2750 renuntiat.
3683 2681 3925 2749 Matth.

2384 2802 2524 2860 xix,
2559 2782 2636 2847 21
2677 2803 2692 2847 ε
2727 2783 2809 2850 Si
2835 2784 2934 2850 vis
2947 2786 3289 2874 perfectus
3317 2808 3476 2863 esse,
3502 2787 3694 2866 vade,
3722 2788 3932 2854 vende

2381 2910 2532 2978 quae
2573 2888 2801 2970 habes,
2843 2898 2972 2959 etc.
3006 2890 3092 2958 Et
3138 2888 3269 2960 hoc
3319 2920 3351 2956 «
3387 2893 3725 2974 diluculo,
3774 2922 3806 2956 n
3859 2896 3928 2962 in

2382 3004 2533 3063 ortu
2565 2996 2817 3064 scilicet
2836 3019 3029 3066 novae
3058 3000 3290 3089 gratiae
3318 2999 3765 3069 illuminantis
3787 3004 3930 3070 ani-

2381 3128 2590 3173 mam.
2669 3104 2866 3186 Osee,
2906 3130 3001 3190 vi,
3072 3107 3112 3175 3
3145 3130 3161 3175 ε
3229 3109 3445 3193 Quasi
3529 3109 3926 3180 diluculum

2373 3222 2808 3306 praeparatus
2861 3226 2957 3284 est
3008 3240 3313 3309 cyressus
3342 3221 3522 3308 ejus,
3577 3219 3664 3287 ad
3702 3229 3928 3289 extre-

2381 3322 2649 3390 mitates
2686 3322 2915 3390 maris.
2970 3322 3138 3393 illuc
3182 3347 3428 3393 manus
3465 3326 3741 3396 Domini
3802 3327 3928 3395 de-

2380 3429 2586 3498 ducit.
2625 3431 2895 3498 Deuter.
2928 3454 3074 3512 viu,
3113 3434 3193 3501 15
3239 3435 3546 3502 :Ductor
3583 3444 3744 3503 tuus
3778 3437 3924 3525 suit

2380 3538 2449 3604 in
2478 3537 2851 3606 solitudine
2878 3562 3133 3631 maffia
3176 3551 3385 3631 atque
3411 3541 3730 3611 terribili.
3777 3542 3921 3612 Illic

2376 3653 2563 3713 tonet
2593 3646 2892 3730 dextera,
2934 3647 3080 3715 sola
3129 3648 3381 3717 scilicet
3419 3650 3544 3719 Dei
3586 3652 3915 3742 potentia.

2377 3753 2457 3821 In
2485 3752 2666 3821 Psal.
2719 3777 3017 3835 cxxxvii,
3060 3757 3127 3836 7,
3179 3779 3383 3847 supra
3417 3779 3434 3821 t
3488 3758 3782 3828 Salvum
3813 3781 3922 3827 me

2374 3864 2540 3953 fecit
2568 3862 2846 3931 dextera
2875 3872 3019 3931 tua.
3055 3862 3158 3932 Ad
3182 3863 3436 3957 Philip.
3462 3889 3532 3944 11,
3564 3868 3644 3936 13
3678 3888 3695 3937 t
3729 3869 3921 3936 Deus

2376 3977 2473 4037 est
2498 3972 2621 4060 qui
2656 3980 2980 4062 operatur
3007 3973 3077 4039 in
3110 3972 3299 4041 vobis
3345 3983 3410 4041 et
3448 3975 3622 4045 velle
3666 3986 3732 4043 et
3754 3999 3920 4068 per-

2372 4077 2597 4167 ficere,
2634 4100 2765 4170 pro
2806 4077 2983 4148 bona
3019 4081 3400 4152 voluntate.

2467 4425 2502 4461 «ι
2533 4399 2629 4465 Et
2664 4397 2819 4466 dixi
2846 4420 2869 4465 .·
2897 4399 3218 4467 Forsitan
3248 4398 3556 4472 tenebrae.
3601 4429 3635 4465 κ
3672 4401 3918 4473 Osten-

2373 4526 2449 4573 so
2490 4504 2672 4596 quod
2702 4527 2841 4574 non
2878 4505 3092 4597 possit
3133 4504 3435 4598 effugere
3484 4507 3612 4577 Dei
3664 4517 3919 4601 poten-

2372 4615 2565 4694 tiam,
2615 4612 2727 4682 hic
2773 4613 3067 4683 ostendit
3105 4612 3290 4706 quod
3335 4637 3461 4685 nec
3532 4616 3741 4688 latere
3777 4643 3794 4688 ε
3850 4630 3919 4691 et

2374 4718 2689 4789 dicuntur
2753 4719 2889 4789 duo
2934 4719 3067 4789 hic.
3130 4720 3391 4804 Primo,
3452 4724 3637 4813 quod
3682 4725 3914 4818 aliquo

2374 4829 2580 4898 modo
2617 4851 2815 4920 posse
2851 4828 3060 4898 latere
3113 4829 3476 4922 cogitando
3524 4833 3911 4905 contulerit.

2374 4936 2715 5019 Secundo,
2789 4937 3152 5031 respondet
3201 4939 3386 5029 quod
3442 4940 3614 5009 nihil
3687 4943 3916 5013 valere

2371 5047 2611 5137 possit,
2645 5045 2761 5125 ibi,
2803 5054 2867 5124 5.
2897 5047 2978 5114 12
3014 5070 3030 5115 :
3068 5072 3106 5110 α
3142 5046 3323 5130 Quia
3352 5047 3661 5119 tenebrae.
3697 5078 3731 5113 »ι

2462 5153 2542 5222 In
2571 5155 2790 5245 prima
2811 5154 2973 5224 duo.
3005 5153 3242 5223 Primo
3272 5153 3695 5237 deliberatio,
3726 5157 3915 5250 quod

2370 5261 2667 5329 tenebris
2719 5259 3172 5329 abscondetur
3223 5283 3265 5328 a
3327 5260 3500 5331 Deo.
3564 5260 3909 5345 Secundo,

2371 5366 2556 5458 quod
2585 5366 2816 5435 inillis
2852 5364 3109 5434 deliciis
3141 5366 3549 5458 perfruetur,
3590 5368 3710 5450 ibi,
3751 5395 3785 5437 ι
3817 5373 3915 5439 Et

2368 5493 2511 5540 nost:
2538 5472 2989 5540 illuminatio.
3034 5498 3069 5534 n

2456 5578 2638 5648 Dicit
2672 5600 2885 5671 ergo:
2939 5578 3054 5648 Sic
3115 5580 3349 5673 fugere
3423 5601 3565 5648 non
3629 5605 3911 5674 possum

2370 5691 2560 5755 tuam
2623 5687 3024 5779 potentiam,
3110 5686 3231 5756 sed
3293 5686 3631 5781 numquid
3699 5686 3912 5758 latere

4038 4411 4160 4479 ΙΙ
