5008 6329
2068 332 2780 403 COMMENTARIUS
2833 332 2924 400 IN
2979 332 3413 402 PSALMUM
3463 333 3570 402 CI.
4350 338 4420 401 11

1307 518 1339 557 a
1373 496 1468 561 Et
1515 506 1710 564 terre-e
1757 498 1913 588 ejus
1952 504 2482 576 miserebuntur.
2534 536 2566 572 »
2600 507 2770 576 Ecce

1217 604 1615 676 secundum.
1673 606 1884 686 Quasi
1938 612 2247 685 diceret:
2304 617 2612 687 Placebit
2677 619 2771 686 eis

1220 710 1497 779 scientia
1550 714 1972 805 prophetica,
2010 747 2148 791 non
2204 724 2616 802 Aristoteli3‚
2662 723 2769 790 vel

1219 816 1677 909 Hippocratis,
1737 827 1847 895 vel
1882 828 2250 899 Justiniani
2317 856 2332 899 ε
2387 840 2453 899 et
2496 833 2565 896 in
2607 831 2768 919 ipsis

1217 926 1342 993 erit
1432 930 1897 1005 misericordia
1970 960 1985 1006 :
2054 939 2215 1027 quia
2323 965 2352 1002 α
2435 949 2500 1004 et
2579 947 2770 1005 terrae

1214 1031 1395 1121 ejuS,
1432 1062 1465 1099 »
1500 1037 1568 1105 id
1613 1050 1737 1122 est,
1786 1043 1982 1124 Sion,
2017 1042 2147 1111 hoc
2204 1052 2330 1124 est,
2365 1052 2566 1113 terrae
2622 1045 2768 1135 ejus

1210 1140 1279 1207 in
1319 1141 1648 1231 Ecclesia,
1703 1176 1737 1215 ι
1800 1150 2327 1235 miserebuntur,
2382 1178 2415 1219 »
2471 1154 2770 1222 imitato-

1203 1273 1311 1320 res
1351 1256 1446 1322 tui
1487 1256 1672 1337 facti,
1718 1259 1799 1327 de
1840 1283 1977 1350 quo
2039 1261 2110 1327 in
2149 1262 2336 1332 Psal.
2393 1287 2608 1342 xxxn,
2670 1266 2708 1332 5
2744 1286 2758 1330 :

1198 1363 1679 1433 Misericordia
1748 1370 2045 1438 Domini
2100 1371 2317 1462 plena
2394 1383 2493 1441 est
2554 1383 2764 1443 terra.

1202 1466 1510 1560 Sapient.
1601 1496 1693 1554 xi,
1767 1475 1853 1540 24
1926 1498 1940 1542 ε
1999 1478 2350 1546 Miseret-is
2425 1482 2759 1557 omnium,

1197 1576 1368 1665 quia
1407 1580 1641 1645 omnia
1690 1591 1905 1671 potes,
1974 1582 2087 1653 Sic
2144 1585 2600 1655 miserebatur
2654 1586 2764 1653 ille

1197 1704 1464 1764 servm,
1500 1687 1616 1776 qui
1667 1687 1962 1771 dicebat,
2023 1691 2087 1759 ΙΙ
2147 1695 2234 1762 ad
2290 1694 2604 1764 Corinth.
2667 1718 2758 1775 xi,

1197 1791 1283 1858 29
1327 1814 1342 1859 :
1385 1794 1554 1877 Quis
1602 1797 2029 1886 infirmatur,
2086 1810 2150 1868 et
2187 1826 2311 1892 eqo
2363 1825 2500 1870 non
2560 1803 2760 1891 infir-

1197 1900 1410 1968 mor?
1444 1906 1610 1993 quis
1664 1909 2217 1992 scandalizatur,
2300 1922 2365 1979 et
2428 1936 2552 2004 eqo
2627 1935 2761 1979 non

1197 2031 1362 2077 uror
1400 2009 1442 2077 Ρ

1287 2117 1470 2186 Bene
1512 2122 1928 2193 miserentur
1981 2135 2201 2209 terrae,
2246 2129 2363 2219 qui
2424 2152 2578 2197 eam
2636 2126 2760 2195 do-

1193 2225 1410 2294 ctrina
1441 2237 1504 2295 et
1548 2231 2034 2318 praedicatione
2055 2244 2471 2304 convertunt
2511 2237 2581 2303 in
2620 2259 2762 2305 coe·

1192 2332 1364 2413 lum,
1409 2346 1476 2404 et
1515 2337 1595 2405 de
1641 2340 2128 2411 obscurissima
2165 2342 2424 2413 faciunt
2463 2343 2757 2413 clarissi-

1193 2464 1406 2524 mam,
1446 2447 1667 2534 gratia
1708 2448 2020 2537 juvante.
2058 2450 2119 2517 ll
2161 2451 2247 2520 ad
2294 2449 2606 2521 Corinth.
2656 2473 2753 2530 ιιι,

1196 2549 1280 2616 18
1326 2572 1341 2617 ε
1382 2553 1992 2643 Transsormamm·
2027 2557 2112 2625 de
2148 2559 2472 2627 claritate
2519 2560 2588 2626 in
2618 2558 2760 2626 cla-

1194 2659 1494 2739 ritatem.
1539 2671 1898 2755 {amquam
1930 2691 1973 2733 a
2013 2669 2304 2736 Domini
2328 2668 2609 2760 spiritu.

856 2793 1036 2840 nm..
1074 2808 1168 2854 μη,
1282 2764 1542 2835 Thema
1563 2772 1903 2859 optimum
1935 2772 2003 2840 in
2035 2773 2206 2843 sesto
2239 2772 2421 2843 beati
2458 2772 2758 2866 Stepha-

841 2848 1169 2962 ¹⁸⁸ssspfflfi⁸¹
1194 2875 1291 2941 ni.
1338 2874 1605 2945 Sanctis
1636 2880 1820 2947 enim
1862 2881 1984 2949 Dei
2019 2880 2279 2974 lapides
2323 2881 2751 2974 placuerunt,

1191 2979 1506 3052 Jeremioe
1534 2987 1813 3078 virgini,
1864 2998 1928 3057 et
1962 2989 2314 3081 Stephano
2364 3000 2758 3083 protomar-

1193 3091 1349 3184 tyri.
1393 3092 1476 3161 de
1508 3117 1645 3186 quo
1685 3095 1971 3168 dicitur:
2008 3128 2041 3160 «
2100 3098 2391 3193 Lapides
2433 3101 2756 3171 torrentis

1207 3227 1241 3261 α
1280 3198 1380 3267 illi
1427 3201 1659 3272 dulces
1719 3206 1994 3275 fuerunt
2052 3208 2097 3277 ¹.
2136 3207 2458 3301 »Corpus
2497 3216 2754 3277 attere-

1187 3300 1378 3388 bant,
1422 3307 1726 3377 animam
1775 3311 2139 3379 satiabant.
2203 3310 2449 3382 Matth.
2513 3335 2608 3391 nv,
2656 3313 2749 3381 3:

1184 3415 1321 3484 Dic
1348 3428 1426 3484 ut
1458 3416 1727 3510 lapides
1766 3423 1885 3489 isti
1905 3447 2120 3514 panes
2145 3424 2350 3512 fiant.
2396 3422 2554 3493 Non
2593 3422 2754 3494 dicit

1184 3520 1494 3594 Christus
1528 3550 1543 3596 ε
1580 3530 1699 3598 sed
1754 3528 2015 3621 lapides
2074 3531 2404 3624 Stephani
2440 3534 2502 3602 ei
2541 3556 2753 3626 panes

1186 3639 1404 3711 erant,
1437 3636 1554 3724 qui
1585 3634 2016 3726 lapidabatur
2042 3661 2085 3708 a
2132 3639 2363 3725 vobis,
2402 3638 2753 3710 subductis

1190 3734 1376 3805 falsis
1406 3740 1721 3823 testibu3‚
1754 3751 1819 3813 et
1851 3743 1935 3812 de
1982 3745 2258 3817 civitate
2297 3747 2580 3838 ejectus,
2612 3748 2754 3816 sic-

1187 3852 1261 3913 ut
1315 3848 1776 3936 significatum
1838 3851 1965 3921 fuit
2014 3855 2082 3922 in
2141 3853 2446 3936 Nabum,
2482 3855 2565 3926 de
2613 3878 2751 3949 quo

1183 3949 1280 4020 ln
1355 3956 1522 4049 fleg.
1603 3982 1747 4044 xxi,
1834 3960 1914 4028 ¹3
1992 3984 2008 4029 :
2089 3963 2510 4034 Eduxerant
2563 3985 2747 4043 eum,

1181 4060 1437 4133 scilicet
1530 4063 1832 4149 Naboth,
1923 4079 2122 4138 extra
2213 4071 2592 4151 civitatem,
2686 4081 2751 4139 et

1185 4166 1542 4261 lapidibus
1599 4174 2112 4265 interfecerunt.
2145 4175 2223 4246 Et
2258 4185 2495 4247 tamen
2524 4186 2744 4258 terre.

1183 4276 1452 4347 miseris
1488 4280 1747 4351 scilicet
1796 4290 1863 4351 et
1910 4284 2201 4353 terrenis
2245 4306 2319 4355 se
2375 4282 2752 4378 lapidanti-

1181 4379 1310 4452 bus
1365 4385 1897 4470 miserebuntur,
1949 4389 2539 4483 quemadmodum
2581 4390 2747 4460 bea-

1180 4499 1291 4560 tus
1328 4490 1722 4587 Stephanus
1764 4497 2003 4588 positis
2030 4499 2325 4593 genibus
2349 4498 2594 4571 orabat
2615 4522 2741 4593 pro

1176 4597 1641 4693 lapidantibus
1671 4622 1715 4674 ¹.

1270 4944 1305 4986 ι
1338 4921 1435 4989 Et
1488 4917 1851 4990 timebunt.
1913 4948 1944 4985 ιι
2006 4922 2133 4994 nie
2182 4923 2592 5014 secundum,
2657 4924 2743 4995 de

1181 5024 1431 5117 quibus
1467 5034 1568 5096 est
1610 5025 1970 5110 aediticata,
2004 5030 2165 5122 quia
2221 5029 2307 5101 de
2353 5031 2743 5102 minoribus

1178 5131 1526 5215 Gentium,
1571 5156 1745 5226 quos
1793 5136 2012 5228 tangit
2054 5138 2306 5229 primo.
2340 5136 2429 5209 Et
2465 5137 2552 5210 de
2590 5162 2744 5209 ma-

1164 5244 1460 5333 joribus,
1508 5269 1683 5339 quos
1729 5245 2057 5328 secundo,
2114 5247 2236 5330 ibi,
2300 5275 2336 5316 ι
2376 5252 2475 5321 Et
2510 5273 2743 5321 omnes

1170 5374 1385 5445 reyes.
1421 5378 1456 5420 ι

1243 5625 1261 5662 ¹
1293 5624 1569 5773 Olisscium
1603 5626 1662 5686 S.
1719 5625 2031 5701 Stephani,
2065 5636 2331 5703 protom.
2360 5628 2453 5689 Ad
2483 5628 2733 5701 Laudes,

1167 5718 1351 5791 Antip
1377 5735 1415 5776 ι.
1448 5719 1502 5775 2.

2974 506 3155 574 Dicit.
3201 529 3361 598 ergo
3400 531 3414 575 ε
3455 506 3568 574 Sic
3617 514 3811 573 erunt
3869 506 4204 595 sapientes
4254 502 4430 570 servi

2880 619 3005 698 tui,
3078 618 3174 684 sic
3227 616 3639 695 charitativi,
3721 626 3785 684 et
3859 615 4328 685 misericordes
4408 636 4421 680 :

2884 752 2919 788 «
2952 735 3015 791 et
3055 724 3414 808 timebunt,
3480 753 3514 790 n
3556 735 3830 817 propter
3895 725 4047 803 hoc,
4083 748 4122 792 o
4185 753 4219 787 «
4280 726 4429 791 Do-

2883 832 3090 912 mine,
3165 833 3407 901 Gentes
3465 861 3495 894 u
3560 835 4036 907 communiter,
4116 852 4422 897 «nomen

2878 948 3104 1009 tuum.
3156 966 3190 1003 ι)
3221 940 3476 1009 Jerem.
3520 965 3587 1017 x,
3643 942 3680 1008 7
3719 963 3734 1008 ε
3774 942 3941 1026 Quis
3987 963 4122 1006 non
4161 936 4425 1005 timebit

2879 1059 2963 1125 te,
3029 1072 3067 1115 o
3137 1071 3257 1115 rea:
3317 1050 3642 1118 Gentium
3678 1048 3718 1116 Ρ
3779 1048 4058 1138 Apocal.
4121 1069 4236 1128 κν,
4310 1046 4350 1111 4
4404 1068 4418 1111 ε

2881 1158 3051 1244 Quis
3093 1180 3230 1225 non
3271 1158 3537 1226 timebit
3594 1170 3680 1237 Ie,
3742 1160 4056 1242 Domine,
4117 1167 4179 1223 et
4269 1179 4424 1223 ma-

2871 1270 3239 1362 qnificabit
3301 1291 3545 1336 nomen
3621 1278 3814 1334 tuum
3875 1266 3994 1334 P...
4080 1266 4421 1349 Quoniam

2874 1399 3104 1444 omnes
3159 1378 3400 1446 Gentes
3447 1375 3736 1450 venient,
3788 1383 3850 1440 et
3893 1370 4282 1439 adorabunt
4328 1380 4415 1439 te.

2872 1482 3140 1551 Verum
3176 1483 3363 1551 dicit.
3400 1481 3532 1551 Isa.
3568 1504 3637 1557 n,
3673 1482 3712 1546 2
3751 1478 4192 1547 :Elevabitur
4216 1501 4423 1569 super

2875 1590 3116 1669 colles,
3162 1601 3228 1656 et
3261 1587 3486 1676 fluent
3526 1586 3622 1654 ad
3660 1608 3810 1652 eum
3873 1608 4101 1652 omnes
4140 1585 4404 1653 Gentes.

2961 1695 3103 1763 Nec
3193 1694 3419 1763 solum
3501 1695 3826 1771 minoreS,
3870 1693 4007 1760 imo
4060 1718 4092 1757 a
4136 1702 4199 1759 et
4282 1714 4422 1757 om-

2869 1827 2986 1871 nes
3065 1826 3254 1894 reyes
3334 1812 3555 1880 terrae,
3654 1828 3683 1862 n
3753 1808 3817 1867 et
3905 1801 4223 1888 majoreS,
4283 1798 4418 1865 sci-

2869 1911 3027 1981 licet
3111 1915 3181 1979 in
3256 1910 3617 1992 Gentibus,
3696 1920 3763 1978 et
3838 1910 4008 1977 alios
4079 1916 4412 2000 regenteS,

2871 2050 2905 2085 α
2962 2021 3270 2111 qloriam
3335 2030 3558 2098 tuam,
3631 2043 3665 2084 ι
3725 2016 4092 2109 gloriosam
4175 2025 4420 2107 poten-

2867 2128 3034 2196 tiam
3083 2137 3297 2210 tuam,
3331 2125 3600 2219 supple,
3634 2124 3994 2193 timebunt.
4031 2122 4414 2202 Psal.1.xxr,

2873 2239 2944 2305 11
2997 2256 3014 2305 ε
3056 2236 3469 2306 Adorabunt
3507 2259 3661 2303 eum
3712 2258 3937 2302 omnes
3973 2257 4158 2324 reyes
4195 2244 4412 2310 terrae,

2865 2370 3099 2415 omnes
3123 2358 3356 2438 qentes
3410 2347 3703 2414 servient
3743 2347 3823 2413 ei.
3890 2344 4017 2411 isa.
4064 2366 4243 2420 xux,
4275 2344 4359 2409 :23
4395 2364 4409 2410 :

2865 2456 3163 2545 Reqes...
3236 2453 3437 2521 vultu
3513 2454 3583 2520 in
3650 2462 3897 2519 terram
3966 2452 4283 2530 demisso,
4348 2451 4415 2516 in

2863 2565 3139 2657 signum
3181 2561 3614 2637 humilitatis,
3648 2560 4037 2629 adorabunt
4073 2571 4158 2628 te.

2953 2905 2986 2939 α
3029 2876 3211 2959 Quia
3249 2874 3643 2963 aedificarit.
3702 2904 3733 2932 »v
3796 2872 3916 2939 llic
3974 2873 4275 2948 tertium.
4338 2871 4407 2937 in

2861 3007 3000 3075 quo
3031 2983 3439 3063 ostenditur.
3472 3005 3612 3073 quo
3648 2991 3918 3049 auctore
3950 2981 4147 3049 fuerit
4188 2979 4409 3048 :editi-

2859 3100 3009 3161 cata
3045 3100 3156 3160 :et
3186 3092 3348 3184 quia
3386 3102 3580 3160 actor
3622 3091 3892 3183 sapiens
3939 3113 4076 3159 non
4122 3087 4407 3157 aedificat

2859 3204 3007 3272 sine
3040 3202 3444 3287 intentione,
3487 3200 3625 3270 duo
3662 3203 3897 3293 tangit.
3946 3199 4204 3276 Primo.
4240 3198 4409 3267 aedi·

2860 3310 3198 3379 ficationis
3240 3319 3568 3379 actorem.
3622 3307 3962 3388 Secunde,
4013 3308 4258 3376 actoris
4313 3307 4412 3374 in·

2859 3420 3268 3497 tentionem,
3310 3416 3433 3495 ibi,
3470 3444 3503 3482 ι
3538 3419 3634 3486 Et
3671 3415 4036 3484 videbitur.
4075 3445 4108 3478 n

2951 3523 3129 3593 Dicit
3177 3548 3342 3615 ergo
3395 3545 3413 3593 ε
3469 3523 3652 3591 Bene
3691 3547 3811 3614 per
3856 3521 3998 3591 haec
4039 3521 4412 3589 ‹edificabi-

2858 3640 2994 3718 tur,
3035 3640 3100 3702 et
3140 3655 3180 3700 a
3247 3630 3521 3710 talibus,
3580 3658 3613 3698 a
3690 3631 3858 3723 quia
3911 3630 4305 3718 aedificarit,
4375 3655 4406 3691 ι

2855 3741 3279 3834 praeteritum
3334 3763 3459 3833 pro
3507 3739 3736 3809 futuro
3791 3738 4191 3809 certitudine
4247 3758 4412 3829 pro·-

2854 3847 3142 3941 phetali,
3189 3876 3222 3916 ι
3282 3849 3483 3920 Sion.
3515 3877 3546 3914 s
3604 3847 3754 3941 lpse
3792 3858 3891 3918 est
3939 3857 4129 3917 actor
4165 3846 4413 3939 princi·

2855 3955 3058 4049 palis,
3130 3979 3269 4026 non
3318 3956 3519 4027 alius.
3573 3956 3702 4026 lsa.
3746 3978 3903 4036 xix,
3946 3959 4023 4024 ¹3
4083 3977 4100 4023 ε
4164 3955 4413 4024 Omnes

2857 4065 3007 4133 vias
3033 4063 3191 4155 ejus
3232 4064 3540 4157 diriqam
3583 4086 3600 4133 ε
3642 4066 3785 4158 ipse
3826 4061 4198 4152 edificabit
4243 4062 4413 4130 civi-

2855 4182 3068 4241 tatem
3108 4195 3356 4243 meam.
3402 4172 3512 4251 Et.
3564 4170 3842 4251 ibidem,
3901 4193 3972 4254 v,
4014 4172 4055 4239 2
4091 4193 4106 4241 ε
4142 4170 4411 4259 AEdifi·

2851 4283 3035 4353 cavit
3071 4283 3324 4352 turrim
3364 4282 3436 4351 in
3466 4281 3693 4350 medio
3722 4281 3900 4372 ejus.

2941 4529 2976 4562 u
3029 4501 3130 4571 Ee
3159 4499 3528 4571 videbitur.
3566 4529 3600 4565 ι
3634 4499 3803 4569 Ecce
3849 4499 4247 4569 redificantis
4301 4500 4410 4568 in·

2851 4611 3093 4680 tentio.
3173 4608 3388 4692 Quasi
3464 4609 3715 4682 diceret
3793 4630 3811 4679 ε
3893 4607 4005 4677 Sic
4048 4607 4410 4679 aedisscavit

2853 4715 3052 4796 Sion,
3123 4717 3191 4786 id
3257 4725 3386 4799 est,
3456 4715 3827 4787 Ecclesiam
3871 4740 3887 4786 ε
3936 4742 3971 4783 ι
4026 4728 4090 4786 et
4139 4717 4408 4787 videbi·-

2848 4837 2991 4906 tur,
3028 4850 3063 4892 ι
3111 4825 3196 4895 ab
3241 4850 3349 4906 ea.
3397 4835 3673 4918 propter
3727 4823 3855 4893 hoc
3898 4824 4257 4896 aedificavit
4307 4825 4407 4919 ip·

2846 4957 3026 5021 sam,
3070 4961 3105 5002 ι
3149 4935 3221 5004 in
3255 4934 3491 5027 qloria
3536 4959 3692 5005 sua.
3731 4962 3766 4999 ι
3801 4934 3933 5005 lsa.
3978 4958 4218 5016 xxxin,
4266 4936 4344 5005 ¹7
4381 4957 4398 5005 ε

2847 5043 3101 5135 Regem
3155 5044 3229 5112 in
3258 5042 3498 5113 decore
3528 5067 3656 5113 suo
3713 5041 4060 5115 videbunt.
4118 5043 4230 5124 Et,
4280 5042 4407 5112 ibi·

2845 5149 3028 5231 dem,
3061 5174 3174 5236 xz..
3215 5153 3257 5224 5
3291 5175 3309 5222 :
3344 5150 3790 5222 Ite-velabitur
3822 5153 4055 5246 qim-io
4090 5151 4398 5231 Domini.

2846 5262 3037 5353 quia,
3111 5257 3141 5328 1
3189 5259 3394 5330 Joan.
3441 5282 3540 5342 ιιι,
3607 5260 3650 5331 2
3709 5283 3726 5331 :
3807 5259 4198 5331 Videbimus
4243 5284 4400 5330 eum

2841 5369 3054 5439 sicuti
3091 5378 3214 5439 est.
3261 5366 3506 5439 matth.
3550 5391 3739 5451 xxiv,
3782 5370 3868 5438 30
3902 5371 4048 5441 :Et
4073 5368 4404 5441 videbunt

2912 5629 2938 5666 ²
2963 5632 3093 5686 Act.
3126 5644 3224 5698 vn,
3254 5633 3324 5686 58
3353 5638 3413 5689 et
3451 5635 3542 5688 5⁹.

4540 2917 4665 2984 15
