5008 6329
747 335 877 403 428

838 506 1017 575 Dicit
1057 530 1218 596 ergo
1255 529 1270 573 ε
1314 506 1425 572 Sic
1461 509 1789 596 percussit
1864 533 2150 600 magnos
2183 532 2293 577 re-

749 632 892 700 ges,
949 619 1014 677 et
1075 611 1304 687 forteS,
1359 636 1389 675 α
1449 612 1668 680 Sehon
1724 615 1999 697 scilicet,
2070 637 2293 705 reqem

748 716 1326 800 Amorrhaeorum,
1401 744 1431 782 ι)
1476 720 1559 786 ad
1616 721 1933 801 litteram,
1984 724 2101 811 qui
2145 743 2295 787 ma—

750 844 900 910 gnae
959 822 1398 912 reputabatur
1425 826 1791 916 dignitatis.

843 1169 877 1205 «
912 1144 1007 1210 Et
1050 1143 1178 1231 Oq,
1212 1164 1434 1230 reqem
1463 1143 1717 1220 Basan,
1779 1170 1810 1204 >³
1852 1144 1968 1234 qui
2025 1165 2291 1235 magnae

752 1248 1100 1318 dicebatur
1118 1248 1552 1330 fortitudinis,
1596 1260 1662 1319 et
1688 1253 1977 1320 virtutis,
2021 1253 2121 1321 De
2150 1275 2296 1343 per-

750 1356 1064 1424 cussione
1127 1357 1357 1446 primi,
1409 1358 1646 1439 AmoS,
1707 1384 1779 1444 11,
1811 1363 1851 1428 9
1896 1383 1912 1428 :
1965 1364 2118 1450 qu
2171 1384 2294 1427 ea·-

751 1453 1116 1530 terminavi
1160 1488 1202 1531 a
1252 1467 1435 1555 facie
1496 1490 1727 1535 eorum
1789 1469 2286 1536 Amorrhaeum.

748 1571 851 1640 De
889 1573 1214 1653 secundo,
1269 1575 1549 1644 Numer.
1597 1601 1736 1656 xxi,
1799 1579 1923 1647 33:
1985 1580 2293 1648 Occurrit

749 1681 846 1747 eis
894 1680 1023 1771 Oq,
1087 1705 1210 1749 rex
1262 1684 1521 1762 Basan,
1591 1708 1745 1752 cum
1800 1686 1988 1753 omni
2026 1684 2290 1777 populo

746 1809 872 1855 suo
923 1800 1369 1878 puqnaturus
1456 1793 1528 1857 in
1574 1792 1821 1860 Edrat.
1866 1791 1974 1872 Et,
2010 1792 2286 1871 ibidem,

749 1903 813 1972 5.
848 1897 932 1964 35
967 1917 984 1962 ε
1027 1901 1513 1967 percusserunt
1560 1901 1776 1990 iqitur
1824 1913 1888 1970 et
1923 1903 2104 1970 hunc
2139 1924 2294 1970 cum

744 2004 920 2092 filiis
953 2005 1125 2085 suis,
1170 2008 1692 2099 universumque
1723 2011 2072 2102 populum
2112 2010 2291 2100 ejus.

747 2110 914 2179 Haec
954 2112 1021 2178 in
1071 2111 1347 2182 Psalmo
1378 2116 1780 2206 praecedenti
1810 2119 2116 2208 exposita
2150 2119 2194 2184 ⁸.

840 2216 1302 2309 Spiritualiter
1338 2230 1564 2291 tamen
1622 2247 1739 2292 rex
1795 2224 2290 2301 amaritudiniS,

742 2335 1095 2416 peccatum
1133 2326 1440 2398 luxuriae.
1477 2330 1860 2401 Amorrhaei
1889 2334 2070 2400 enim
2100 2355 2301 2400 ama-

746 2434 1038 2502 ricantes
1086 2435 1634 2528 interpretantur.
1700 2439 1923 2510 Eccle.
1982 2462 2101 2521 vn,
2145 2441 2228 2506 27
2273 2463 2289 2507 :

745 2542 988 2611 Inveni
1076 2548 1490 2615 amariorem
1590 2559 1803 2616 morte
1909 2548 2290 2616 mulierem.

748 2650 1075 2721 Proverb.
1111 2676 1179 2733 ν,
1214 2656 1256 2721 4
1303 2678 1318 2723 :
1370 2657 1757 2725 Novissima
1806 2657 2007 2725 illius
2050 2681 2296 2726 amara

745 2760 950 2850 quasi
1000 2760 1446 2831 absinthium.
1503 2764 1584 2831 Et
1631 2765 2052 2834 diversitates
2091 2765 2294 2854 hujus

746 2869 1028 2956 peccati,
1080 2869 1363 2939 diversae
1411 2873 1919 2954 amaritudines,
1980 2873 2291 2963 quamvis

747 2974 1138 3047 dulcedines
1229 2979 1613 3048 videantur.
1700 2980 1899 3060 Osee,
1977 3004 2096 3062 ιιι,
2146 2983 2226 3049 14
2269 3004 2285 3048 ε

740 3086 859 3154 Ad
881 3088 1314 3158 iracundiam
1362 3113 1469 3159 me
1505 3094 1902 3184 provocavit
1949 3093 2290 3185 Ephraim

743 3196 814 3260 in
853 3199 1444 3269 amaritudinibus
1489 3203 1655 3271 suis.
1709 3201 1840 3293 og,
1895 3202 2010 3294 qui
2077 3204 2290 3271 inter-

735 3313 1042 3396 pretatur
1069 3331 1491 3391 coacervans,
1550 3310 1881 3401 significat
1937 3319 2286 3401 peccatum

739 3415 1044 3482 avaritiae
1086 3416 1270 3507 quod
1300 3439 1696 3486 coacervare
1753 3440 1890 3486 non
1947 3427 2187 3496 cessat,
2222 3426 2289 3486 et

738 3519 1011 3614 impleri
1050 3545 1189 3591 non
1224 3532 1467 3614 potest.
1512 3523 1731 3593 Eccle.
1785 3548 1855 3601 v,
1889 3527 1930 3593 9
1966 3546 1982 3593 t
2018 3527 2285 3594 Avarus

737 3652 873 3697 non
923 3629 1328 3721 implebitur
1379 3633 1699 3725 pecunia.
1771 3631 2029 3701 llabac.
2061 3656 2133 3710 11,
2187 3632 2281 3700 6:

754 3741 861 3809 Vae
888 3741 975 3821 ei,
998 3743 1123 3833 qui
1164 3742 1597 3836 multiplicat
1639 3767 1928 3812 nonsua
1958 3747 1990 3811 Ι
2037 3766 2287 3835 usque-

740 3871 877 3940 quo
919 3860 985 3919 et
1029 3861 1369 3942 aqqravat
1410 3860 1647 3920 contra
1697 3875 1769 3921 se
1829 3851 2110 3919 densum
2171 3850 2289 3919 Iu-

745 3955 958 4025 lum?
1015 3957 1235 4026 Eccle.
1306 3981 1379 4037 ιι,
1459 3960 1501 4027 8
1570 3980 1587 4029 :
1668 3958 2075 4028 coacervavi
2113 3959 2289 4026 mihi

744 4074 1109 4155 argentum
1130 4075 1194 4133 e!
1214 4088 1492 4135 aurum.
1531 4065 1666 4134 Sed
1693 4064 1820 4133 hos
1854 4065 2188 4134 Dominus
2218 4067 2284 4134 in

742 4173 886 4242 suis
923 4173 1191 4242 occidit.
1237 4173 1496 4253 Primo,
1532 4172 1844 4265 exemplo
1901 4196 2039 4241 suae
2095 4196 2294 4242 mun-

742 4279 1040 4348 dissimae
1122 4281 1470 4350 castitatis.
1544 4279 1883 4360 Secundo,
1978 4279 2292 4373 exemplo

742 4388 1118 4456 verissimae
1162 4389 1604 4480 paupertatis..

854 4738 887 4772 α
924 4711 1021 4778 Ee
1066 4708 1258 4776 dedit
1285 4718 1539 4777 terram
1586 4730 1843 4776 eorum.
1908 4734 1941 4772 ιο
1992 4706 2119 4776 Hic
2157 4717 2298 4776 ter-

755 4820 954 4886 tium.
990 4816 1370 4885 Proemissis
1416 4817 1599 4886 enim
1666 4814 1982 4907 operibus
2029 4816 2298 4907 magni-

750 4926 919 5003 ficis,
954 4932 1022 4992 et
1057 4922 1405 4991 beneflciis
1444 4946 1595 5014 quae
1642 4923 1799 4991 fecit
1829 4923 1896 4990 in
1940 4922 2294 4992 eductione

746 5034 982 5126 populi
1025 5034 1107 5102 de
1136 5032 1467 5125 AEgypto,
1499 5032 1820 5107 secundo,
1855 5033 1922 5099 in
1949 5032 2294 5102 deductio·

746 5166 833 5211 ne
860 5165 984 5233 per
1019 5142 1385 5219 desertum,
1420 5141 1642 5220 tertio,
1676 5139 1927 5208 scilicet
1955 5139 2088 5220 hic,
2140 5163 2293 5232 quae

744 5251 902 5320 fecit
929 5252 1000 5319 in
1031 5250 1531 5319 introductione
1562 5248 1631 5316 in
1687 5250 1936 5317 terrain
1979 5250 2295 5318 inimico-

747 5381 927 5429 rum.
957 5356 1046 5426 Et
1079 5367 1238 5426 sunt
1268 5360 1593 5451 quinque.
1637 5357 1944 5426 Primum
1972 5366 2073 5426 est
2099 5367 2292 5427 terrae

746 5466 1046 5539 collatio.
1111 5463 1528 5548 Secundum,
1603 5465 1911 5535 liberatio
1962 5487 2004 5533 a
2060 5464 2293 5534 multis

824 5698 846 5737 ¹
875 5696 963 5759 Cf.
1022 5712 1223 5771 supra,
1277 5694 1774 5754 commentarium
1801 5694 1867 5752 in
1922 5693 1978 5766 5.
2021 5696 2079 5750 ¹1
2134 5692 2287 5753 Psal.

1745 339 1824 405 D.
1882 337 2078 404 ALB.
2130 336 2349 405 MAG.

2400 336 2609 406 ORD.
2660 335 2955 403 PRAED.

2402 509 2693 575 miseriis
2749 517 2813 573 et
2866 501 3445 573 tribulationibus.
3510 498 3630 576 ibi,
3681 507 3745 575 5.
3813 500 3949 566 23:

2405 644 2438 678 «
2486 618 2669 700 Quia
2721 617 2791 681 in
2859 614 3278 681 humilitate.
3332 636 3364 675 n
3405 608 3738 684 Tertium,
3783 605 3954 673 libe-

2400 725 2575 791 ratio
2644 745 2684 790 a
2756 723 3019 790 tributis
3113 730 3177 788 et
3235 716 3738 799 exactionibu8‚
3833 713 3951 797 ibi,

2399 833 2463 902 5.
2526 828 2654 894 24:
2705 854 2733 889 α
2784 828 2879 893 Et
2935 825 3220 892 redemit
3275 847 3424 893 nos.
3496 851 3529 886 ι)
3586 819 3950 900 Quartum,

2400 936 2755 1004 abundans
2775 935 3159 1003 cibarorum
3190 932 3552 1014 exhibitio,
3576 930 3697 1010 ibi,
3721 935 3788 1005 5.
3821 928 3906 994 25
3934 949 3950 993 z

2405 1068 2440 1110 α
2477 1045 2616 1129 Qui
2641 1043 2764 1110 dat
2798 1066 3040 1112 escam.
3087 1066 3121 1108 ι
3183 1039 3543 1120 Quintum,
3612 1043 3772 1128 post
3814 1033 3958 1102 haec

2401 1153 2660 1235 omnia,
2747 1152 2950 1219 etiam
3006 1149 3158 1219 coeli
3223 1149 3329 1217 sui
3390 1145 3757 1236 expositiO,
3831 1141 3952 1219 ibi,

2397 1268 2460 1337 5.
2504 1261 2591 1327 26
2629 1280 2643 1324 :
2684 1286 2716 1321 «
2781 1258 3216 1343 Confitemini
3247 1258 3391 1324 Deo
3430 1254 3609 1322 coeli.
3658 1278 3691 1314 >2

2487 1366 2567 1433 In
2623 1366 2842 1457 prima
2898 1365 3056 1433 duo.
3115 1363 3379 1442 Primo,
3430 1371 3630 1430 terrae
3682 1356 3955 1427 collatio

2398 1473 2483 1542 ad
2521 1471 2990 1541 habitandum.
3027 1470 3370 1551 Secund0,
3415 1468 3526 1537 cui
3556 1463 3959 1535 haereditan-

2398 1580 2593 1663 dam,
2697 1578 2833 1658 ibi,
2922 1587 2992 1656 5.
3081 1580 3166 1646 22
3256 1598 3273 1647 :
3362 1604 3392 1640 α
3468 1573 3957 1644 Haereditatem

2394 1688 2637 1757 Israel.
2684 1713 2718 1755 ι

2486 1797 2668 1864 Dicit
2697 1815 2911 1886 ergo:
2958 1792 3070 1863 Sic
3119 1815 3313 1885 reges
3370 1812 3662 1881 magnos
3729 1787 3958 1878 digni-

2399 1910 2537 1971 tate
2565 1911 2632 1972 et
2661 1904 2963 1994 potentia
2991 1901 3201 1969 fortes
3251 1898 3525 1984 occidit,
3580 1925 3615 1961 ι(
3655 1905 3722 1963 et
3767 1892 3957 1962 dedit

2401 2022 2657 2080 terram
2702 2033 2959 2090 eorum,
3010 2039 3042 2073 »
3073 2032 3216 2078 non
3254 2007 3341 2077 ad
3387 2015 3688 2097 tempuS,
3732 2025 3958 2095 quan-

2401 2132 2546 2191 tum
2580 2124 2650 2190 in
2684 2145 2753 2190 se
2783 2122 2932 2202 fuit,
2977 2121 3095 2190 sed
3153 2145 3187 2186 ι
3258 2122 3331 2188 in
3383 2116 3878 2193 haereditatem,
3914 2138 3950 2180 ι

2403 2240 2479 2299 ut
2503 2233 2648 2298 veri
2679 2230 2814 2297 sint
2841 2250 3287 2321 possessore&

2493 2577 2528 2618 ι
2571 2553 3075 2622 Ilaereditatem.
3114 2574 3148 2616 ι
3209 2549 3335 2618 Hic
3391 2545 3741 2639 specificat
3803 2543 3957 2635 qui-

2402 2659 2697 2847 bug-nasi
2749 2769 2998 2836 diceret
3049 2791 3063 2834 :
3102 2764 3216 2833 Sic
3245 2762 3429 2833 dedit
3460 2761 3953 2836 haereditatem,

2402 2901 2437 2942 ι
2495 2876 2958 2944 haeredilatem
2989 2927 3006 2954 ,
3075 2901 3108 2939 ιι
3204 2896 3344 2942 non
3410 2870 3737 2948 cuilibet,
3838 2865 3959 2936 sed

2402 3013 2435 3048 «ι
2478 2984 2724 3064 Israel,
2774 3007 2961 3053 servo
2999 3005 3151 3067 suo,
3198 3006 3232 3048 ι
3275 2980 3344 3048 id
3373 2989 3502 3062 est,
3553 2976 3817 3069 populo
3873 2976 3958 3044 de

2395 3092 2603 3162 Israel
2634 3116 2832 3163 servo
2863 3116 2987 3161 suo
3019 3100 3205 3171 nato,
3239 3089 3500 3158 scilicet
3556 3087 3828 3164 Ruben,
3890 3092 3959 3154 et

2394 3200 2564 3280 Gad,
2636 3210 2702 3270 et
2760 3199 3054 3269 dimidiae
3110 3198 3317 3267 tribui
3394 3195 3735 3264 Manasse.
3806 3191 3958 3262 Nu-

2391 3335 2563 3381 mer.
2622 3336 2855 3390 xxxrv,
2889 3313 2973 3380 25
3022 3334 3036 3379 :
3073 3312 3250 3379 Duae
3272 3309 3478 3377 semis
3507 3305 3734 3375 tribus
3770 3327 3952 3373 acce·

2380 3430 2638 3511 perun!
2685 3429 2958 3512 partem
3012 3441 3214 3486 suam
3288 3426 3483 3485 trans
3541 3413 3949 3485 Iordanem.

2388 3527 2668 3597 Deuter.
2724 3551 2824 3614 ιιι,
2863 3530 2940 3595 12
2971 3534 3036 3595 et
3080 3528 3158 3596 13
3195 3549 3210 3594 ε
3249 3526 3578 3596 Civitates
3608 3503 3955 3590 illius-’de-

2390 3634 2468 3704 di
2521 3636 2787 3717 Hubert,
2838 3646 2902 3704 et
2977 3634 3137 3705 Gad
3183 3657 3206 3702 :
3271 3632 3624 3726 reliquam
3714 3638 3950 3697 aulem

2381 3754 2657 3834 partem
2690 3742 2992 3822 Galaad,
3038 3751 3102 3811 et
3129 3762 3400 3809 omnem
3427 3742 3693 3819 Busan,
3727 3735 3949 3828 requi,

2395 3848 2524 3940 Oq,
2606 3849 2873 3918 tradidi
2981 3848 3223 3918 media.-
3303 3845 3524 3915 tribui
3594 3846 3946 3914 Manu-sse.

2395 3953 2855 4047 Spiritualiter
2881 3964 3136 4038 autem,
3170 3963 3237 4024 et
3281 3953 3610 4036 breviter,
3654 3973 3796 4020 non
3833 3947 3952 4017 alii

2394 4086 2601 4155 quam
2640 4086 2839 4132 servo
2876 4063 3028 4143 Dei,
3088 4061 3289 4131 datur
3343 4058 3463 4128 illa
3518 4080 3683 4129 vera
3728 4065 3798 4126 et
3832 4079 3958 4124 su-

2394 4192 2606 4261 perna
2669 4168 3049 4238 haereditas.
3114 4167 3220 4236 Ad
3251 4165 3504 4260 Ephes.
3537 4188 3611 4248 ν,
3660 4166 3757 4234 5:
3806 4163 3956 4232 IIoc

2392 4278 2631 4346 scitote
2675 4277 3160 4368 intelliqentes,
3210 4273 3404 4367 quod
3457 4272 3683 4341 omnis
3719 4270 3957 4363 sorni-

2395 4394 2610 4467 cator,
2653 4395 2778 4454 aut
2818 4383 3243 4465 immundus,
3284 4392 3411 4451 aut
3448 4403 3730 4459 avarus,
3765 4365 3959 4471 quod

2397 4502 2495 4561 est
2549 4493 2900 4562 idolorum
2927 4493 3243 4570 servitus,
3283 4512 3422 4559 rum
3467 4487 3751 4558 habebit
3803 4488 3955 4556 hae-

2399 4602 2763 4671 reditatem
2815 4603 2886 4670 in
2924 4623 3130 4692 reque
3189 4600 3476 4679 Christi,
3509 4606 3575 4666 e!
3610 4598 3769 4666 Dei.
3816 4595 3953 4665 Sed

2399 4709 2745 4778 auferetur
2785 4732 2823 4778 a
2873 4708 3018 4788 tali,
3088 4716 3155 4777 et
3209 4705 3485 4774 dabitur
3538 4726 3740 4774 servo
3802 4702 3948 4772 Dei.

2399 4815 2640 4887 Matth.
2674 4841 2813 4895 xxx,
2880 4817 3017 4886 43:
3073 4818 3453 4907 Auferetur
3496 4836 3541 4881 a
3599 4812 3790 4883 vobis
3844 4835 3958 4880 re-

2397 4950 2616 5019 ynum
2690 4926 2844 5004 Dei,
2899 4934 2962 4992 e!
3022 4924 3309 4992 dabitur
3388 4922 3585 5013 qemi
3663 4922 3956 5013 facienti

2395 5039 2672 5128 fructus
2740 5035 2916 5125 ejus.

2489 5383 2524 5419 α
2589 5355 2770 5441 Quia
2831 5354 2902 5419 in
2958 5351 3381 5421 humililate.
3455 5378 3491 5414 n
3533 5350 3663 5419 Hic
3710 5372 3952 5421 secun·

2397 5461 2562 5530 dum
2587 5459 3016 5530 beneficium.

2394 5691 2685 5751 cxxxlv.
