5008 6329
755 329 882 398 488
926 318 930 323 ’

1762 324 1844 391 D.
1896 324 2094 391 ALB.
2147 324 2363 391 MAG.
2417 323 2622 391 ORD.
2675 323 2972 390 PRAED.

1937 849 2398 923 PSALMUS
2452 849 2790 920 CXLIII.

1382 1189 1689 1259 Gratias
1716 1188 1877 1279 ayit
1893 1213 2041 1282 pro
2070 1189 2384 1260 victoria
2405 1190 2631 1284 :petit
2657 1191 2963 1261 hostium
2999 1190 3330 1262 exitium.

820 1577 876 1623 1.
929 1556 1265 1625 Psalmus
1298 1554 1555 1624 David.
1579 1555 1951 1624 Adversus
1983 1554 2299 1625 Goliath.

937 1664 1361 1733 Benedictus
1421 1661 1782 1732 Dominus
1824 1663 2018 1731 Deus
2066 1684 2297 1740 meus,

1021 1771 1145 1863 qui
1190 1772 1395 1841 docet
1434 1794 1696 1841 manus
1737 1793 1932 1840 meas
1968 1771 2055 1839 ad
2108 1793 2303 1862 proe-

1024 1880 1227 1959 lium,
1298 1899 1366 1949 et
1444 1880 1711 1971 digitos
1755 1901 1956 1948 meos
2002 1880 2095 1948 ad
2152 1879 2298 1948 bel·

1021 1987 1198 2055 lum.

804 2113 868 2160 2.
920 2092 1412 2162 Misericordia
1518 2116 1675 2163 mea
1770 2111 1839 2162 et
1943 2091 2297 2183 refugium

1017 2221 1290 2277 meum,
1336 2219 1713 2292 susceptor
1763 2221 1970 2268 meus
2018 2218 2084 2269 et
2119 2200 2301 2268 libe-

1023 2327 1214 2377 rator
1260 2328 1469 2376 meus
1513 2327 1530 2375 ε

936 2416 1310 2486 Protector
1367 2437 1599 2496 meus,
1664 2434 1731 2484 et
1801 2416 1871 2484 in
1935 2413 2090 2507 ipso
2148 2436 2304 2505 spe·

1027 2525 1172 2594 ravi
1205 2546 1221 2592 :
1259 2523 1381 2617 qui
1406 2523 1655 2593 subdit
1680 2523 2035 2615 populum
2060 2542 2305 2590 meum

1028 2633 1164 2701 sub
1197 2654 1337 2703 me.

811 2739 875 2808 3.
934 2740 1269 2821 Domine,
1304 2737 1477 2831 quid
1513 2758 1620 2809 est
1671 2739 1917 2818 homo,
1964 2737 2131 2830 quia
2195 2737 2312 2806 in-

1034 2846 1329 2916 notuisti
1371 2847 1474 2950 ²50?
1532 2866 1653 2914 aut
1715 2847 1904 2915 lilius
1965 2845 2307 2930 hominiS,

1040 2955 1207 3046 quia
1243 2975 1533 3046 reputas
1563 2955 1782 3023 eum?

817 3085 888 3151 4.
945 3064 1187 3134 Homo
1222 3064 1510 3134 vanitati
1537 3063 1799 3132 similis
1851 3063 2074 3132 sactus
2130 3083 2237 3133 est
2287 3087 2303 3132 ε

1035 3175 1189 3244 dies
1257 3175 1411 3265 ejus
1477 3173 1663 3244 sicut
1712 3174 1970 3243 umbra
2028 3194 2311 3266 praeter-

1030 3283 1298 3354 cunt¹.

815 3395 879 3461 5.
937 3390 1270 3469 Domine,
1341 3390 1607 3461 inclina
1684 3390 1906 3461 coelos
1982 3410 2168 3469 tuos,
2240 3410 2305 3460 et

1027 3499 1381 3569 descende
1461 3522 1477 3567 ε
1550 3520 1765 3592 tange
1839 3517 2145 3577 montes,
2241 3517 2309 3568 et

1030 3606 1512 3700 fumigabunt.

810 3712 877 3782 6.
937 3712 1248 3804 Fulgura
1305 3712 1913 3796 coruscationem,
1975 3730 2041 3782 et
2100 3710 2309 3782 dissi-

1028 3822 1233 3914 pabis
1274 3845 1399 3893 eos
1435 3846 1450 3891 :
1504 3823 1753 3894 emitte
1784 3823 2078 3916 sagittas
2120 3842 2302 3903 tuas,

1028 3950 1097 4001 et
1128 3933 1597 4003 conturbabis
1636 3956 1785 4004 eos.

809 4059 875 4127 7.
934 4037 1202 4109 Emitte
1242 4060 1540 4109 manum
1578 4059 1778 4110 tuam
1818 4039 1906 4109 de
1955 4040 2126 4125 alto,
2169 4038 2304 4111 eri-

1028 4169 1114 4239 pe
1154 4167 1323 4217 me:
1382 4168 1451 4217 et
1493 4146 1716 4217 libera
1765 4169 1880 4218 me
1945 4148 2032 4218 de
2095 4147 2305 4240 aquis

1026 4256 1304 4341 multis,
1337 4259 1425 4327 de
1454 4278 1676 4328 manu
1698 4258 2010 4331 filiorum
2040 4260 2305 4331 alieno·

1025 4383 1232 4433 rum:

806 4468 875 4542 8.
925 4468 1262 4561 Quorum
1327 4495 1410 4542 os
1465 4473 1789 4545 locutum
1858 4493 1965 4546 est
2031 4476 2302 4547 vanita-

830 4732 851 4767 ¹
879 4731 1008 4802 «lob,
1038 4750 1157 4804 vm,
1196 4736 1253 4803 ⁹,
1285 4741 1347 4793 et
1373 4753 1485 4807 ειν,
1517 4739 1571 4794 2.

2683 1552 2854 1613 tem,
2917 1551 2987 1603 et
3046 1532 3333 1603 dextera
3382 1555 3637 1604 eorum
3679 1533 3968 1604 dextera

2677 1640 3112 1734 iniquitatis.

2454 1775 2522 1843 9.
2579 1752 2800 1829 Deus,
2871 1751 3229 1821 canticum
3314 1773 3591 1821 novum
3657 1749 3966 1820 cantabo

2675 1857 2833 1940 tibi,
2924 1857 2995 1927 in
3093 1859 3433 1950 psalterio
3511 1857 3966 1929 decachordo

2673 1965 2976 2058 psallam
3009 1965 3166 2035 tibi.

2421 2097 2524 2142 ιο.
2580 2072 2727 2164 Qui
2769 2075 2898 2143 das
2930 2074 3235 2143 salutem
3278 2073 3596 2168 regibus.
3633 2074 3756 2173 qui
3801 2072 3964 2143 red-

2674 2180 2915 2251 emisti
3005 2182 3264 2264 David‚
3346 2204 3636 2252 servum
3723 2201 3965 2262 tuum,

2676 2289 2763 2359 de
2794 2288 3036 2382 gladio
3069 2292 3418 2384 maligno.

2422 2421 2527 2466 ιι.
2588 2397 2800 2488 Eripe
2846 2418 2989 2477 me,

2601 2503 2691 2574 Et
2758 2526 2928 2574 erue
3000 2527 3118 2575 me
3194 2505 3283 2575 de
3342 2527 3563 2576 manu
3651 2505 3968 2575 filiorum

2685 2613 3117 2697 alienorum,
3151 2637 3462 2707 quorum
3510 2637 3593 2684 os
3643 2619 3968 2686 locutum

2686 2743 2794 2794 est
2863 2724 3279 2805 vanitatem,
3359 2745 3427 2795 et
3495 2724 3786 2794 dextera
3850 2746 3971 2793 eo-

2691 2853 2849 2902 rum
2884 2832 3172 2900 dextera
3204 2831 3639 2924 iniquitatis.

2435 2962 2538 3010 12.
2593 2938 2929 3030 Quorum
2963 2938 3090 3009 filii
3125 2939 3310 3010 sicut
3360 2941 3668 3010 novellae
3703 2939 3978 3031 planta-

2687 3046 2920 3118 tiones
2951 3046 3022 3116 in
3057 3045 3431 3137 juventute
3471 3071 3602 3117 sua
3640 3071 3656 3117 :

2604 3157 2660 3225 F
2664 3156 2802 3227 iliae
2828 3178 3079 3227 eorum
3103 3155 3555 3249 composita-⁸,
3590 3155 3975 3228 circumor-

2687 3281 2870 3331 natae
2903 3280 2980 3331 ut
3011 3262 3419 3332 similitudo
3451 3262 3728 3353 templi.

2430 3368 2536 3437 13.
2594 3369 3099 3461 Promptuaria
3189 3390 3446 3441 eorum
3513 3370 3752 3460 plena,
3805 3391 3977 3440 eru-

2682 3478 2950 3548 ctantia
2980 3500 3065 3548 ex
3098 3478 3236 3548 hoc
3267 3477 3337 3547 in
3375 3477 3558 3547 illud
3595 3499 3611 3545 ε

2597 3584 2793 3656 Oves
2832 3606 3086 3657 eorum
3154 3585 3458 3666 soetosae,
3515 3583 3976 3655 abundantes

2685 3692 2755 3763 in
2790 3692 3202 3786 egressibus
3264 3691 3461 3764 suis:

2430 3821 2534 3889 ¹4·
2595 3802 2821 3871 Boves
2853 3822 3108 3873 eorum
3132 3821 3417 3871 crassae.

2600 3908 2762 3977 Non
2816 3925 2923 3977 est
3009 3910 3216 3979 ruina
3289 3906 3651 3987 maceriae,
3740 3928 3977 3999 neque

2682 4015 3031 4085 transitus
3112 4038 3131 4086 ε
3211 4038 3449 4109 neque
3542 4017 3817 4087 clamor
3901 4015 3976 4085 in

2683 4123 2937 4216 plateis
2967 4145 3251 4195 eorum.

2429 4234 2536 4303 15.
2593 4229 2895 4301 Beatum
2987 4231 3326 4304 dixerunt
3408 4232 3768 4326 populum
3857 4227 3975 4301 cui

2687 4338 2839 4409 hoec
2895 4355 3066 4409 sunt
3117 4363 3135 4409 :
3199 4339 3452 4410 beatus
3501 4339 3819 4432 populus
3847 4359 3976 4409 cu-

2678 4444 2794 4535 jus
2835 4445 3197 4517 Dominus
3230 4448 3427 4519 Deus
3458 4447 3641 4538 ejus.
