5008 6329
301 1702 622 1810 esame,

320 1808 603 1908 iss'i’ddfiffi}

337 1919 442 1959 toto
469 1916 588 1962 orbo

320 1968 520 2018 laudari.
547 1981 609 2015 ox

300 2022 623 2122 ξὲἪὲτθέες

342 2129 391 2173 tn
420 2129 515 2174 ssdo
540 2136 589 2175 et

341 2183 594 2231 charitate.

304 3838 622 3942 ‘fle-...sef-

645 315 772 382 218

983 793 1075 859 IN
1144 791 1585 860 PSALMUM
1648 790 1861 858 CXVI

1155 1021 1663 1069 COMMENTARIUS
1674 1049 1686 1062 .

1110 1343 1144 1377 «
1177 1312 1494 1381 Alleluia
1525 1315 1569 1381 ¹.
1606 1341 1637 1373 ι»

741 1646 1061 1716 Laudate
1117 1642 1523 1717 Dominum,
1595 1663 1823 1708 omnes
1875 1648 2186 1729 flentes.»

650 1754 779 1823 IIic
843 1763 947 1824 est
1020 1749 1337 1819 Psalmus
1403 1750 1812 1818 centesimus
1895 1748 2197 1816 decimus

650 1869 879 1931 sextus
912 1862 983 1928 in
1012 1866 1157 1926 toto
1188 1855 1391 1938 libro,
1444 1858 1513 1923 in
1569 1856 1769 1924 tertia
1807 1876 1969 1922 vero
2008 1862 2196 1945 parte

649 1968 802 2037 libri
833 1967 1139 2037 decimus
1177 1973 1411 2032 sextus
1456 1986 1471 2030 ε
1521 1963 1591 2030 in
1632 1985 1768 2054 quo
1817 1962 2058 2030 invitat
2114 1962 2201 2030 ad

651 2074 919 2143 laudem
953 2080 1104 2165 post
1142 2070 1731 2140 confirmationem
1777 2070 2090 2139 Ecclesiae
2127 2071 2196 2138 in

648 2182 778 2252 fide
810 2186 876 2252 et
907 2181 1262 2261 charitate,
1308 2181 1375 2246 in
1419 2202 1554 2270 qua
1611 2186 1769 2246 sunt
1809 2177 1995 2245 unita
2051 2178 2196 2267 ejus

647 2291 980 2361 membra.
1035 2290 1119 2357 Et
1148 2291 1556 2381 proponitur
1604 2287 1838 2356 titulus
1877 2289 2190 2366 usitatus,

644 2410 711 2469 et
737 2401 900 2469 satis
940 2406 1240 2490 apertuS,
1279 2427 1312 2459 α
1341 2395 1680 2465 Alleluia.
1715 2423 1746 2461 ι

734 2613 1054 2684 psalmus
1091 2620 1321 2680 autem
1353 2610 1682 2680 dividitur
1712 2611 1777 2678 in
1828 2610 1995 2679 duas
2037 2635 2197 2702 par-

642 2732 765 2792 tes.
838 2723 1103 2803 Primo,
1171 2720 1452 2811 ponitur
1526 2719 1836 2788 invitatio
1912 2718 1999 2787 ad
2073 2719 2194 2786 Dei

645 2830 942 2898 laudem.
1000 2825 1346 2904 Secundo,
1418 2827 1591 2894 ratio
1649 2849 1856 2917 quare
1904 2826 2196 2894 laudan-

647 2936 771 3005 dus
800 2938 886 3005 sit
910 2935 1122 3012 neus,
1168 2933 1287 3013 ibi,
1321 2942 1387 3011 5.
1420 2936 1460 3001 2
1497 2955 1513 3001 :
1562 2958 1596 2998 ι
1654 2934 1996 3019 Quoniam
2028 2958 2198 3002 con-

640 3043 928 3134 firmata
958 3051 1079 3109 est.

732 3151 809 3222 ln
839 3151 1066 3244 prima
1113 3147 1279 3219 duo.
1331 3147 1597 3230 Primo,
1650 3149 1961 3218 invitatio
2010 3147 2197 3218 Gen-

642 3259 840 3327 tium.
871 3253 1664 3339 Secundo,.ludaeorum,
1684 3254 1802 3333 ibi,
1827 3284 1858 3317 «
1883 3255 2199 3322 Laudato

641 3390 819 3445 eum,
860 3386 1093 3433 omnes
1113 3361 1391 3455 populi.
1432 3388 1465 3429 ι

734 3676 851 3746 Ait
878 3675 1065 3743 enim
1119 3696 1136 3740 ε
1192 3673 1248 3741 Ο
1306 3696 1458 3752 vos,
1514 3702 1549 3737 er
1598 3698 1826 3741 omnes
1873 3686 2126 3763 ymnos,
2162 3702 2195 3737 n

650 3792 722 3851 ut
763 3781 951 3851 nulla
998 3803 1167 3871 gens
1208 3780 1497 3848 omnino
1548 3782 1944 3871 excipiatur,
1980 3805 2014 3845 ι
2052 3780 2202 3848 lau·

647 3888 805 3957 date
848 3888 1257 3967 Dominum,
1291 3914 1324 3949 n
1381 3886 1468 3956 ad
1533 3910 1739 3979 quem
1794 3888 2108 3967 finxistis,
2161 3911 2200 3956 a

645 4019 784 4088 quo
812 4004 1101 4088 reeeptae
1132 3996 1318 4063 estis.
1362 3995 1494 4063 lsa.
1548 4018 1620 4074 ιι,
1664 3999 1704 4062 2
1746 4017 1763 4065 t
1827 3996 2083 4064 Fluent
2109 3996 2206 4065 ad

645 4129 799 4175 eum
866 4128 1100 4174 omnes
1158 4106 1426 4173 Gentes.
1502 4104 1758 4172 Jerem.
1821 4127 1959 4186 xvi,
2027 4107 2107 4172 w
2178 4126 2194 4170 ε

643 4213 759 4283 Ad
781 4224 847 4281 te
879 4217 1124 4282 Gentes
1171 4212 1440 4279 vestient
1477 4210 1565 4279 ab
1607 4213 1931 4278 extremis
1975 4222 2195 4282 terr-v.

644 4317 728 4388 Et
785 4320 1081 4390 multum
1123 4316 1460 4387 honorate
1507 4341 1693 4388 eum.
1754 4317 1858 4386 Ad
1900 4318 2189 4387 Roman.

643 4447 759 4504 xv.
790 4429 834 4496 9
879 4449 897 4496 :
941 4428 1199 4497 Dico...
1257 4436 1488 4517 qmtes
1537 4448 1746 4518 super
1817 4427 2202 4495 misericor-

642 4535 762 4604 dia
789 4535 1131 4604 honorare
1175 4536 1427 4602 Deum.
1493 4531 1600 4601 Ab
1667 4533 1815 4624 ipso
1871 4535 2074 4602 etiam
2118 4534 2196 4603 il·

637 4641 993 4712 luminat-‘e
1051 4649 1120 4711 et
1173 4641 1546 4710 instructa.
1608 4639 1789 4708 l‘sal.
1858 4664 2060 4719 xcvn,
2096 4644 2188 4710 2:

640 4751 726 4822 In
776 4758 1140 4844 conspectu
1204 4749 1530 4818 Gentium
1594 4749 1922 4817 revetavit
1962 4748 2193 4841 justi-

641 4861 813 4928 tiam
863 4883 1094 4940 suam,
1170 4865 1239 4928 et
1293 4857 1376 4927 de
1433 4881 1507 4926 se
1570 4859 1904 4948 genitam,
1968 4861 2191 4951 ipsum

640 4965 920 5036 Filium.
948 4964 1009 5032 ΙΙ
1042 4963 1124 5033 ad
1155 4962 1465 5033 Corinth.
1512 4987 1559 5047 ι,
1593 4966 1679 5031 30
1720 4986 1737 5033 :
1788 4967 1926 5050 Qui
1961 4969 2193 5055 lacteas

639 5086 737 5144 est
800 5100 844 5145 α
914 5077 1059 5145 Deo
1133 5076 1346 5142 Patre
1409 5071 1605 5141 nobis
1659 5073 1979 5164 justitia,
2058 5082 2185 5143 etc.

639 5183 725 5253 Et
781 5204 1018 5252 omnes
1093 5179 1279 5262 dicit,
1348 5181 1509 5269 quia
1584 5178 1806 5246 nullas
1877 5179 2182 5249 exc-lusit.

708 5480 727 5518 ¹
757 5441 985 5554 simple
1016 5474 1295 5550 quatrain
1334 5472 1807 5549 octosyllabique
1854 5475 2191 5549 exprimant

636 5590 757 5634 une
785 5571 921 5629 idee
958 5565 1035 5625 de
1061 5562 1288 5640 grande
1328 5563 1720 5636 importaaee,
1768 5581 1872 5623 ear
1911 5566 1970 5622 S.
2019 5562 2187 5631 Paul,

635 5665 712 5725 ad
739 5665 991 5722 Roman.
1017 5672 1113 5727 xv,
1145 5655 1235 5722 tt.
1266 5651 1382 5709 cite
1421 5669 1491 5710 ce
1531 5670 1781 5727 psaume
1808 5672 2039 5714 comme
2065 5670 2185 5714 une

1648 308 1730 373 D.
1783 308 1981 374 ALB.
2035 306 2254 374 MAG.
2305 305 2515 374 ORD.
2565 306 2860 371 PRAED.

2302 478 2455 543 Act.
2503 500 2575 556 x,
2623 478 2706 544 35
2752 497 2767 544 ε
2846 478 2927 542 In
2982 479 3173 542 omni
3224 487 3424 565 qente
3488 479 3610 565 qui
3664 480 3857 543 timet

2304 604 2483 660 eum,
2538 582 2792 650 scilicet
2829 581 3074 658 Deum,
3136 592 3200 648 et
3259 594 3585 672 operatur
3627 583 3858 671 justi-

2304 690 2503 774 tiam,
2539 699 2847 781 aceeptus
2875 699 2971 756 est
3009 689 3147 755 illi.

2393 824 2426 859 «
2470 798 2785 865 Laudate
2837 821 3013 876 eum,
3059 821 3288 864 omnes
3340 798 3616 887 populi,
3658 824 3686 860 n
3726 798 3856 863 Ju-

2305 904 2637 972 daeorum.
2692 904 2987 996 Judith,‡÷;²
3015 929 3160 984 xm,
3228 906 3332 985 17,
3393 907 3638 973 invitat
3701 904 3855 972 illos

2305 1013 2582 1081 laudare
2637 1014 3013 1080 Dominum
3059 1017 3285 1081 Deum
3333 1022 3671 1092 nostrum,
3733 1014 3856 1104 qui

2304 1143 2442 1187 non
2500 1118 2795 1186 deseruit
2856 1130 3203 1211 sperantes
3275 1121 3348 1187 in
3399 1143 3492 1187 se.
3557 1120 3656 1187 De
3722 1119 3854 1189 hoc

2304 1227 2582 1296 Psalmo
2639 1230 2929 1318 sumpsit
2977 1228 3233 1295 Paulus
3294 1227 3478 1318 quod
3539 1228 3712 1295 dixit
3769 1227 3854 1295 ad

2305 1334 2599 1402 Roman.
2661 1359 2777 1417 xv,
2842 1338 2915 1402 11
2977 1357 2992 1404 ε
3063 1336 3380 1404 Laudate
3441 1337 3848 1413 Dominum,

2304 1465 2535 1509 omnes
2583 1451 2838 1532 qentes‚
2888 1453 2951 1509 et
2997 1443 3441 1532 maqnificate
3487 1466 3668 1524 eum,
3702 1465 3853 1509 om-

2302 1571 2419 1615 nes
2441 1549 2715 1640 populi.

2398 1891 2430 1925 «
2470 1865 2811 1949 Quoniam
2857 1866 3265 1953 confirmata
3313 1875 3432 1932 est.
3488 1892 3522 1928 ι
3568 1864 3699 1933 IIic
3735 1889 3848 1934 se·-
4013 1894 4073 1961 ξ

2303 1971 2527 2039 cunda
2580 1995 2760 2063 pars,
2830 1974 2898 2039 in
2971 1997 3106 2064 qua
3171 1972 3609 2065 subjungitur
3673 1976 3845 2043 ratio
3877 1997 4202 2111 μεᾶουριηιῖιιῃι

2304 2101 2514 2169 quare
2543 2079 2632 2146 sit
2666 2078 3040 2148 laudandus
3085 2104 3100 2148 ε
3144 2088 3210 2148 et
3237 2081 3540 2171 tangitur
3567 2081 3842 2173 duplex.

2304 2184 2565 2265 Primo,
2627 2187 3051 2256 confirmatio
3093 2189 3398 2278 ipsorum
3457 2190 3527 2257 in
3577 2191 3850 2259 miseri-

2302 2292 2534 2361 cordia
2563 2292 2889 2362 liberante
2929 2317 2970 2362 a
3008 2295 3192 2362 malo
3226 2319 3472 2386 poenae,
3508 2305 3574 2365 et
3605 2297 3846 2389 culpae.

2304 2399 2646 2479 Secundo,
2681 2403 3105 2471 confirmatio
3138 2403 3208 2469 in
3246 2406 3530 2472 veritate
3568 2406 3853 2474 interius

2299 2508 2730 2578 illuminante
2796 2510 2882 2578 ad
2935 2511 3407 2602 cognitionem
3465 2512 3657 2594 boni,
3727 2513 3850 2597 ibi,

2303 2644 2338 2681 α
2376 2618 2469 2684 Et
2498 2619 2772 2687 veritas.
2808 2643 2875 2684 »-

2392 2722 2574 2791 Dicit
2623 2747 2786 2815 ergo
2840 2748 2856 2791 ε
2915 2723 3028 2792 Sic
3075 2724 3347 2793 laudate
3399 2725 3726 2805 Gentiles,
3787 2735 3855 2795 et

2297 2826 2516 2895 Judaei
2555 2850 2571 2897 ε
2605 2839 2671 2895 et
2709 2826 2993 2906 debetis,
3045 2855 3078 2894 α
3121 2831 3454 2920 quoniam
3490 2854 3696 2921 super
3731 2856 3855 2898 nos

2298 2937 2711 3025 confirmata
2761 2947 2886 3017 est,
2953 2966 2985 2998 »
3043 2944 3120 3004 ut
3180 2947 3568 3027 perseveret
3625 2961 3856 3029 perpe·

2300 3050 2447 3121 tuo,
2508 3069 2543 3106 «
2595 3042 3061 3110 misericordia
3108 3041 3287 3132 ejus.
3348 3069 3380 3104 υ
3433 3041 3697 3111 Daniel.
3752 3065 3850 3119 ιιι,

2302 3149 2388 3218 90
2432 3172 2448 3217 :
2482 3149 2568 3217 In
2606 3150 2839 3217 omnia
2865 3148 3116 3219 saecula
3157 3150 3630 3218 misericordia
3668 3149 3847 3241 ejus.

2298 3256 2549 3326 Thren.
2594 3279 2691 3336 m,
2735 3259 2819 3325 22
2882 3281 2898 3326 ε
2938 3260 3091 3326 Non
3132 3257 3523 3347 defecerunt
3569 3260 3854 3326 misera-

2303 3364 2518 3432 tiones
2581 3362 2761 3454 ejuS.
2839 3362 3136 3432 Firmata
3194 3364 3317 3431 ruit
3384 3364 3857 3434 misericordia

2302 3471 2451 3560 ejus
2481 3492 2687 3561 super
2727 3492 2853 3538 nos
2885 3470 2952 3538 in
3000 3470 3497 3556 incarnatione,
3529 3470 3649 3539 sed
3686 3493 3858 3540 con-

2303 3575 2574 3646 tirmata
2622 3578 2691 3645 in
2729 3599 2853 3645 sua
2899 3577 3240 3669 passione.
3299 3576 3481 3646 l‘sal.
3542 3601 3654 3662 cn,
3701 3579 3772 3645 1¹
3835 3599 3853 3647 ε

2307 3682 2793 3753 Corroboravit
2830 3685 3367 3753 misericordiam
3406 3707 3607 3752 suam
3653 3707 3860 3776 super

2304 3790 2614 3856 timentes
2655 3813 2749 3857 se.
2774 3788 2965 3857 llanc
3014 3790 3607 3858 confirmationem
3665 3798 3860 3881 pete-

2304 3897 2447 3980 bat,
2515 3898 2699 3970 l‘sal.
2765 3921 2829 3977 1..
2903 3899 2982 3967 14
3053 3920 3071 3968 ε
3138 3900 3414 3991 Spiritu
3473 3900 3859 3992 principali

2302 4007 2637 4095 confirma
2684 4031 2812 4076 me.
2857 4007 2963 4087 Et,
3015 4006 3204 4087 alibi,
3240 4007 3422 4077 Psal.
3467 4033 3673 4090 txvn,
3714 4012 3798 4077 29
3836 4034 3851 4079 ε

2307 4117 2659 4205 confirma
2713 4116 2862 4195 hoc,
2923 4118 3136 4201 Deus,
3191 4117 3383 4207 quod
3415 4130 3737 4209 operatus
3786 4143 3856 4187 es

2306 4225 2374 4289 in
2430 4222 2648 4291 nobis.
2709 4222 2833 4291 Vel
2891 4223 3160 4292 firmata
3221 4225 3290 4291 in
3349 4248 3473 4292 sua
3525 4225 3859 4294 Resurre-

2300 4328 2555 4409 ctione,
2586 4327 3120 4398 sedcontirmata
3179 4330 3248 4398 in
3286 4332 3395 4398 sui
3426 4330 3853 4402 exhibitione

2304 4434 2374 4503 in
2431 4433 2649 4504 altari.
2722 4433 2869 4505 lloc
2924 4445 3026 4506 est
3078 4436 3264 4505 enim
3320 4447 3851 4518 sacramentum,

2302 4566 2440 4633 quo
2496 4542 2983 4611 confirmamur
3027 4552 3095 4611 et
3156 4543 3562 4614 roboramur
3607 4570 3646 4615 a
3704 4546 3854 4614 Deo

2300 4649 2848 4719 misericorditer.
2882 4648 2943 4717 11
2978 4650 3063 4718 ad
3102 4649 3414 4719 Corinth.
3448 4674 3496 4733 ι,
3530 4654 3607 4720 21
3650 4675 3666 4720 :
3715 4654 3856 4738 Qui

2300 4759 2667 4847 confirmat
2700 4781 2824 4827 nos
2847 4757 3191 4827 vobiscum
3221 4760 3292 4827 in
3325 4760 3620 4828 Christo.

2394 4892 2429 4926 κ
2481 4867 2579 4934 Et
2630 4868 2881 4935 veritas
2935 4868 3223 4934 Domini
3263 4876 3495 4935 manet
3534 4868 3604 4934 in
3659 4877 3854 4935 «τίεν-

2295 4996 2492 5054 num,
2538 5002 2575 5040 n
2616 4997 2754 5043 non
2792 4973 2875 5042 ad
2907 4981 3200 5063 tempus.
3267 4973 3413 5042 lloc
3451 4982 3551 5042 est
3607 4998 3846 5043 verum

2293 5084 2381 5153 de
2417 5084 2704 5152 veritate
2760 5083 3080 5159 increata,
3151 5104 3302 5173 quat
3360 5080 3671 5149 Christus
3719 5091 3846 5152 est.

2292 5193 2496 5261 Joan.
2562 5213 2702 5270 xiv.
2736 5191 2827 5258 6:
2876 5190 3030 5281 qu
3058 5211 3213 5258 sum
3254 5190 3394 5274 via,
3444 5198 3510 5256 et
3564 5191 3843 5269 veritas,

2293 5474 2613 5549 prophetie
2641 5473 2716 5531 de
2737 5471 2797 5530 la
2823 5471 3175 5531 conversion
3204 5470 3311 5529 des
3342 5472 3596 5531 Gentils.

3328 5656 3396 5713 fl.
3439 5657 3701 5717 meru.
