5008 6329
689 254 818 320 524
1692 244 1774 310 D.
1828 243 2025 310 ALB.
2080 239 2296 311 MAG.
2349 236 2558 307 ORD.
2610 234 2904 303 PRAED.

707 459 814 527 ¹9·
869 432 1017 524 Qui
1063 424 1449 498 annuntiat
1495 420 1798 490 verbum
1855 439 2068 488 suum
2104 417 2226 486 Ja-
2344 438 2458 486 πο.
2518 416 2685 484 Νοιι
2726 413 2892 484 fecit
2932 412 3176 483 taliter
3213 409 3417 483 omni
3470 409 3783 490 nationi,
3825 427 3896 480 et

960 537 1121 615 cob,
1213 531 1527 624 justitias
1612 548 1681 601 et
1754 528 2012 620 judicia
2099 549 2226 596 sua
2606 520 2867 611 judicia
2947 543 3076 590 sua
3164 543 3309 590 non
3400 516 3896 590 manifestavit

971 642 1218 716 Israel.
2610 629 2738 700 eis.

2357 965 2542 1058 quod
2568 963 2791 1056 primo
2815 963 3054 1031 invitat
3093 961 3178 1029 ad
3216 961 3489 1030 laudem
3519 958 3899 1028 Ecclesiam

2354 1070 2915 1163 triumphantem.
3014 1067 3383 1151 Secundo,
3459 1067 3896 1145 militantem,

2355 1178 2474 1260 ibi,
2504 1205 2538 1246 ι
2569 1178 2817 1249 Lauda
2850 1181 3095 1248 Deum.
3126 1203 3155 1240 υ

1013 1075 1108 1146 IN
1152 1070 1594 1144 PSALMUM
1634 1068 1937 1141 CXLVII

1205 1307 1733 1356 cousOEN‘rAmtJS.

2439 1503 2617 1571 Dicit
2656 1523 2817 1592 ergo
2862 1525 2878 1567 ι
2916 1498 3031 1568 Sic
3058 1497 3297 1566 monui
3342 1518 3582 1584 omnes
3611 1515 3900 1585 genera·
4029 1503 4155 1570 1²

2351 1611 2507 1681 liter
2572 1609 2846 1677 laudare
2899 1606 3297 1687 Dominum,
3348 1604 3466 1674 sed
3520 1624 3705 1672 nunc
3749 1601 3902 1671 dico
3933 1611 4257 1714 Ρήρωῶαιζζη

2355 1722 2474 1791 tibi
2515 1717 2917 1810 specialiter,
2961 1740 3002 1785 o
3078 1745 3108 1778 α
3137 1714 3558 1794 Jerusalem,
3594 1737 3627 1777 a
3662 1733 3910 1801 super-

823 1632 856 1673 «
887 1607 1234 1678 Allelluia
1259 1608 1505 1700 Aqqoea·
1532 1616 1596 1674 et
1648 1606 2000 1677 Zaclzariae
2027 1605 2071 1675 ¹.
2117 1629 2149 1670 »

2357 1855 2444 1900 na
2483 1828 2737 1899 scilicet
2770 1828 3034 1908 civitas,
3090 1847 3244 1917 quoe
3286 1825 3409 1894 etsi
3458 1823 3644 1908 fuisti
3684 1821 3797 1891 hic
3838 1822 3911 1889 in

797 1955 830 1996 ί
871 1929 1144 2007 Lauda,
1174 1926 1589 2007 Jerusalem»
1624 1927 2017 1996 Dominum·
2051 1952 2084 1988 ὓ
2125 1924 2252 1993 flio
2360 1936 2888 2032 perturbatione,
2916 1944 2981 2002 et
3005 1933 3370 2002 afflictione
3393 1930 3603 2000 modo
3647 1931 3718 1998 in
3749 1950 3916 2021 pace

708 2049 808 2111 est
869 2038 1183 2108 Psalmus
1230 2040 1642 2108 centesimus
1698 2038 2254 2130 quadragesimus
2365 2056 2427 2116 οι
2483 2046 2817 2113 suavitate
2883 2063 3175 2116 summa,
3267 2068 3299 2102 a
3377 2037 3598 2107 lauda
3665 2037 3914 2106 Domi..

711 2149 1064 2239 septimus.
1127 2146 1456 2239 Postqam
1527 2147 1707 2215 enim
1784 2146 2095 2213 invitavit
2173 2144 2258 2212 ad
2366 2178 2558 2224 num,
2597 2179 2629 2219 1.
2662 2152 2831 2222 Tol),
2890 2174 3035 2227 xm,
3084 2151 3156 2217 11
3202 2158 3269 2218 et
3312 2150 3391 2217 12
3432 2171 3448 2216 :
3493 2145 3911 2223 Jerusalem,

406 2270 648 2371 {3133
713 2255 985 2324 laudem
1018 2254 1140 2323 Dei
1171 2276 1412 2323 omnes
1455 2252 1879 2347 generaliter,
1928 2251 2037 2320 hic
2086 2252 2258 2319 invi-
2365 2265 2604 2333 civitas
2650 2262 2805 2344 Dei,
2878 2258 3241 2348 castiqavit
3305 2267 3370 2325 te
3443 2256 3786 2325 Dominus
3845 2254 3916 2321 in

387 2379 660 2476 ’νοϋῑῠῑίῑθὲ
714 2373 811 2433 lai.
859 2363 1036 2432 fiilos
1112 2362 1431 2432 EcclOSloe
1500 2362 1899 2453 specialiter.
1970 2360 2052 2428 El
2119 2360 2259 2451 prl-
2367 2370 2679 2464 operibus
2715 2388 3047 2437 manuum
3079 2373 3378 2433 tuarum„
3413 2363 3919 2451 ConfitereDo..

371 2434 685 2534 ’ἓέἕῶῃῦθῦ
717 2496 857 2556 ¹1¹0·
935 2471 1245 2540 invifflfio
1307 2473 1557 2538 ‘eorum
1623 2470 1709 2538 ad
1772 2469 2038 2538 laudem
2102 2468 2253 2538 Dei·
2369 2479 2657 2552 minum,
2690 2470 3481 2554 confessionelaudis,in
3515 2469 3708 2538 bonis
3733 2467 3914 2557 ejus,

720 2580 1064 2662 Secund0,
1116 2577 1539 2648 enumeratio
1594 2578 2077 2648 beneficiorum
2140 2575 2262 2646 Ec-

719 2690 937 2759 clesiae
976 2687 1407 2765 collatorum,
1461 2696 1738 2778 propter
1773 2709 1923 2778 quae
1973 2695 2072 2755 est
2111 2685 2264 2753 lau-

722 2798 985 2866 dandus
1004 2795 1344 2864 Dominus
1381 2817 1396 2863 2
1431 2804 1501 2864 et
1549 2794 1665 2864 illa
1700 2794 2022 2864 heneticia
2052 2794 2263 2885 potis·

723 2905 891 2973 sime
932 2905 1175 2995 tangit,
1226 2924 1376 2994 quae
1407 2904 1748 2993 pertinent
1784 2900 1870 2970 ad
1908 2900 2268 2971 reaedilica-

726 3014 979 3082 tionem
1065 3010 1416 3090 Ecclesiae,
1486 3009 1660 3080 sicut
1731 3031 1811 3078 ea
1875 3030 2029 3100 quae
2097 3014 2274 3076 tacta

728 3131 887 3195 sunt
939 3125 1010 3193 in
1075 3121 1486 3218 praecedenti
1560 3122 1644 3190 ad
1725 3119 2269 3190 aedificationem.

732 3232 1190 3301 Reaedilicatio
1257 3239 1491 3300 autem
1541 3230 1828 3323 figurata
1864 3229 1988 3297 ruit
2033 3228 2103 3295 in
2161 3225 2273 3293 illa

733 3339 1249 3409 reaedificatione
1313 3338 1577 3430 templi,
1673 3360 1823 3430 quie
1906 3336 2031 3404 luit
2104 3334 2274 3402 iacta

733 3455 1036 3538 tempore
1081 3446 1325 3537 Aggaei
1381 3455 1448 3515 et
1495 3443 1829 3513 Zachariae
1896 3439 2276 3533 Propheta-

734 3578 910 3634 rum,
945 3564 1011 3624 ct
1040 3555 1126 3624 ad
1172 3552 1360 3623 illam
1401 3552 1994 3624 reaedilicationem
2025 3548 2278 3619 exhor-

733 3665 1049 3732 tantium.
1084 3660 1169 3730 Et
1205 3658 1340 3730 hoc
1368 3658 1684 3753 estquod
1722 3657 2030 3726 innuitur
2079 3657 2148 3724 in
2186 3656 2278 3724 ti-

731 3770 876 3841 tulo
920 3773 1037 3863 qui
1076 3769 1231 3838 talis
1287 3776 1389 3838 est
1424 3790 1440 3836 ε
1480 3792 1514 3835 α
1563 3765 1878 3837 Alleluia
1912 3766 2155 3855 Aqqaei
2215 3774 2279 3832 et

730 3880 1108 3959 Zachariae,
1131 3906 1164 3940 ιι
1203 3876 1338 3947 hoc
1371 3884 1499 3962 est,
1531 3875 1666 3956 hic,
1718 3873 1788 3943 id
1817 3882 1939 3957 est,
1974 3874 2043 3941 in
2083 3871 2279 3941 Psal-

729 4012 843 4058 mo
900 3986 1232 4077 subjecto,
1311 3993 1414 4054 est
1481 3983 1630 4054 laus
1676 3982 1830 4067 Dei,
1880 3981 2099 4074 qualis
2153 3981 2279 4049 luit

731 4095 965 4188 Aggaei
1027 4103 1132 4185 et„
1158 4090 1506 4161 Zachariae
1582 4089 2108 4181 Prophetarum,
2158 4090 2274 4182 qui

733 4206 950 4274 Deum
988 4202 1440 4271 laudaverunt
1470 4221 1593 4289 pro
1650 4197 1883 4289 templi
1922 4196 2278 4267 reaeditica·

731 4314 939 4392 tione,
998 4309 1109 4381 vel
1168 4309 1629 4401 reparatione,
1677 4304 1852 4375 hanc
1911 4303 2277 4374 reaedilica-

732 4422 989 4490 tionem
1029 4419 1390 4511 figurante,
1441 4415 1525 4485 de
1548 4437 1683 4507 qua
1709 4412 1822 4483 hic
1851 4414 2099 4507 agitur.

821 4628 1164 4699 Dividitur
1189 4634 1420 4697 autem
1452 4625 1768 4696 Psalmus
1819 4624 1889 4693 in
1927 4624 2096 4692 duas
2124 4645 2284 4715 par-

736 4749 861 4808 tes.
922 4738 1159 4806 Primo
1198 4736 1385 4807 enim
1425 4735 1668 4805 invitat
1713 4734 1798 4803 ad
1833 4733 2103 4803 laudem
2141 4754 2281 4799 non

738 4868 977 4918 omnes
1005 4846 1152 4937 jam
1183 4843 1617 4938 generaliter,
1659 4841 1780 4912 sed
1833 4849 2093 4910 tantum
2134 4838 2286 4907 illos

738 4958 1043 5051 quisunt
1079 4953 1163 5023 de
1199 4952 1528 5023 Ecclesia.
1593 4950 1934 5030 Secundo,
1986 4950 2286 5040 assignat

739 5087 862 5158 pro
899 5085 1108 5133 causa
1153 5060 1402 5144 laudis,
1456 5057 1858 5151 multiplicia
1883 5055 2211 5126 beneficia
2238 5078 2275 5123 a

2368 2596 2433 2657 et
2490 2584 2762 2653 benedic
2794 2585 3015 2651 Deum
3054 2579 3485 2647 saeculorum.
3529 2575 3618 2644 Et
3681 2575 3777 2644 ita
3815 2573 3917 2654 fit,

2373 2706 2437 2767 et
2512 2692 2902 2786 implebitur
2952 2690 3115 2759 illud
3177 2689 3349 2759 Tob.
3393 2711 3541 2767 xm,
3605 2688 3692 2755 22
3739 2688 3929 2757 :Per

2375 2806 2551 2872 vicos
2588 2801 2763 2892 ejus,
2833 2819 3142 2889 supernae
3196 2796 3452 2868 scilicet
3503 2791 3923 2873 Jerusalem,

2372 2907 2690 2982 Alleluia
2729 2906 3143 2978 cantabitur.

2474 3043 2508 3084 ι
2558 3015 2805 3085 Lauda
2872 3017 3090 3084 Deum
3148 3021 3373 3091 tuum,
3414 3011 3615 3081 Sion.
3663 3038 3696 3072 ι
3762 3008 3938 3078 Ecce

2383 3121 2788 3193 secundum.
2825 3118 2940 3188 Sic
2959 3117 3185 3199 lauda,
3219 3140 3261 3187 o
3302 3115 3716 3199 Jerusalem,
3775 3122 3845 3185 et
3895 3136 3937 3184 o

2379 3239 2478 3310 tu,
2535 3256 2567 3295 α
2612 3230 2817 3309 Sion,
2870 3254 2902 3294 ιι
2962 3225 3262 3295 Ecclesia
3307 3224 3566 3295 scilicet
3635 3220 3937 3291 militans

2383 3339 2606 3408 adhuc
2637 3341 2706 3408 in
2745 3338 2965 3416 terris,
3003 3362 3036 3403 ι
3074 3337 3289 3405 lauda
3340 3339 3571 3406 Deum
3636 3343 3863 3401 tuum.
3900 3357 3934 3394 s

2387 3445 2699 3538 Sophon.
2746 3469 2844 3526 ιιι,
2890 3445 2972 3513 14
3020 3467 3036 3511 ε
3078 3444 3352 3523 Lauda,
3384 3443 3550 3533 filia
3573 3441 3777 3519 Sion,
3806 3438 3945 3529 ju-

2387 3555 2557 3634 bila,
2607 3553 2848 3623 Israel.
2900 3551 3174 3621 Zachar.
3240 3575 3312 3631 ιι,
3352 3553 3432 3621 10
3481 3572 3499 3619 2
3555 3545 3835 3626 Lauda,
3880 3556 3945 3615 et

2388 3664 2646 3744 laetare,
2674 3661 2838 3752 filia
2865 3662 3055 3731 Sion.
3111 3660 3241 3729 Per
3282 3658 3670 3730 Jerusalem
3712 3665 3944 3726 autem

2388 3776 2559 3844 bene
2589 3776 2898 3867 superior
2926 3771 3227 3842 Ecclesia
3278 3771 3700 3864 designatur.
3742 3767 3950 3837 Jeru-

2385 3881 2597 3951 salem
2629 3881 2812 3950 enim
2839 3882 3011 3950 visio
3046 3882 3245 3973 pacis
3293 3881 3814 3972 interpretatur,
3876 3882 3943 3948 et

2387 3987 2481 4058 ibi
2528 3996 2757 4080 aperte
2822 3987 3093 4057 videtur
3129 3986 3267 4070 ille,
3330 3986 3414 4056 de
3481 4007 3620 4079 quo
3668 3985 3944 4065 dicitur,

2387 4096 2472 4164 ad
2494 4095 2742 4187 Ephcs.
2778 4118 2852 4179 ιι,
2884 4095 3007 4163 Ηε
3043 4095 3194 4187 lpse
3212 4105 3309 4163 ese
3339 4117 3490 4187 pax
3521 4101 3790 4173 nostra,
3819 4091 3946 4184 qui

2385 4204 2552 4293 fecit
2591 4214 2880 4296 utraque
2910 4224 3145 4271 unum.
3183 4200 3353 4272 Sion
3383 4209 3616 4271 autem
3657 4200 3948 4293 specula

2385 4309 2495 4378 vel
2546 4307 2926 4403 speculatio
2992 4304 3496 4400 interpretatur,
3572 4315 3642 4377 et
3718 4307 3953 4400 signat

2389 4418 2599 4495 illam,
2666 4439 2820 4510 quae
2866 4424 3218 4508 tamquam
3274 4414 3357 4485 de
3402 4414 3817 4507 longinquo,
3879 4421 3954 4484 et

2388 4550 2510 4620 per
2563 4533 2905 4595 creaturas
2976 4531 3328 4615 tamquam
3387 4545 3512 4615 per
3586 4522 3947 4616 speculum

2391 4636 2614 4703 Deum
2693 4630 3218 4723 contemplatur,
3306 4630 3688 4702 secundum
3775 4627 3950 4699 illud

2393 4739 2614 4824 Pauli,
2660 4738 2801 4808 lad
2830 4735 3140 4807 Corinth.
3209 4761 3356 4823 xm,
3410 4739 3492 4805 12
3551 4758 3571 4806 τ
3628 4735 3951 4806 Videmus

2393 4850 2572 4917 enim
2602 4870 2784 4916 nunc
2839 4869 2966 4938 per
2996 4843 3351 4937 speculum
3408 4845 3481 4911 in
3545 4844 3948 4936 aeniqmate,

2395 4968 2558 5027 tunic
2593 4966 2821 5025 autem
2865 4955 3051 5045 socie
3088 4952 3487 5043 adfaciem.

739 5172 885 5243 Deo
923 5194 1065 5242 suae
1110 5166 1434 5240 Ecclesiae
1489 5165 1814 5252 exhibita,
1865 5165 1983 5250 ibi,
2023 5172 2086 5241 5.
2136 5164 2216 5232 13
2260 5186 2276 5232 ε

747 5307 782 5346 α
819 5279 1163 5366 Quoniam
1191 5274 1638 5368 confortavit.
1681 5297 1716 5339 »
2491 5286 2524 5325 α
2574 5258 2917 5344 Quoniam
2968 5257 3405 5348 confortavit.
3460 5279 3495 5317 n
3543 5252 3675 5322 Hic
3710 5273 3954 5322 secun·
4080 5266 4206 5336 ις

833 5387 912 5457 ln
939 5386 1164 5480 prima
1199 5385 1363 5457 duo.
1406 5382 1783 5452 Possumus
1831 5381 2011 5450 enim
2041 5379 2288 5459 dicere,
2401 5365 2591 5446 dum,
2624 5366 2695 5434 in
2726 5387 2864 5457 quo
2894 5363 3193 5456 assignat
3219 5359 3552 5433 beneficia
3589 5359 3806 5429 multa
3828 5380 3954 5450 pro
3988 5367 4281 5484 ”m

821 5620 840 5656 ¹
871 5614 1123 5691 Vulgata
1139 5611 1320 5672 habet
1348 5617 1585 5670 tantum
1621 5628 1644 5660 ι
1675 5608 1948 5667 Alleluia.
1981 5628 2011 5658 υ
