5008 6329
306 688 420 731 pars
434 690 459 720 s

466 677 572 719 atrm

643 306 771 375 376

1611 309 1698 378 D.
1746 308 1947 374 ALB.
2001 306 2220 376 MAG.
2274 306 2482 376 ORD.
2535 309 2832 381 PRAED.

742 504 774 542 α
817 480 1110 547 Labores
1147 502 1508 546 manuum.
1554 502 1586 544 s
1630 478 1758 545 Hic
1813 486 2190 569 tanguntur
2295 479 2617 546 manibus
2648 482 2905 559 vestriS,
2938 481 3115 547 sicut
3145 480 3599 570 praecepimus
3625 475 3836 544 vobis.

322 619 570 684 *Secunda
649 608 864 655 causae
910 590 978 655 in
1039 587 1337 678 speciali.
1408 587 1667 668 Primo,
1720 598 2050 680 quantum
2104 590 2186 657 ad
2295 586 2378 653 Et
2430 588 2574 678 ipse
2606 588 2869 656 dicebat
2931 588 3011 655 de
3051 588 3300 677 seipso,
3346 588 3499 653 Aet.
3547 609 3664 668 xx,
3701 585 3837 651 34:

648 696 909 762 merita.
957 694 1300 781 Secunde,
1348 705 1678 787 quantum
1731 698 1816 765 ad
1871 701 2182 789 praemia,

644 799 762 882 ibi,
804 809 866 876 ,ἢκ
904 804 942 869 5
987 826 1001 869 ε
1052 826 1085 868 α
1134 805 1503 873 Benedicat
1534 805 1681 873 tibi.
1718 832 1754 869 >2

734 907 810 975 In
857 912 1073 999 prima
1113 911 1272 980 duo.
1325 913 1586 995 Prim0,
1644 914 1863 1001 tangit
1910 911 2182 978 illorum

646 1017 908 1083 merita.
972 1017 1310 1097 Secundo,
1362 1020 1656 1088 ostendit
1713 1041 1858 1086 esse
1906 1040 2182 1086 causam

642 1123 1075 1196 beatitudinis
1140 1129 1355 1208 illam,
1415 1129 1487 1195 in
1560 1150 1676 1217 spe
1742 1135 1995 1211 tamen,
2058 1124 2179 1206 ibi,

638 1238 701 1308 s.
746 1236 785 1302 5
820 1256 836 1301 t
876 1262 908 1297 «
950 1237 1119 1302 Ecce
1166 1237 1265 1302 sic
1296 1234 1741 1301 benedicetur.
1783 1260 1815 1300 1>

726 1343 803 1410 In
841 1347 1059 1433 prima
1091 1345 1408 1413 dicuntur
1453 1346 1603 1414 tria.
1650 1345 1913 1429 Prima,
1964 1345 2183 1436 tangit

638 1452 957 1516 meritum
1014 1473 1252 1519 eorum
1292 1475 1376 1521 ex
1431 1460 1620 1543 parte
1679 1454 1995 1520 rationis.
2051 1450 2183 1519 Se-

637 1556 883 1634 cundo,
934 1579 1018 1625 ex
1060 1567 1253 1649 parte
1315 1559 1770 1628 sensualitatis
1839 1582 1991 1650 quae
2056 1559 2175 1627 de«

637 1660 751 1730 bet
813 1665 1047 1754 subjici
1097 1669 1371 1748 rationi,
1428 1668 1543 1745 ibi,
1607 1675 1671 1744 5.
1720 1668 1759 1734 3
1814 1690 1829 1733 :
1889 1691 1922 1732 α
1990 1668 2183 1735 Uxor

638 1778 782 1836 tua.
839 1798 873 1834 n
912 1772 1163 1854 Tertio,
1212 1797 1295 1842 ex
1336 1782 1524 1864 parte
1571 1775 2017 1864 operationis,
2057 1772 2175 1853 ibi,

645 1905 677 1939 «
716 1878 890 1945 Filii
918 1881 1042 1947 tui.
1085 1910 1116 1945 ι·

726 1985 802 2052 In
852 1988 1067 2077 prima
1124 1988 1284 2056 duo.
1357 1988 1774 2058 Beatificatio
1834 1988 2179 2058 delectans

637 2096 1005 2165 seeundum
1038 2100 1371 2168 rationem
1415 2102 1483 2167 in
1513 2098 1695 2168 bono
1727 2121 1956 2190 opere.
1994 2100 2174 2168 Bea-

638 2202 938 2286 titicatio,
982 2206 1287 2296 inquam,
1320 2207 1489 2298 spei,
1536 2216 1601 2276 et
1628 2209 1780 2275 viae.
1830 2206 2172 2290 Secundo,

638 2313 734 2381 rei
772 2314 840 2380 in
895 2312 1146 2393 future,
1198 2323 1265 2382 et
1317 2316 1575 2406 patriae,
1635 2315 1755 2396 ibi,
1810 2343 1844 2377 α
1887 2317 1981 2382 Et
2013 2314 2177 2381 bene

639 2420 767 2486 libi
810 2422 959 2487 erit.
994 2447 1026 2482 1>

725 2528 903 2596 Dicit
932 2552 1092 2620 ergo
1154 2551 1169 2596 ε
1204 2529 1318 2598 Sic
1354 2529 1536 2599 beati
1565 2539 1723 2599 sunt
1753 2531 1868 2621 qui
1902 2531 2169 2614 timent,

640 2638 797 2728 quia
861 2639 957 2706 sio
1020 2637 1398 2721 ambulant,
1460 2648 1524 2708 et
1563 2664 1603 2707 o
1658 2648 1734 2707 tu
1802 2640 1916 2729 qui
1972 2642 2175 2708 times

636 2745 881 2826 Deum,
934 2773 969 2810 α
1010 2746 1178 2836 quia
1200 2745 1672 2825 manducabis,
1709 2747 2057 2814 »interius
2107 2754 2174 2814 te

634 2853 997 2943 pascendo,
1065 2854 1441 2922 seeundum
1516 2856 1902 2945 passionem
1986 2854 2176 2923 dele-

634 2961 903 3036 ctando,
958 2988 993 3024 α
1054 2959 1324 3029 labores
1369 2983 1703 3030 manuum
1761 2971 2068 3043 tuarum,
2133 2988 2166 3024 »ι

630 3068 740 3137 vel
793 3094 827 3135 «t
873 3068 1214 3138 fructuum
1247 3095 1282 3135 s
1333 3071 1702 3140 secundum
1753 3070 1956 3139 aliam
1994 3070 2170 3140 litte·

631 3200 804 3260 ram,
873 3206 909 3243 α
971 3177 1204 3247 beatus
1261 3202 1353 3257 es,
1427 3204 1461 3245 »
1512 3180 1657 3269 jam
1723 3179 1793 3248 in
1851 3180 2167 3270 praesenti

631 3308 749 3376 per
784 3309 972 3377 spem
1011 3308 1026 3355 ε
1059 3287 1291 3355 anima
1340 3288 1523 3355 enim
1564 3310 1719 3378 quae
1748 3286 1946 3355 bonis
1995 3311 2169 3380 ope-

629 3395 813 3462 ribus
847 3393 1238 3477 delectatur,
1273 3402 1338 3463 et
1378 3395 1447 3462 in
1495 3391 1629 3462 illis
1677 3394 1993 3478 reficitur,
2020 3397 2166 3485 jam

627 3510 805 3569 certa
842 3525 959 3594 spe
1005 3509 1193 3570 tenet
1234 3509 1511 3570 aeterna.
1559 3501 1846 3594 Propter
1892 3501 2023 3570 hoc
2070 3501 2169 3570 di·

625 3610 816 3678 cebat
863 3607 1243 3694 Paulus,11
1284 3608 1367 3676 ad
1416 3609 1470 3676 Τ
1475 3609 1717 3678 imoth.
1768 3632 1840 3692 ιι,
1884 3613 1924 3676 6
1969 3633 1985 3679 :
2035 3614 2168 3679 La·

629 3717 973 3786 borantem
1004 3716 1385 3808 aqricolam
1423 3728 1686 3810 oportet
1724 3718 2034 3810 primum
2083 3717 2167 3785 ‹Ie

623 3824 969 3916 fructibus
1027 3825 1397 3916 percipere.
1462 3823 1523 3891 11
1590 3824 1674 3893 ad
1726 3824 2027 3896 Timoth.
2086 3848 2156 3905 ιι,

630 3935 669 4002 3
727 3958 744 4003 :
804 3933 1075 4003 Laboro
1138 3933 1318 4001 sicut
1365 3932 1580 4002 bonus
1641 3933 1839 4001 miles
1906 3935 2167 4022 Christi

619 4045 806 4112 lesu.
844 4041 924 4109 Et
952 4042 1316 4121 Dominus,
1346 4041 1545 4110 Joan.
1593 4064 1688 4124 vt,
1722 4043 1807 4110 27
1842 4064 1857 4109 ε
1897 4043 2165 4135 Opera-

623 4150 798 4218 mini
833 4172 969 4218 non
1011 4147 1238 4216 cibum
1287 4148 1412 4238 qui
1437 4148 1643 4240 perit,
1688 4147 1811 4215 sed
1846 4148 1971 4240 qui
2000 4172 2166 4240 per-

623 4269 850 4327 manet
906 4259 975 4326 in
1023 4259 1238 4326 vitam
1289 4265 1636 4337 aeternam,
1686 4264 1762 4325 ut
1799 4256 1954 4325 inde
2003 4257 2166 4326 refi-

623 4368 921 4447 ciamini,
971 4368 1156 4458 quia,
1216 4364 1346 4434 Isa.
1392 4388 1489 4451 ιιι,
1550 4367 1655 4450 10,
1712 4365 1996 4435 dicitur:
2036 4368 2166 4436 Di-

623 4480 751 4546 cite
777 4475 978 4566 justo
1033 4474 1368 4568 quoniam
1407 4472 1590 4557 bene,
1621 4474 1952 4566 quoniam
1996 4475 2165 4565 sru-

622 4596 803 4655 ctum
862 4582 1425 4652 adinventionum
1484 4603 1769 4650 suarum
1834 4581 2157 4651 comedet.

624 4693 910 4786 Propter
963 4689 1093 4759 hoc
1155 4687 1426 4768 dicitur,
1487 4686 1790 4780 Sapient.
1837 4712 1935 4770 ιιι,
2002 4691 2083 4758 15
2139 4711 2156 4758 t

625 4805 973 4873 Bonorum
1039 4797 1361 4867 laborum
1422 4796 1766 4887 qloriosus
1830 4808 1952 4877 est,
2021 4820 2162 4866 non

623 4920 886 4982 tantum
918 4909 1067 4989 erit,
1107 4910 1403 4998 fructus.
1446 4904 1613 4985 Quis
1643 4914 1896 4986 autem,
1931 4907 2163 4998 tangi-

625 5030 759 5100 tur,
784 5014 1111 5086 Proverb.
1144 5036 1262 5100 xv,
1301 5014 1382 5082 15
1418 5036 1434 5082 :
1466 5015 1724 5083 Secura
1764 5036 1975 5096 mens,
2010 5038 2161 5106 quae

627 5126 1031 5219 relinquitur
1101 5144 1187 5190 ex
1241 5119 1440 5189 bonis
1511 5119 1882 5205 laboribus,
1959 5124 2163 5215 quasi

613 5243 796 5333 juqe
819 5232 1084 5306 convivi
1088 5227 1230 5300 um'.

716 5347 812 5414 De
859 5342 1087 5412 labore
1127 5339 1332 5407 etiam
1382 5336 1713 5428 corporali
1756 5346 1980 5429 potest
2019 5360 2158 5406 non

594 5449 1176 5525 ‘inconvenienter
1261 5443 1570 5535 intelligi.
1647 5443 1898 5513 Beatus
1973 5445 2156 5515 enirn

623 5565 740 5660 qui
775 5557 1040 5629 laborat
1065 5552 1360 5644 propriis
1380 5550 1692 5621 manibus
1719 5559 1795 5622 ut
1813 5560 2149 5645 pascatur.

623 5672 654 5741 l
703 5671 787 5741 ad
830 5660 1145 5736 Thessal.
1191 5683 1286 5744 nv,
1342 5662 1412 5726 11
1479 5683 1497 5729 ε
1562 5661 1733 5732 Ut...
1783 5662 2155 5754 operemini

2290 695 2559 765 Mihi...
2630 706 2694 763 et
2738 698 2845 764 Izis
2899 697 3022 787 qui
3076 718 3338 763 mecum
3385 703 3573 774 sunt,
3626 692 3843 767 mini-

2288 811 2677 871 straverunt
2717 826 2964 872 manus
2997 806 3164 872 istae.
3221 802 3335 871 Sic
3373 803 3560 870 enim
3582 798 3840 867 malum

2290 906 2539 998 inopiae
2583 932 2622 976 a
2678 933 2749 978 se
2788 911 3051 1000 repellit
3088 935 3168 980 ao
3222 911 3434 1002 fugat.
3506 904 3835 976 Proverb.

2291 1036 2412 1093 xu,
2447 1017 2522 1081 11
2555 1038 2570 1082 :
2602 1017 2740 1099 Qui
2757 1028 3080 1108 operatur
3107 1028 3361 1086 terram
3377 1041 3605 1097 suam,
3627 1015 3841 1084 satia-

2294 1123 2480 1191 bitur
2511 1126 2837 1217 panibus.

2383 1255 2417 1299 «
2458 1234 2556 1299 Et
2588 1232 2748 1301 bene
2783 1234 2912 1301 tibi
2955 1236 3106 1313 erit,
3154 1262 3188 1298 2>
3222 1235 3294 1302 in
3334 1234 3591 1312 sutum,
3654 1228 3842 1300 scili-

2289 1345 2396 1406 cet
2444 1348 2700 1410 aeterna
2747 1344 3225 1412 remuneratio.
3271 1341 3478 1411 Eccli.
3533 1364 3628 1422 v1,
3682 1341 3766 1408 20
3819 1362 3835 1409 τ

2288 1448 2371 1515 In
2428 1472 2627 1541 opere
2681 1452 2899 1543 ipsius
2941 1454 3271 1542 exiquum
3333 1447 3708 1527 laborabiS,
3777 1457 3840 1514 et

2287 1558 2442 1635 cito,
2494 1558 2750 1628 seilicet
2777 1569 2932 1650 post
2975 1559 3154 1628 hano
3196 1560 3437 1639 vitam,
3472 1580 3626 1649 quae
3668 1553 3839 1624 nihil

2273 1664 2510 1744 durat,
2545 1665 2697 1734 edes
2737 1666 2820 1734 de
2851 1665 3407 1757 qenerationibus
3440 1665 3666 1733 illius.
3706 1663 3838 1731 Sa-

2286 1773 2499 1863 pient.
2532 1797 2601 1852 x.
2656 1775 2736 1843 17
2772 1798 2788 1843 :
2823 1775 3155 1844 Reddidit
3193 1775 3379 1843 Deus
3394 1775 3618 1864 justis
3665 1795 3837 1840 mer-

2286 1881 2514 1950 cedem
2592 1882 2908 1951 laborum
2973 1907 3281 1952 suorum.
3356 1882 3527 1963 Quae
3605 1890 3834 1950 autem

2287 1990 2374 2057 sit
2401 1989 2521 2058 illa
2557 2013 2839 2071 merem,
2883 1991 3149 2071 dieitur,
3203 1988 3445 2059 Matth.
3489 2013 3632 2069 xix,
3685 1989 3769 2056 29
3812 2009 3828 2055 ε

2291 2098 2705 2190 Centuplum
2756 2100 3061 2192 accipiet,
3119 2108 3182 2168 et
3246 2100 3462 2167 vitam
3509 2107 3835 2166 aetemam

2277 2205 2680 2297 possidebit.

2380 2557 2416 2596 α
2472 2532 2662 2600 Uxor
2713 2541 2858 2599 tua.
2914 2560 2947 2594 υ
3005 2531 3133 2599 Hic
3169 2532 3472 2622 tangitur
3509 2534 3826 2602 meritum

2284 2660 2369 2705 ex
2395 2646 2583 2729 parte
2611 2636 3087 2707 sensualitatis,
3119 2638 3259 2706 Nec
3296 2637 3430 2708 hoe
3457 2639 3637 2724 dico,
3669 2642 3831 2733 quia

2284 2746 2604 2814 meritum
2642 2746 2729 2813 sit
2766 2746 2837 2814 in
2867 2744 3332 2824 sensualitate,
3375 2746 3497 2815 sed
3528 2748 3594 2815 in
3629 2750 3834 2817 ratio-

2281 2875 2365 2921 ne
2406 2854 2914 2945 comparatione
2952 2853 3038 2922 ad
3075 2852 3290 2934 illam,
3338 2856 3616 2947 quando
3657 2858 3829 2925 ratio

2278 2959 2497 3049 ipsam
2564 2958 2722 3027 facit
2767 2959 2837 3027 in
2901 2961 3043 3028 suis
3110 2961 3432 3051 operibus
3499 2961 3829 3031 ordinatis

2278 3060 2651 3132 abundare.

2365 3171 2482 3238 Ait
2520 3174 2703 3240 enim
2746 3194 2763 3240 ε
2810 3169 2924 3241 Sic
2960 3171 3200 3241 beatus
3228 3174 3387 3254 eris,
3432 3173 3648 3267 quiin
3694 3174 3829 3244 bo-

2278 3300 2368 3347 no
2418 3301 2622 3371 opere
2676 3277 3117 3349 delectaberis
3176 3279 3556 3350 seeundum
3614 3284 3828 3352 ratio-

2275 3408 2462 3472 nem,
2545 3409 2672 3457 nec
2754 3395 2953 3458 erunt
3025 3411 3242 3481 pauca
3333 3411 3570 3482 opera,
3654 3390 3822 3475 imo,

2277 3520 2313 3559 α
2349 3517 2529 3563 uxor
2555 3506 2702 3576 tua,
2748 3521 2783 3561 s
2825 3496 3224 3566 sensualitas
3254 3520 3410 3590 quae
3439 3497 3641 3568 debet
3668 3499 3827 3569 sub-

2262 3602 2382 3692 jici
2406 3603 2678 3685 rationi,
2714 3630 2749 3667 α
2777 3604 2957 3672 sicut
2991 3603 3151 3671 uitis
3195 3603 3586 3691 obmittam,
3622 3629 3657 3672 s
3705 3627 3828 3697 per

2275 3707 2911 3801 multiplicationem
2942 3710 3282 3780 bonorum
3314 3734 3631 3804 operum,
3665 3743 3698 3775 «ε
3730 3717 3828 3784 vi-

2276 3817 2388 3896 tis,
2428 3843 2460 3880 n
2519 3818 2828 3909 inquam,
2885 3817 3184 3887 existens
3252 3844 3288 3883 α
3353 3819 3426 3886 in
3494 3819 3827 3891 lateribus

2272 3924 2521 3994 domus
2578 3936 2736 4009 tuae,
2800 3952 2835 3990 ιι
2880 3949 3005 4019 per
3044 3928 3684 4021 promptitudinem.
3738 3932 3825 4002 Et

2270 4058 2431 4105 vere
2461 4034 2617 4105 talis
2657 4035 2919 4117 beatus,
2960 4035 3165 4107 Eccli.
3210 4060 3402 4121 xxvx,
3456 4039 3486 4109 1
3521 4063 3539 4110 t
3573 4040 3826 4112 Mulie·

2273 4142 2372 4209 ris
2430 4141 2618 4211 bonoe
2693 4141 2927 4210 beatus
2981 4144 3109 4212 vir.
3180 4142 3376 4214 Bona
3434 4154 3665 4217 autem
3721 4157 3824 4218 est

2273 4248 2522 4318 mulier
2583 4271 2739 4318 cum
2802 4249 2975 4318 bene
3029 4251 3180 4319 viro
3218 4250 3423 4323 fuerit
3489 4254 3820 4344 subjecta,

2274 4355 2653 4427 secundum
2687 4356 2856 4426 illud
2893 4355 3140 4426 Genes.
3194 4380 3294 4439 ιιι,
3344 4360 3427 4429 16
3459 4383 3479 4427 =
3512 4360 3662 4431 Sub
3692 4362 3826 4430 viri

2261 4475 2605 4560 potestate
2656 4467 2815 4537 eris.
2863 4463 3142 4536 Zachar.
3202 4489 3350 4551 vm,
3406 4469 3543 4540 12:
3589 4471 3821 4558 Vinea,

2272 4575 2504 4643 anima
2560 4573 2814 4644 seilicet
2860 4596 2986 4667 pro
3026 4573 3142 4643 illa
3176 4583 3370 4667 parte
3427 4599 3581 4670 quae
3635 4578 3824 4649 incli-

2271 4690 2478 4751 natur
2506 4681 2591 4755 ad
2637 4691 2928 4762 terrena,
2961 4680 3162 4750 dabit
3195 4770 3200 4776 .
3210 4684 3529 4773 fructum
3580 4710 3814 4757 suum.

2271 4788 2361 4857 Et
2414 4788 2861 4870 abundanter,
2914 4785 2943 4856 1
2990 4787 3075 4856 ad
3141 4787 3451 4861 Corinth.
3510 4816 3629 4874 ιν,
3676 4797 3815 4867 58:

2273 4900 2542 4990 Itaque,
2630 4900 2885 4989 fratres
2966 4896 3105 4965 mei
3184 4897 3447 4982 dilecti,
3524 4913 3817 4975 estote...

2271 5005 2701 5077 abundantes
2770 5007 2846 5076 in
2904 5028 3104 5099 opere
3172 5008 3463 5078 Domini
3527 5035 3814 5105 semper.

2272 5115 2301 5182 1
2350 5115 2438 5184 ad
2491 5115 2549 5184 Τ
2553 5114 2837 5186 hessal.·
2872 5137 2968 5196 w,
3014 5116 3048 5183 1
3094 5137 3112 5184 z
3154 5116 3275 5188 Sic
3329 5117 3704 5190 ambuletis
3742 5131 3821 5192 ut

2271 5223 2636 5293 abundetis
2681 5222 2929 5313 maqis.
2970 5220 3129 5309 vel,
3176 5222 3323 5294 haec
3367 5248 3551 5296 uxor
3596 5237 3820 5321 potest

2268 5332 2557 5425 intelligi
2603 5328 2956 5423 sapientia,
2999 5353 3153 5424 quae
3199 5354 3380 5402 uxor
3414 5344 3518 5405 est
3542 5338 3674 5407 viri
3707 5340 3821 5430 ju-

2270 5441 2383 5524 sti,
2419 5448 2486 5509 et
2512 5440 2586 5509 in
2625 5439 2776 5531 ipso
2807 5438 2956 5509 viro
2984 5439 3192 5508 modo
3230 5439 3819 5529 fructificantem-

2269 5572 2479 5642 quam
2535 5544 2953 5618 fertilissima
3011 5548 3238 5619 vinea.
3301 5545 3612 5643 Sapient.
3668 5577 3813 5639 vm,

2267 5662 2307 5726 2
2349 5680 2368 5730 ε
2416 5658 2714 5746 Quaesivi
2743 5678 3064 5752 sponsam
3100 5656 3280 5726 milii
3312 5681 3465 5729 eam
3504 5684 3818 5734 assume-

3897 3523 4033 3571 Oxor
4059 3529 4135 3569 σοι

3868 3580 4159 3624 malim

3872 3633 3949 3680 voi
3966 3632 4156 3689 upton·
