5008 6329
373 1260 501 1328 80

629 303 759 369 284-

624 473 873 560 facere,
907 486 969 543 et
1004 499 1137 544 non
1164 478 1472 565 facienti,
1495 481 1856 565 peecatum
1886 481 1983 541 est
2019 472 2155 540 illi.

627 581 786 651 Luc.
831 608 951 669 χιι,
1011 587 1091 652 47
1131 608 1145 651 :
1190 586 1325 652 Ille
1370 606 1625 659 servus,
1686 584 1809 673 qui
1853 580 2167 672 coqnovit

623 690 1045 759 voluntatem
1083 691 1345 758 domini
1371 693 1506 770 sui,
1550 697 1612 755 et
1649 709 2166 779 nonpraepara-

626 800 744 883 vit,
804 807 869 865 et
905 820 1038 865 non
1099 801 1266 889 fecit
1308 798 1682 868 secundum
1738 793 2163 863 voluntatem

623 905 802 995 ejuS,
835 906 1197 996 vapulabit
1226 910 1490 976 multiS.

715 1251 747 1285 «
780 1225 943 1291 Fiat
969 1247 1083 1292 cor
1119 1247 1366 1293 meum.
1417 1252 1448 1287 »
1502 1223 1629 1290 ‚llic
1675 1229 1778 1290 est
1819 1222 2158 1313 quintum,

620 1339 687 1397 et
742 1330 1084 1410 ultimum,
1154 1332 1224 1398 in
1292 1355 1427 1423 quo
1486 1330 1655 1422 petit
1719 1330 2008 1419 gratiam
2077 1329 2162 1398 ad

617 1437 839 1506 cordis
904 1439 1263 1529 puritatem
1334 1462 1350 1506 ε
1427 1448 1492 1508 et
1557 1444 1934 1526 tanguntur
1996 1437 2155 1506 duo,

613 1543 874 1624 Primo,
934 1547 1193 1636 petitio.
1251 1546 1589 1625 Secundo,
1655 1546 1825 1614 ratio
1874 1548 2156 1636 petitio-

613 1652 746 1730 nis,
777 1652 897 1731 ibi,
944 1677 978 1718 α
1027 1656 1115 1722 Ut
1141 1677 1279 1737 non
1307 1651 1724 1746 confundar.
1765 1677 1798 1717 ι)

701 1759 882 1827 Dicit
920 1783 1080 1850 ergo
1118 1784 1133 1828 :
1182 1752 1294 1830 Sic
1333 1763 1450 1832 siat
1494 1782 1700 1850 super
1736 1780 1846 1826 me
1892 1761 2158 1828 miseri·

610 1866 864 1953 cordia,
907 1875 984 1935 ut
1011 1869 1373 1951 conforter,
1427 1879 1503 1938 ut
1542 1867 1871 1946 vivificer,
1922 1877 1999 1936 ut
2045 1868 2159 1936 ad-

610 1975 890 2043 versarii
930 1976 1452 2062 confundantur,
1512 1984 1590 2043 ut
1637 1973 1803 2043 boni
1840 1975 2157 2043 meliores

612 2080 1037 2149 efficiantur:
1094 2090 1161 2151 et
1208 2084 1412 2152 etiam
1470 2081 1757 2150 ulterius
1812 2102 1936 2171 per
1973 2104 2157 2149 eam·

611 2188 764 2258 dem
799 2216 833 2257 ιι
873 2192 1003 2281 fiat
1048 2216 1160 2260 cor
1210 2217 1435 2262 meum
1478 2191 2009 2260 immaculatum
2047 2215 2072 2260 .·
2118 2218 2151 2258 ι)

609 2306 676 2367 et
713 2299 769 2368 si
816 2299 1082 2368 macula
1126 2305 1383 2392 peccati
1431 2299 1741 2370 mortalis
1788 2309 1996 2379 caret,
2039 2324 2156 2369 ca-

607 2413 751 2474 reat
778 2408 981 2474 etiam
1010 2407 1295 2476 venialis
1329 2431 1345 2476 ε
1381 2408 1464 2476 ad
1514 2406 1645 2475 hoc
1676 2408 1858 2473 enim
1900 2406 2152 2475 electus

607 2535 785 2579 sum.
830 2513 938 2581 Ad
966 2513 1214 2605 Ephes.
1260 2538 1303 2594 1,
1334 2516 1374 2582 4
1412 2537 1427 2584 :
1462 2513 1703 2603 Eleqit
1742 2535 1867 2580 nos
1903 2514 1974 2581 in
2007 2517 2153 2606 ipso

607 2632 766 2690 ante
809 2622 1055 2692 mundi
1097 2624 1675 2705 οοηειίἱιιίίοηεηι,
1727 2630 1804 2689 ut
1860 2644 2152 2689 essemus

603 2731 826 2797 sancti
876 2740 939 2798 et
994 2729 1451 2799 immaculati.
1515 2725 1734 2795 Aliter
1788 2728 1972 2796 enim
2011 2751 2149 2796 non

608 2862 970 2931 possumus
1010 2840 1293 2932 ingredi.
1341 2840 1415 2908 ln
1476 2836 1658 2906 l'sal.
1717 2860 1810 2917 xi,
1865 2839 1906 2905 2
1953 2860 1968 2905 :
2014 2839 2151 2923 Qui

607 2946 994 3036 inqreditur
1026 2948 1172 3015 sine
1217 2946 1522 3023 macula,
1585 2942 1847 3035 supple,
1882 2951 2151 3034 oportet

252 3077 565 3137 onaan-upton
606 3061 681 3120 ut
736 3053 844 3121 eit.
907 3051 1024 3121 Est
1089 3060 1314 3122 autem
1374 3048 1796 3145 quadruplex
1852 3049 2145 3137 macula,

296 3135 539 3180 macuta·
1265 3163 1281 3179 .
1401 3162 1414 3176 .
1453 3162 1466 3177 .

254 3187 381 3232 bono
424 3200 577 3242 ορ...
606 3186 760 3230 eum
799 3161 973 3230 fiunt
1010 3185 1214 3252 opera
1251 3170 1555 3253 justitiae,
1601 3181 1755 3251 quae
1794 3167 1895 3228 est
1932 3182 2151 3229 remo-

253 3241 549 3289 romovend·
559 3275 572 3289 .

603 3270 846 3348 venda,
908 3268 1179 3361 quando
1239 3269 1491 3338 scilieet
1558 3268 1730 3335 fiunt
1785 3265 2143 3348 diminute,

602 3385 676 3445 ut
742 3375 1013 3469 quando
1079 3376 1151 3444 fit
1217 3377 1557 3467 jejunium
1627 3374 1773 3442 sine
1847 3374 2147 3444 eleemo-

599 3506 769 3576 syna
867 3492 936 3553 et
1007 3482 1157 3552 aliis
1235 3483 1557 3575 operibus
1633 3481 2141 3551 misericordiae.

600 3590 892 3672 Quando
950 3591 1391 3684 negligenter,
1453 3590 1719 3661 etiamsi
1778 3591 1946 3660 tiant
2003 3615 2150 3662 om-

599 3701 738 3781 nia,
779 3700 955 3769 sicut
979 3700 1313 3792 contingit
1379 3702 1448 3770 in
1489 3698 1820 3768 oratione.
1857 3697 2146 3779 Quando

599 3807 805 3876 etiam
872 3809 1312 3887 mercenarie,
1385 3810 1562 3878 sicut
1627 3807 1902 3899 quando
1975 3809 2148 3877 tiunt

600 3913 919 4004 adjuncto
950 3914 1178 4007 aliquo
1210 3914 1429 4007 pretio
1461 3912 1850 4004 temporali,
1874 3914 2047 3983 sicut
2076 3912 2144 3982 in

600 4020 919 4091 euntibus
954 4021 1039 4090 ad
1087 4022 1455 4092 Ecclesiam
1507 4029 1788 4112 propter
1842 4022 2147 4112 partitio·

598 4150 745 4197 nee.
803 4155 839 4191 α
882 4127 1150 4197 Puritas
1188 4139 1416 4199 autem
1457 4125 1709 4207 cordis,
1756 4128 1929 4196 sicut
1983 4127 2146 4197 dicit

600 4264 633 4299 α
667 4234 1075 4314 BernarduS,
1109 4236 1238 4304 tria
1265 4236 1447 4320 facit,
1483 4234 1891 4313 libertatem,
1924 4234 2145 4303 exsul-

599 4342 1021 4424 «tationem,
1071 4350 1137 4412 et
1182 4345 1641 4414 securitatem.
1697 4369 1732 4405 ιο
1784 4340 1935 4410 Fiat
1977 4365 2140 4435 ergo

595 4472 715 4519 cor
754 4472 984 4519 meum
1036 4450 1577 4535 immaculatum,
1636 4445 1722 4516 ad
1766 4448 1982 4540 quid?
2032 4448 2141 4519 Ad

594 4555 726 4626 hoc
758 4581 792 4622 ι
835 4564 913 4624 ut
939 4579 1075 4625 non
1115 4558 1534 4648 confundor,
1572 4584 1605 4620 »ι
1649 4556 1722 4623 in
1767 4555 1996 4625 futuro
2025 4555 2140 4624 illa

592 4666 1014 4747 confusione,
1054 4667 1137 4737 de
1168 4689 1303 4760 qua
1342 4667 1542 4752 Osee,
1579 4690 1650 4752 x,
1679 4667 1720 4734 6
1755 4686 1774 4736 τ
1810 4666 2138 4758 Confusio

591 4779 933 4872 Ephraim
960 4780 1204 4872 capiet,
1238 4788 1303 4848 et
1329 4777 1799 4870 confundetur
1825 4778 2050 4847 Israel
2068 4779 2137 4846 in

590 4886 945 4955 voluntate
976 4909 1127 4955 sua.
1170 4886 1280 4967 Et,
1323 4887 1580 4957 Jerem.
1633 4907 1704 4966 ιι,
1754 4887 1841 4954 20
1875 4905 1893 4954 t
1949 4887 2141 4971 Quo-

592 4992 794 5062 modo
838 4992 1292 5084 confunditur
1336 4997 1465 5085 sur
1509 4991 1789 5084 quondo
1832 5014 2141 5085 compre-

593 5100 943 5182 henditur,
971 5101 1070 5170 sic
1085 5102 1359 5194 confusi
1380 5109 1547 5172 sunt
1574 5097 1821 5169 domus
1845 5100 2089 5170 Israel.

681 5312 856 5385 Vide
893 5337 1055 5408 ergo
1094 5318 1441 5409 quomodo
1472 5339 1512 5386 a
1558 5313 1894 5407 principio
1941 5320 2139 5384 octo-

595 5423 793 5503 narii,
854 5444 1344 5515 recognoscens
1380 5449 1453 5496 se
1492 5447 1534 5493 a
1588 5422 1735 5493 Deo
1783 5421 2136 5492 conditum

595 5532 665 5599 in
712 5552 1020 5623 corpore,
1059 5537 1127 5599 et
1178 5533 1434 5618 anima,
1502 5529 1774 5624 petierit
1816 5526 1950 5597 sihi
1989 5528 2134 5599 dari

593 5640 763 5735 legis
792 5638 1210 5711 intellectum
1243 5661 1262 5711 ε
1303 5649 1372 5710 et
1420 5662 1660 5710 rursus
1696 5638 2028 5708 confitens
2063 5627 2135 5708 ae

1622 300 1706 367 D.
1757 299 1959 367 ALB.
2011 297 2227 366 MAG.
2282 297 2486 367 ORD.
2540 297 2838 366 PRAED.

2273 481 2627 559 expertum
2675 472 3066 560 aequitatem
3114 470 3447 550 divinam,
3491 472 3661 561 petit
3691 472 3829 537 mi-

2272 577 2651 646 sericordiae
2685 578 3268 646 continuationem
3316 587 3594 668 propter
3630 576 3822 668 plura

2270 682 2470 752 bona.
2508 685 2797 776 Propter
2827 685 3012 776 quod
3041 685 3217 753 bene
3255 689 3681 776 praeponitur
3709 685 3825 752 lit-

2268 798 2411 859 tera
2448 792 2784 861 Hebraica
2812 817 2920 861 101)
2958 784 3085 883 (Ἴ),
3129 794 3314 884 quod
3344 795 3825 884 interpretatur

2269 903 2621 990 confessio,
2690 902 2800 970 vel
2865 902 3225 982 desolatio,
3311 903 3622 987 scientio,
3702 925 3822 970 seu

2259 1011 2709 1102 principium.
2741 1010 2842 1078 Ac
2872 1009 3142 1078 sidicat
3186 1033 3202 1078 :
3253 1009 3332 1076 In
3371 1009 3505 1079 hoc
3547 1018 3823 1079 octona-

2267 1117 2367 1184 rio
2424 1117 2721 1186 existens
2787 1118 2858 1185 in
2926 1116 3352 1186 desolatione
3430 1141 3502 1186 se
3568 1119 3821 1187 factum

2266 1224 2649 1300 confitetur,
2703 1224 2961 1294 habens
3002 1249 3041 1293 a
3088 1226 3423 1317 principio
3466 1226 3818 1296 seientiam

2268 1331 2514 1399 divinae
2545 1334 2913 1423 aequitatiS,
2955 1356 3162 1425 quam
3220 1334 3290 1400 in
3334 1355 3406 1400 se
3446 1341 3546 1401 est
3578 1355 3819 1423 exper-

2263 1449 2400 1508 tuS.

2844 1976 3045 2049 cm
3102 1976 3229 2075 (D)

2258 2409 2375 2478 81.
2434 2404 2706 2476 Defecit
2780 2403 2852 2474 in
2905 2403 3215 2474 salutare
3292 2419 3504 2473 tuum
3563 2402 3804 2474 anima

2521 2534 2709 2599 mea,
2741 2530 2812 2582 et
2852 2511 2923 2583 in
2954 2511 3258 2582 verbum
3297 2529 3507 2581 tuum
3558 2532 3817 2602 super-

2522 2619 2827 2712 speravi.

2256 2732 2373 2802 82.
2429 2729 2857 2800 Defecerant
2888 2727 3079 2798 oculi
3124 2726 3267 2798 mei
3321 2725 3393 2796 in
3434 2726 3814 2817 eloquium

2521 2855 2758 2914 tuum,
2792 2836 3118 2907 dicentes
3153 2858 3169 2903 ε
3205 2833 3527 2925 Quando
3560 2855 3818 2905 conso-

2521 2942 2785 3014 laberis
2827 2943 2993 3014 me?

2252 3054 2370 3124 83.
2424 3053 2621 3144 Quia
2698 3053 2935 3123 sactus
3002 3071 3171 3122 sum
3246 3049 3434 3121 sicut
3513 3067 3675 3121 uter
3735 3048 3806 3118 in

2521 3162 2781 3256 pruina
2815 3160 3408 3254 :justificationes
3459 3181 3620 3233 tuas
3663 3183 3806 3232 non

2520 3292 2684 3342 sum
2717 3270 3014 3341 oblitus.

2252 3383 2372 3472 84.
2423 3381 2626 3472 Quot
2666 3397 2837 3451 sunt
2893 3378 3048 3450 dies
3088 3378 3274 3449 servi
3315 3378 3475 3449 tui?
3514 3376 3804 3470 quando

2517 3486 2735 3558 facies
2775 3487 2865 3558 de
2895 3484 3505 3580 persequentibus
3537 3507 3654 3556 me
3694 3485 3799 3574 ju·

2522 3597 2841 3669 dicium?

2517 3812 2777 3893 tiones,
2822 3811 2947 3882 sed
2980 3832 3125 3881 non
3154 3826 3235 3879 ut
3265 3809 3374 3880 lex
3415 3826 3567 3879 tua.

2250 3920 2369 3992 86.
2422 3918 2694 3993 Omnia
2743 3916 3085 3990 mandata
3143 3934 3267 3987 tua
3308 3914 3600 3988 veritas.
3659 3914 3808 3986 Ini-

2514 4049 2657 4121 que
2709 4023 3066 4120 persecuti
3118 4040 3288 4095 sunt
3345 4044 3490 4105 me,
3542 4022 3802 4113 adjuva

2514 4158 2658 4207 me.

2247 4248 2365 4338 87.
2423 4242 2653 4314 Paulo
2675 4241 2923 4313 minus
2952 4259 3651 4311 consummaverunt
3683 4261 3799 4311 me

2517 4351 2587 4423 in
2632 4368 2821 4423 terra
2862 4372 2880 4419 ε
2913 4371 3048 4443 ego
3093 4366 3336 4420 autem
3369 4370 3514 4419 non
3547 4346 3802 4420 dereli-

2515 4458 2642 4552 qui
2682 4457 3021 4529 mandata
3052 4473 3202 4528 tua.

2245 4569 2363 4642 88.
2414 4564 2836 4640 Secundum
2928 4560 3504 4635 misericordiam
3597 4580 3796 4635 tuam

2511 4673 2791 4747 vivifica
2819 4695 2965 4762 me,
3014 4689 3085 4744 et
3131 4669 3542 4743 custodiam
3592 4671 3799 4744 testi-

2512 4781 2760 4854 monia
2798 4780 2947 4853 oris
2986 4781 3119 4851 tui.
