5008 6329
836 2133 1055 2190 &afugit

1901 333 2609 403 COMMENTARIUS
2657 331 2751 398 IN
2798 329 3237 397 PSALMUM
3287 325 3566 394 CXXII.

1412 507 1665 587 nostri,
1720 507 1888 599 quia
1919 507 2232 575 multum
2265 502 2516 596 repleti
2567 523 2691 569 su-

1409 637 1575 685 mus
1607 614 2065 706 despectione
2119 635 2133 679 ε

1185 747 1254 814 4.
1315 722 1509 813 Quia
1558 723 1872 792 multum
1936 719 2203 812 repleta
2279 734 2386 785 est
2443 712 2685 782 anima

1474 1219 1566 1287 IN
1618 1213 2045 1284 PSALMUM
2100 1211 2348 1280 Cxxu

1658 1450 2156 1499 COMMENTARIUS
2165 1480 2180 1495 .

1453 1784 1486 1819 «
1523 1753 1884 1824 Canticum
1919 1747 2293 1839 qraduum.
2333 1773 2366 1806 n

1123 2081 1126 2082 *
1230 2101 1264 2141 α
1297 2074 1414 2144 Ad
1439 2083 1503 2141 te
1550 2070 1771 2139 levavi
1808 2067 2038 2135 oculos
2066 2087 2248 2132 meos
2272 2065 2314 2129 ¹.
2354 2090 2386 2124 n
2426 2061 2551 2128 llic
2580 2068 2683 2128 est

4231 315 4360 385 355

3067 514 3338 574 nostra,
3390 492 3871 585 opprobrium
3927 487 4360 557 abundanti-

3068 605 3232 690 bus,
3276 620 3346 673 et
3378 601 3747 694 despectio
3780 593 4141 691 superbis.

2795 1103 2925 1171 lsa.
2970 1123 3151 1185 va1‚
3200 1102 3227 1166 1
3280 1121 3295 1166 ε
3335 1098 3607 1167 Coelum
3644 1094 3833 1163 sedes
3871 1116 4046 1169 mea,
4081 1091 4347 1181 supple,

2794 1220 2917 1289 est,
2971 1218 3034 1277 et
3071 1219 3254 1276 terra
3281 1204 3664 1274 scabellum
3708 1201 3965 1293 pedum
4016 1221 4347 1268 meorum.

2797 1317 3043 1406 Supra,
3091 1317 3160 1383 in
3219 1312 3403 1382 Psal.
3447 1334 3633 1394 cxm,
3680 1310 3762 1377 16
3800 1330 3815 1375 ε
3881 1307 4149 1377 Caelum
4196 1305 4352 1373 eceli

2791 1426 3114 1507 Domina,
3160 1431 3416 1489 terram
3448 1429 3681 1487 autem
3710 1416 3900 1484 dedit
3925 1414 4102 1503 filiis
4136 1414 4353 1481 homi-

2790 1554 2983 1599 num.
3018 1530 3103 1598 Et
3141 1531 3210 1596 in
3240 1524 3737 1619 spiritualibus,
3770 1523 4029 1591 seilicet
4063 1518 4349 1612 Angelis

2791 1662 2911 1731 per
2933 1639 3348 1706 fruitionem.
3381 1635 3637 1703 Jerem.
3670 1654 3864 1715 xxm,
3885 1631 3971 1697 24
3998 1652 4012 1696 ε
4054 1630 4343 1708 Coelum,

2791 1749 3169 1840 angelicam
3198 1746 3452 1815 scilicet
3508 1751 3918 1821 creaturam,
3954 1751 4017 1809 et
4060 1727 4343 1824 terram,

2792 1856 3180 1924 inferiorem
3212 1854 3491 1932 scilicet,
3519 1873 3643 1941 eqo
3674 1848 3954 1940 impleo.
3991 1847 4076 1914 Et
4113 1847 4185 1913 in
4214 1844 4348 1913 ho-

2794 1964 3091 2033 minibus
3147 1963 3425 2042 sanctiS,
3502 1963 3576 2028 in
3624 1958 3874 2050 quibus
3901 1956 4169 2025 habitas
4224 1977 4347 2046 per

2791 2095 3119 2141 amorem.
3154 2070 3339 2139 Psal.
3374 2093 3445 2152 x,
3480 2071 3519 2138 5
3564 2068 3952 2136 :Dominus
3980 2066 4052 2132 in
4092 2063 4347 2157 templo

785 2190 1024 2243 mphm
1041 2186 1106 2233 'd
1135 2185 1454 2254 psalmus
1484 2181 1890 2250 centesimus
1936 2174 2297 2242 vicesimus
2343 2170 2679 2238 Secundus
2785 2190 3018 2247 Sancto
3045 2202 3170 2246 suo
3212 2201 3235 2245 ,-
3269 2178 3611 2247 Dominus
3641 2174 3712 2243 in
3740 2172 3909 2241 coelo
3944 2171 4132 2239 sedes
4162 2170 4339 2261 ejus·

821 2243 1067 2288 Deumec

780 2271 1104 2403 :3353pr
1133 2297 1202 2363 in
1234 2302 1379 2362 toto
1405 2290 1604 2368 libro,
1636 2286 1997 2355 vicesimus
2026 2281 2361 2350 secundus
2395 2279 2462 2346 in
2487 2279 2682 2345 tertia
2787 2288 3039 2354 Anima
3087 2286 3272 2353 enim
3332 2284 3499 2375 justi
3565 2281 3759 2350 sedes
3817 2287 3920 2348 εει
3965 2278 4340 2369 sapienti&

831 2403 1049 2448 tontibu-

780 2456 1012 2502 ommni·
1051 2453 1097 2499 ti-

833 2510 1039 2558 burctur-

1131 2408 1322 2493 parte
1375 2398 1558 2479 libri,
1607 2403 1674 2464 et
1718 2394 1893 2461 inter
1940 2390 2253 2458 Psalmos
2302 2383 2677 2454 Graduales

1130 2515 1436 2600 quartus,

1216 2616 1388 2684 Cum
1419 2614 1601 2683 enim
1671 2612 1740 2678 in
1774 2610 1994 2700 primo
2034 2613 2257 2673 actum
2306 2602 2393 2669 sit
2421 2601 2503 2667 de
2542 2600 2676 2667 cla·

1124 2748 1314 2794 more
1345 2745 1470 2816 pro
1508 2718 1906 2788 liberatione
1935 2737 1975 2782 a
2015 2713 2287 2780 miseria
2324 2707 2668 2801 praesenti,

1117 2838 1188 2905 in
1229 2829 1530 2902 secundo
1571 2828 1652 2896 de
1693 2818 2394 2893 fiducialiberationis‚
2431 2817 2500 2882 in
2532 2825 2668 2882 ter-

1114 2946 1214 3011 tio
1252 2961 1418 3010 vero
1449 2937 1532 3005 de
1561 2934 1795 3002 laetitia
1823 2952 1907 2999 ex
1944 2927 2481 2997 consideratione
2515 2923 2668 2989 linis

1112 3050 1405 3122 miseriae
1433 3055 1501 3116 et
1548 3040 2029 3116 tribulationiS,
2090 3036 2531 3124 subjungitur
2557 3031 2667 3101 hic

1111 3161 1194 3231 de
1222 3152 1742 3229 continuatione
1779 3144 2291 3238 supplicationis
2329 3164 2451 3233 pro
2491 3138 2665 3207 libe·

1112 3270 1376 3338 ratione
1401 3288 1442 3334 a
1472 3261 1653 3331 malo
1711 3267 1775 3328 et
1823 3252 2266 3349 praesentibus
2304 3248 2658 3317 aerumnis.

1106 3374 1375 3446 Titulus
1412 3372 1588 3440 sicut
1628 3367 1938 3458 superius
2001 3359 2348 3451 expositus
2396 3366 2522 3434 est,
2565 3355 2660 3423 sic

1109 3494 1213 3556 est
1251 3476 1722 3573 exponendus.

1194 3694 1540 3766 Dividitur
1575 3697 1802 3760 autem
1840 3684 2154 3754 Psalmus
2192 3686 2262 3750 in
2293 3682 2462 3749 duas
2492 3701 2657 3770 par-

1101 3815 1229 3875 tes.
1262 3802 1346 3872 In
1382 3802 1630 3893 prima,
1689 3794 2002 3886 exprimit
2045 3790 2353 3858 desiderii
2407 3789 2512 3855 sui
2542 3808 2657 3854 ve·

1103 3906 1661 3985 hementiam.1n
1717 3900 2036 3979 secunda,
2089 3897 2439 3987 subjungit
2480 3897 2658 3988 peti-

1101 4023 1387 4097 tionem,
1429 4016 1549 4092 ibi,
1580 4022 1647 4091 5.
1690 4013 1730 4080 3
1764 4033 1780 4078 ε
1827 4037 1860 4073 «
1899 4008 2216 4077 Miserere
2241 4004 2477 4072 nostri.
2528 4028 2562 4068 ι

1189 4122 1717 4197 vehementiam
1811 4113 2121 4183 desiderii
2211 4108 2508 4178 ostendit
2568 4130 2653 4177 ex

1103 4232 1399 4305 duobus.
1472 4227 1571 4295 Ex
1644 4222 2038 4292 intentionis
2111 4215 2536 4292 rectitudine,
2586 4223 2652 4282 et

1099 4349 1257 4436 post
1293 4360 1381 4408 ex
1408 4330 1941 4406 continuatione,
1975 4336 2043 4396 et
2077 4321 2533 4393 sollicitudine
2554 4321 2654 4388 in-

1095 4445 1446 4525 tendendi,
1489 4440 1607 4518 ibi,
1638 4448 1703 4517 5.
1747 4440 1788 4506 2
1831 4458 1846 4504 ε
1892 4463 1928 4500 α
1969 4436 2142 4503 Eece
2174 4433 2349 4501 sicul
2377 4428 2584 4498 emeli.
2613 4454 2647 4491 n

1189 4555 1372 4625 Dicit
1407 4571 1571 4641 ergo
1616 4570 1632 4616 ε
1677 4544 1792 4613 Sic
1811 4543 2076 4610 laetatus
2106 4562 2283 4616 sum,
2321 4539 2525 4605 linem
2548 4533 2655 4602 la-

1101 4663 1286 4734 boris
1315 4653 1751 4733 attendendo,
1812 4657 1877 4718 et
1925 4647 2207 4716 ulterius
2249 4640 2645 4718 asceridenS,

1100 4796 1142 4843 o
1168 4780 1248 4841 tu
1290 4793 1325 4836 ι
1366 4765 1491 4858 qui
1517 4761 1792 4832 habitas
1825 4759 1897 4825 in
1925 4755 2134 4833 ecelis,
2170 4780 2204 4820 ι
2276 4750 2651 4821 materiali-

1096 4879 1228 4950 bus
1265 4897 1389 4968 per
1443 4870 1777 4960 majorem
1841 4865 1941 4932 tui
2003 4860 2643 4930 manifestationem.

1171 5162 1190 5198 ¹
1211 5148 1594 5215 Lasituation
1608 5158 1726 5219 que
1746 5155 2000 5216 suppose
2022 5155 2091 5197 ee
2111 5152 2357 5213 psaume
2387 5139 2479 5193 est
2496 5133 2648 5192 celte

1098 5250 1243 5309 d’un
1299 5240 1517 5320 peuple
1573 5232 1844 5310 opprime
1897 5246 2005 5304 par
2054 5228 2159 5285 des
2214 5227 2534 5299 impies,et
2584 5242 2649 5282 se

1097 5336 1386 5397 tournant
1420 5344 1553 5386 vers
1579 5324 1819 5387 sebove,
1859 5318 2005 5375 dont
2050 5318 2093 5374 il
2141 5334 2205 5374 se
2245 5315 2335 5372 dit
2370 5314 2427 5372 le
2466 5313 2647 5370 servi·

1097 5432 1255 5490 teur,
1284 5436 1441 5496 pour
1465 5434 1544 5474 en
1589 5408 1827 5471 obtenir
1871 5404 2277 5464 misericorde.
2307 5407 2385 5462 Ce
2432 5401 2649 5476 peuple

1099 5519 1193 5574 est
1218 5508 1429 5578 lsrael,
1459 5505 1578 5564 soit
1622 5497 1890 5576 pendant
1928 5494 1987 5552 la
2030 5493 2328 5569 captis-ite,
2355 5492 2472 5549 soit
2499 5508 2649 5566 pen·

1098 5607 1248 5664 dant
1301 5600 1390 5658 les
1418 5592 1745 5671 premieres
1791 5586 2018 5647 annees
2070 5585 2150 5643 du
2188 5590 2413 5654 retour,
2444 5580 2647 5657 quand

1100 5685 1533 5765 d’orgueilleux
1560 5680 1781 5738 voisins
1828 5674 2263 5734 s'acharnaient
2302 5676 2509 5729 contre
2538 5669 2648 5738 lui,

2790 2392 3089 2483 Sapient.
3127 2415 3247 2472 vu,
3299 2393 3386 2460 27
3433 2391 3563 2459 :In
3619 2389 3892 2457 animas
3955 2396 4230 2455 sanetas
4273 2408 4345 2453 se

2784 2503 3135 2591 transfert.
3171 2499 3411 2568 Matth.
3446 2522 3543 2578 vt,
3576 2499 3617 2567 9
3656 2521 3671 2565 ε
3705 2499 3922 2565 Pater
3945 2502 4196 2575 noster,
4221 2493 4344 2583 qui

2783 2633 2849 2676 es
2875 2610 2945 2675 in
2985 2609 3195 2677 coelis.
3235 2634 3269 2674 e
3312 2607 3428 2677 Ad
3454 2617 3518 2675 le
3547 2605 3773 2674 levavi
3810 2601 4047 2671 oculos
4075 2623 4335 2679 τηεσε-,ι

2780 2713 3134 2780 interiores
3169 2711 3449 2788 scilicet,
3522 2708 3977 2778 intentionem
4023 2712 4236 2772 totam
4269 2704 4339 2772 in

2781 2828 2845 2887 te
2875 2829 2940 2887 et
2991 2818 3078 2887 ad
3116 2829 3182 2887 te
3221 2816 3605 2909 dirigendo,
3658 2838 3800 2883 non
3850 2813 3938 2881 ad
3991 2833 4156 2901 opes
4195 2820 4341 2878 ter-

2779 2949 2977 2995 renas
3014 2948 3167 3017 quae
3230 2924 3565 3017 possideri
3624 2944 3763 2990 non
3793 2929 4105 3012 possunt.
4160 2917 4338 2987 Pro-

2776 3034 2963 3102 verb.
2999 3055 3191 3112 xxrn,
3226 3034 3266 3102 5
3312 3056 3328 3100 ε
3361 3032 3465 3100 Ne
3482 3031 3712 3119 eriqas
3758 3028 3996 3095 oculos
4038 3036 4195 3094 tuos
4234 3025 4333 3093 ad

2775 3164 2931 3234 opes
2993 3164 3168 3234 quas
3220 3162 3357 3209 non
3397 3148 3591 3231 potes
3635 3135 3906 3204 habere.
3998 3132 4329 3203 Proverb.

2771 3272 2937 3327 xvn,
2981 3251 3107 3317 24:
3147 3249 3355 3320 Oculi
3388 3247 3768 3316 stultorum
3788 3245 3863 3312 in
3900 3241 4161 3332 finibus
4193 3252 4328 3310 ter·

2769 3382 2884 3424 rae.
2921 3357 3083 3439 Sed,
3118 3356 3338 3426 Eccle.
3383 3378 3455 3437 ιι,
3501 3355 3607 3429 14,
3655 3352 3956 3421 dicitur:
4016 3351 4320 3443 Sapien-

2769 3456 2860 3534 iis
2886 3466 3072 3534 oculi
3110 3467 3181 3533 in
3235 3466 3462 3555 capite
3511 3461 3695 3551 ejus.
3763 3458 4016 3528 Thren.
4052 3481 4150 3537 ιιι,
4184 3459 4263 3525 41
4305 3481 4321 3526 :

2769 3579 3094 3644 Levemus
3120 3572 3331 3640 eorda
3386 3579 3623 3640 nostra
3675 3554 3834 3637 eiam
3881 3565 4207 3634 manibus
4233 3567 4333 3634 ad

2769 3678 3270 3750 Dominum.1n
3291 3679 3488 3759 coelo,
3518 3676 3784 3745 Daniel.
3811 3697 3906 3758 w,
3931 3677 4010 3744 31
4038 3673 4328 3743 :Oculos

2765 3814 2944 3859 meos
2984 3790 3083 3858 ad
3123 3789 3373 3858 eoelum
3426 3787 3672 3867 levavi,
3735 3795 3799 3853 et
3851 3805 4088 3853 sensus
4134 3805 4327 3852 meus

2763 3901 3073 3969 redditus
3094 3909 3192 3969 est
3215 3899 3414 3966 milti.

2856 4008 3149 4076 Levandi
3197 4014 3428 4074 autem
3474 4010 3638 4072 sunt
3677 4000 3860 4071 oculi
3911 3999 3998 4068 ad
4058 4000 4311 4091 ipsum,

2761 4125 3109 4208 tamquam
3148 4114 3233 4183 ad
3263 4112 3646 4205 speculum,
3678 4119 3755 4179 ut
3781 4108 4019 4178 sordes
4045 4115 4314 4177 nostras

2757 4224 3003 4292 certius
3058 4242 3580 4314 cognoscamus.
3642 4216 3948 4308 Sapient.
3999 4236 4121 4296 vu,
4164 4217 4249 4283 26
4294 4235 4313 4285 t

2763 4330 3042 4399 Candor
3089 4338 3189 4397 est
3255 4326 3430 4395 lueis
3492 4335 3782 4401 eternae,
3846 4334 3910 4389 et
3959 4320 4318 4413 speculum

2757 4442 2902 4507 sine
2956 4438 3261 4508 macula.
3309 4436 3694 4527 Tamquam
3765 4431 3852 4501 ad
3907 4430 4188 4511 librum,
4250 4433 4320 4500 in

2761 4572 2897 4639 quo
2927 4545 3278 4638 quomodo
3306 4542 3542 4614 sordes
3597 4540 3907 4610 lavandae
3951 4541 4086 4609 sint
4127 4539 4324 4630 lega-

2761 4677 2936 4722 mus.
2973 4653 3103 4723 uic
3141 4661 3244 4722 est
3299 4651 3473 4721 liber
3520 4648 3812 4741 scriptus
3868 4649 4050 4716 intus
4107 4647 4177 4713 in
4215 4646 4323 4714 di·

2756 4764 3062 4841 vinitate,
3104 4770 3180 4829 ut
3232 4760 3326 4828 ibi
3372 4758 3552 4849 legat
3606 4754 3917 4848 Angelus
3967 4775 3985 4821 ε
4045 4761 4110 4821 et
4154 4753 4320 4822 ioris

2757 4871 2827 4937 in
2864 4868 3316 4947 humanitate,
3339 4876 3417 4936 ut
3453 4866 3547 4934 ibi
3579 4863 3761 4956 legat
3787 4862 3999 4931 homo
4031 4863 4078 4931 ².
4119 4859 4321 4928 Tam-

2762 5141 2807 5198 ΙΙ
2835 5138 3056 5206 Esdrae,
3087 5153 3153 5207 ιι,
3187 5138 3275 5193 19.

2827 5232 2903 5287 Le
2932 5228 3200 5285 chretien
3255 5243 3330 5284 en
3360 5224 3531 5282 butte
3577 5238 3695 5279 anx
3736 5220 4063 5277 tentatione.
4092 5224 4154 5276 et
4198 5236 4315 5277 anx

2757 5318 3166 5395 persecutione
3197 5320 3341 5391 pent
3368 5312 3567 5371 redire
3598 5327 3739 5368 avec
3762 5309 3908 5367 fruit
3935 5317 4090 5367 cette
4109 5316 4315 5367 courte

2757 5410 2974 5484 priere.

3720 5490 3792 5547 11.
3825 5489 4067 5547 Luem

2829 5666 2851 5704 ⁸
2880 5664 2967 5723 CI.
2995 5659 3289 5721 Ezechiel.
3317 5675 3385 5729 ιι,
3414 5660 3471 5715 9.

4353 3936 4568 3985 lavandi
4613 3936 4677 3982 ad

4350 3993 4502 4038 Deum
4547 3989 4678 4036 ocull

4374 4044 4639 4092 mulctatici-

4462 4100 4556 4145 802·
