5008 6329
767 345 897 414 480

944 515 1110 582 Non
1171 531 1449 582 avertas
1507 510 1762 581 faciem
1829 525 2029 577 tuam
2077 526 2116 572 a
2164 522 2305 582 rne,

1031 641 1098 693 et
1130 622 1392 693 similis
1432 642 1555 691 ero
1596 612 2200 688 descendentibus
2234 609 2303 678 in

1031 733 1290 800 lacum.

804 851 873 914 8.
923 842 1273 912 Auditam
1307 839 1415 907 fac
1445 834 1627 907 mihi
1660 853 1869 902 mane
1902 826 2306 898 misericor·

1027 949 1222 1017 diam
1264 964 1491 1022 tuam,
1527 941 1698 1035 quia
1748 940 1817 1010 in
1876 957 1945 1009 te
1995 931 2297 1027 speravi.

938 1058 1207 1125 Notam
1238 1054 1343 1123 fac
1378 1052 1558 1122 mihi
1604 1051 1795 1120 viam
1837 1048 1905 1118 in
1959 1067 2100 1138 qua
2149 1063 2305 1113 am-

1025 1162 1294 1240 bulem,
1332 1160 1503 1253 quia
1532 1160 1621 1229 ad
1647 1177 1713 1228 te
1737 1154 1962 1226 levavi
1987 1152 2303 1222 animam

1025 1292 1287 1341 meam.

802 1402 868 1471 9.
930 1376 1147 1468 Eripe
1178 1398 1293 1446 rne
1333 1375 1422 1443 de
1452 1371 1768 1441 inimicis
1808 1368 2014 1444 meis,
2051 1363 2308 1435 Domi-

1030 1508 1144 1562 ne,
1178 1483 1267 1551 ad
1303 1500 1371 1549 te
1411 1478 1728 1569 confugi.

770 1618 874 1663 10.
931 1594 1121 1661 Doce
1154 1611 1269 1658 me
1309 1588 1541 1656 facere
1587 1584 2038 1654 voluntatem
2078 1598 2302 1661 tuam,

1025 1696 1193 1790 quia
1228 1697 1422 1766 Deus
1453 1715 1661 1764 meus
1692 1715 1768 1762 es
1798 1710 1899 1761 tu.

1094 2208 1189 2276 IN
1239 2202 1679 2275 PSALMUM
1730 2198 1968 2270 CXLII

1260 2441 1789 2495 Commius.

759 2778 792 2818 α
827 2749 1155 2821 Psalmus
1172 2744 1431 2826 David,
1465 2738 1743 2833 quando
1767 2730 2297 2827 persequebatur

988 2878 1141 2924 eum
1179 2851 1512 2929 Abs-alon,
1543 2848 1740 2937 filius
1768 2841 1960 2933 ejus¹
2006 2866 2068 2907 s.

416 3171 737 3236 ΡΜΡΜΜ
857 3204 890 3244 α
919 3178 1235 3257 Domine,
1286 3170 1546 3242 exaudi
1572 3168 1974 3237 orationem.
2001 3188 2035 3225 n
2057 3159 2182 3228 Hic
2203 3167 2304 3227 est

442 3232 709 3277 orationem

415 3292 466 3331 ‘⁸
511 3285 737 3343 ΜΨ
765 3284 1078 3354 Psalmus
1126 3281 1536 3351 centesimus
1582 3272 2144 3367 quadragesimus
2193 3286 2304 3333 se·-

441 3339 557 3385 uam
594 3350 710 3385 con·

521 3393 653 3450 fugit.

763 3392 1024 3463 cundus
1056 3392 1298 3458 inloto
1330 3385 1533 3462 libro,
1569 3384 1639 3450 in
1684 3379 1883 3448 tertia
1910 3401 2072 3445 vero
2113 3381 2302 3466 parte

763 3502 915 3570 libri
982 3496 1544 3591 quadragesimus
1595 3487 1953 3559 secunduS.
2023 3485 2141 3553 Est
2188 3505 2302 3550 au-

761 3619 898 3678 tem
964 3608 1139 3674 inter
1184 3601 1497 3671 Psalmos
1555 3592 2050 3690 poenitentiales
2091 3590 2304 3680 septi-

763 3737 939 3795 mus,
972 3722 1042 3781 et
1069 3712 1376 3779 ultimus.
1421 3706 1677 3775 Psalmi
1735 3705 1916 3772 enim
1972 3699 2302 3792 poeniten-

762 3821 957 3889 tiales
1019 3820 1088 3885 in
1127 3816 1244 3886 tali
1286 3835 1575 3884 numero
1622 3821 1805 3889 sunt,
1842 3809 2002 3899 quia
2039 3805 2123 3874 ad
2189 3804 2300 3872 de·

764 3925 1038 3995 lendum
1096 3924 1166 3991 in
1217 3923 1415 3990 nobis
1476 3927 1735 4010 septem
1794 3923 2064 4008 peccata
2147 3933 2302 3981 con·

757 4032 974 4101 stituti
1032 4039 1237 4098 sunt:
1275 4029 1384 4097 vel
1439 4026 1525 4095 ad
1580 4021 2127 4093 satisfaciendum
2176 4041 2299 4109 pro

758 4139 1017 4209 delictis
1055 4135 1611 4229 septem,quibus
1649 4130 2124 4223 obligamurin
2153 4149 2302 4217 sep-

830 4406 849 4442 ·
885 4401 1192 4459 Plusieurs
1220 4397 1584 4457 manuscrits
1604 4412 1795 4471 ὅπως,
1824 4393 2165 4468 reproduits
2191 4407 2300 4465 par

755 4496 814 4553 la
843 4491 1108 4566 vulgate,
1139 4490 1419 4564 ajoutent
1464 4504 1543 4545 au
1598 4503 1740 4543 nom
1764 4485 1837 4542 de
1869 4483 2048 4542 David
2076 4482 2177 4555 qui
2209 4486 2299 4538 est

753 4583 905 4640 dans
935 4581 990 4637 lc
1023 4580 1159 4636 titre
1190 4578 1416 4636 hebr-eu
1442 4593 1457 4633 :
1491 4575 1583 4630 δτι
1609 4572 1770 4629 αὑτὸν
1791 4563 2298 4645 ἐδίωκενιᾌὸεσσι·

756 4669 887 4741 λὼμ
916 4667 946 4722 ὁ
997 4665 1113 4727 διὸς
1159 4662 1345 4721 αὐτοῦ.
1398 4663 1666 4720 D'autres
1708 4662 1876 4719 n’ont
1920 4660 2302 4719 absolument

754 4772 950 4815 aucun
996 4754 1153 4810 titre.
1218 4753 1325 4809 Les
1384 4751 1743 4809 sentiments
1797 4747 1872 4805 de
1925 4748 2190 4804 tristesse
2240 4755 2300 4804 et

755 4846 1180 4903 d'abattement
1227 4842 1527 4915 exprimes
1573 4856 1682 4914 par
1729 4839 1783 4895 le
1825 4837 2133 4912 psalmista
2162 4843 2300 4894 sont

755 4938 894 4995 bien
920 4953 994 4994 en
1022 4940 1265 5008 rapport
1283 4949 1425 4991 avec
1454 4933 1513 4990 la
1553 4931 1965 4989 circonstauce
1999 4930 2296 4986 mention·

756 5032 887 5087 nee.
911 5031 1001 5087 Uu
1051 5026 1277 5084 certain
1325 5026 1579 5082 nombre
1610 5025 1914 5081 d'auteurs
1957 5023 2139 5079 tirent
2179 5038 2296 5079 une

755 5118 1051 5191 obJection
1111 5115 1190 5172 du
1248 5115 1552 5171 caractere
1614 5114 1808 5170 meme
1838 5112 1919 5168 du
1964 5111 2300 5174 textedont

758 5222 1009 5282 presque
1060 5209 1194 5261 tous
1238 5203 1329 5261 les
1377 5209 1601 5261 versets
1656 5219 1719 5259 se
1763 5206 2104 5259 retromeat
2148 5200 2296 5258 dans

757 5295 1012 5353 d'autres
1050 5309 1330 5366 psaumes
1357 5309 1437 5350 ou
1486 5290 1636 5348 dans
1664 5290 1972 5349 differents
2019 5307 2295 5366 passages

755 5383 917 5442 dela
944 5381 1144 5439 Sainte
1188 5382 1480 5440 Ecriture.
1514 5382 1771 5440 Petit-on
1808 5397 2062 5454 prouver
2088 5398 2197 5455 par
2237 5380 2296 5438 la

756 5489 872 5548 que
899 5471 956 5529 le
980 5487 1225 5544 psaume
1254 5471 1411 5528 n'est
1432 5470 1787 5529 reellement
1821 5485 1929 5545 pas
1957 5470 2031 5529 de
2070 5471 2248 5530 David
2267 5471 2297 5528 t

757 5560 1166 5619 Evidemment
1198 5573 1344 5615 non.
1374 5580 1404 5608 ιι
1434 5559 1591 5616 ‘rous
1620 5558 1710 5617 les
1732 5574 2013 5633 psaumcs
2040 5559 2145 5634 qui
2186 5562 2298 5618 ont

764 5672 791 5703 ι
816 5664 933 5705 une
951 5646 1391 5704 ressemhlance
1441 5662 1584 5703 avec
1613 5648 1855 5705 celui-ci
1892 5656 2029 5707 sont
2063 5648 2137 5705 dc
2179 5648 2293 5704 Da-

1761 336 1844 404 D.
1897 333 2096 402 ALB.
2149 330 2367 397 MAG.
2421 326 2627 396 ORD.
2685 327 2977 394 PRAED.

2603 496 2919 591 Spiritus
2986 515 3154 566 tuus
3206 498 3440 565 bonus
3489 494 3797 563 deducet
3845 514 3959 562 me

2690 608 2761 675 in
2796 625 3057 675 terram
3091 623 3379 674 rectam.

2431 738 2533 781 ιι.
2591 714 2897 803 Propter
2963 733 3222 782 nomen
3292 729 3530 792 tuum,
3622 706 3959 787 Domine,

2686 821 3077 891 vivificabis
3152 846 3267 893 me
3355 845 3369 887 :
3454 820 3526 889 in
3624 815 3961 908 aequitate

2680 942 2828 1009 tua,

2598 1032 2881 1102 Educes
2948 1032 3036 1101 de
3102 1032 3565 1102 tribulatione
3640 1029 3960 1099 animam

2684 1163 2920 1212 meam
2958 1164 2973 1207 ε
3219 1149 3224 1154 ’

2427 1275 2534 1321 12.
2592 1251 2685 1319 Et
2732 1249 2806 1318 in
2851 1248 3343 1318 misericordia
3403 1265 3525 1314 tua
3574 1243 3951 1335 disperdes

2687 1356 3020 1427 inimicos
3042 1379 3269 1439 meos,

2600 1468 2694 1536 Et
2768 1465 3023 1556 perdes
3088 1485 3341 1534 omnes
3415 1461 3539 1552 qui
3612 1458 3961 1529 tribulant

2686 1572 3003 1642 animam
3071 1592 3330 1645 meam,
3413 1567 3760 1659 quoniam
3828 1587 3959 1655 ego

2687 1700 2936 1748 servus
2974 1694 3145 1746 tuus
3176 1698 3364 1745 sum.

2392 2099 2549 2158 tem
2618 2088 2881 2170 diebus,
2926 2086 3172 2176 quibus
3219 2087 3431 2155 currit
3465 2093 3689 2153 totum
3750 2083 3957 2173 hujus

2416 2196 2652 2266 mundi
2682 2205 2976 2285 tempuS.

2504 2306 2580 2373 Si
2635 2312 2863 2372 autem
2912 2314 3255 2394 quaeratur
3303 2305 3389 2373 ab
3432 2304 3689 2394 aliquo,
3745 2326 3957 2396 quare

2412 2414 2482 2482 hi
2520 2413 2778 2482 Psalmi
2810 2411 3028 2502 magis
3051 2411 3556 2503 poenitentiales
3600 2411 3956 2503 appellan-

2398 2533 2514 2591 tur
2550 2543 2765 2612 quam
2796 2519 2911 2587 alii
2942 2519 2979 2587 ?
3007 2518 3242 2588 Potest
3280 2520 3437 2600 dici,
3484 2518 3668 2610 quod
3696 2519 3770 2587 in
3800 2541 3954 2609 poe-

2402 2629 2688 2699 nitentia
2724 2636 2885 2695 sunt
2912 2625 3072 2705 duo,
3115 2626 3370 2696 scilicet
3403 2649 3582 2717 spes,
3616 2635 3686 2695 et
3715 2628 3947 2706 timor,

2403 2740 2581 2806 inter
2618 2757 2771 2827 quae
2803 2732 2965 2806 duo.
2998 2741 3350 2826 tamquam
3384 2735 3562 2801 inter
3589 2733 3759 2802 duas
3798 2756 3953 2802 mo-

2402 2833 2509 2912 las
2540 2841 2820 2910 molitur
2854 2850 3193 2932 peccator,
3235 2850 3300 2909 et
3339 2842 3735 2911 conteritur.
3771 2839 3949 2920 Quia

2407 2974 2571 3042 ergo
2620 2951 2691 3018 in
2739 2949 3132 3038 hujusmodi
3185 2949 3477 3018 Psalmis
3519 2950 3954 3041 praemittun-

2409 3070 2521 3129 tur
2548 3059 2768 3127 tristia
2805 3058 3238 3150 procedentia
3275 3083 3360 3127 ex
3388 3061 3662 3139 timore,
3697 3061 3766 3127 in
3818 3059 3952 3127 fine

2409 3188 2576 3236 vero
2642 3166 3150 3256 subjunguntur
3205 3166 3357 3235 laeta
3405 3164 3844 3256 procedentia
3872 3188 3957 3234 ex

2412 3282 2596 3343 certa
2651 3295 2792 3364 spe.
2867 3280 3043 3341 recte
3109 3273 3383 3342 Psalmi
3441 3273 3953 3364 poenitentiales

2412 3377 2863 3469 appellantur.

2498 3597 2764 3667 Titulus
2828 3606 3056 3667 autem
3114 3601 3333 3688 magis
3381 3600 3658 3691 respicit
3697 3599 3784 3668 ad
3816 3598 3962 3691 pri-

2413 3728 2600 3775 mam
2649 3714 2951 3797 partem:
3004 3706 3330 3807 sicvenim
3372 3703 3617 3774 habet:
3685 3735 3716 3769 α
3751 3706 3964 3775 Psal-

2410 3835 2563 3881 mus
2616 3812 2877 3893 David,
2908 3812 3182 3903 quando
3230 3813 3769 3906 persequebatur
3805 3836 3961 3881 eum

2410 3921 2743 3997 Absalon,
2762 3920 2960 4009 filius
2977 3920 3153 4011 ejus.
3184 3947 3217 3984 ι
3242 3920 3327 3989 Et
3351 3930 3455 3990 est
3471 3944 3715 3990 sensus
3743 3920 3955 3990 tituli:

2416 4058 2450 4093 «
2475 4028 2806 4098 Psalmus
2832 4054 2862 4089 ι
2895 4025 3261 4118 subjectus,
3285 4036 3387 4097 est
3410 4054 3446 4095 a
3476 4028 3736 4106 David,
3766 4056 3799 4091 ω
3822 4050 3963 4095 ma-

2413 4135 2666 4204 terialis
2695 4142 2772 4202 ut
2802 4135 3093 4203 ministri
3123 4157 3165 4203 a
3197 4134 3457 4226 Spiritu
3481 4144 3719 4206 sancto
3760 4135 3956 4214 moti,

2409 4419 2439 4447 κ
2469 4396 2589 4454 vid.
2619 4395 2934 4454 Commeat
2972 4396 3128 4456 donc
3173 4403 3431 4473 peut-on
3473 4398 3670 4456 saveir
3695 4413 3815 4470 que
3861 4414 3961 4454 ce·

2408 4510 2438 4538 «ι
2470 4486 2643 4544 lui-ci
2674 4486 2810 4544 leur
2831 4493 2923 4545 est
2950 4487 3256 4545 anterieur
3282 4487 3477 4562 plutot
3514 4504 3633 4560 que
3689 4494 3960 4546 contem-

2410 4600 2437 4626 «
2463 4577 2699 4650 poraiu,
2742 4594 2819 4633 ou
2864 4575 3003 4634 bien
3054 4594 3195 4651 que,
3248 4577 3329 4635 tel
3376 4576 3676 4651 qu'il·est,
3725 4577 3770 4635 il
3806 4577 3960 4635 n'est

2406 4688 2436 4716 κ
2464 4667 2744 4739 compos&
2773 4682 2891 4739 que
2921 4665 3292 4741 d'empruuts
3309 4668 3507 4725 ?Tout
3533 4682 3610 4724 au
3635 4668 3955 4738 contraire,

2409 4776 2439 4804 ιι
2471 4770 2539 4811 sa
2593 4753 3034 4813 ressemblance
3080 4772 3221 4814 avec
3275 4756 3364 4813 les
3407 4762 3632 4828 autres,
3663 4774 3820 4831 pour
3855 4757 3955 4831 qui

2406 4868 2434 4895 «ι
2468 4845 2566 4902 n'a
2593 4845 2773 4920 egard
2811 4845 2849 4902 a
2880 4861 3110 4905 aucune
3159 4847 3387 4905 theorie
3443 4848 3804 4923 preconcue.
3867 4851 3958 4906 est

2406 4957 2436 4985 κ
2469 4951 2552 4991 un
2583 4933 2775 4991 solide
2804 4942 3117 5009 argument
3139 4952 3212 4992 en
3243 4935 3447 4993 saveur
3472 4935 3554 4993 du
3585 4938 3753 4995 titre:
3778 4937 3956 4994 David

2412 5045 2433 5071 ι
2469 5021 2784 5095 s'exprime
2844 5022 3309 5080 naturellement
3379 5023 3689 5082 lui-meme
3747 5024 3822 5082 de
3899 5024 3958 5081 la

2404 5132 2434 5160 κ
2469 5111 2666 5166 meme
2714 5110 2981 5167 muniere
3036 5127 3153 5184 que
3191 5110 3343 5170 dans
3383 5128 3482 5170 ses
3524 5120 3729 5172 autres
3778 5129 3955 5187 psau-

2404 5223 2433 5251 α
2475 5217 2625 5258 mes.
2661 5221 2691 5251 κ
2721 5199 3028 5270 Jennings.

2471 5290 2550 5346 Ce
2575 5305 2821 5363 psaume
2843 5294 2936 5345 est
2961 5288 3016 5347 le
3060 5290 3350 5365 septieme
3377 5292 3485 5350 des
3514 5292 3951 5365 penitentiaux.

2402 5382 2489 5436 Au
2533 5395 2675 5437 sens
2713 5378 3009 5452 spirituel‚
3050 5402 3081 5432 ιι
3113 5383 3435 5457 prophetat
3493 5382 3674 5440 David
3721 5384 3951 5458 passio·

2410 5488 2436 5521 s
2468 5467 2650 5524 nibus
2684 5466 2810 5524 suis
2838 5464 3169 5529 dominicas
3206 5469 3542 5544 passiones.
3574 5491 3606 5522 n
3646 5470 3704 5529 S.
3729 5472 3914 5530 Hilar.

3404 5651 3474 5709 fl.
3504 5653 3767 5713 Lacerat.

3983 2312 4228 2414 vui-⁴53³

4019 2422 4213 2465 niseum
4254 2434 4280 2464 s

3981 2475 4314 2573 effesani-eruan-
