5008 6329
783 181 909 247 528

875 373 908 409 α
956 347 1093 432 Qui
1129 347 1524 415 annuntiat.
1573 375 1605 409 »
1637 347 1765 417 Hic
1802 349 2108 439 tangitur
2136 369 2334 438 quar-

782 461 928 521 tum
958 453 1363 523 beneficium
1396 456 1718 525 militanti
1777 455 2091 526 Ecclesiae
2134 454 2332 524 exhi-

780 564 1022 645 bitum,
1057 565 1314 636 scilicet
1351 569 1767 659 judiciorum
1809 569 1932 636 Dei
1975 567 2325 635 revelatio.

775 672 1009 742 Primo
1058 696 1220 767 ergo
1288 677 1670 745 ostenditur
1723 675 2163 743 beneficium.
2202 672 2356 740 Se-‘

771 783 1019 863 cundo,
1063 794 1416 852 ostensum
1473 782 1845 859 extollitur,
1889 782 2006 858 ibi,
2059 789 2122 858 ὴ.
2176 781 2261 847 20
2306 801 2323 846 :

775 919 807 955 α
841 893 992 962 Νοη
1020 893 1186 983 fecit
1214 892 1476 960 taliter.
1523 918 1559 956 ιο

854 998 933 1065 In
960 998 1183 1087 prima
1212 997 1532 1066 dicuntur
1562 997 1726 1067 duo.
1771 998 2038 1084 Primo,
2082 995 2327 1066 verbo·

767 1127 918 1172 rum
994 1106 1448 1175 annuntiatio.
1547 1106 1890 1189 Secundo,
1987 1107 2323 1197 expositio

767 1231 1087 1301 quorum,
1138 1211 1394 1283 scilicet
1432 1214 1878 1306 judiciorum,
1916 1222 1982 1284 et
2012 1215 2319 1304 justitiae,

764 1316 880 1397 ibi,
921 1347 954 1383 «
990 1321 1344 1390 Iustitia&
1378 1350 1418 1385 ³>

849 1427 967 1494 Ait
1022 1451 1187 1520 ergo
1244 1451 1259 1496 t
1318 1429 1433 1498 Sic
1473 1419 1825 1520 praemissa
1876 1430 2033 1498 fecit
2071 1430 2323 1498 beneti-

763 1534 892 1617 cia,
935 1543 1002 1602 et
1056 1537 1268 1603 etiam
1320 1539 1464 1626 ipse
1513 1544 1638 1615 est,
1697 1567 1729 1600 «
1778 1539 1902 1629 qui
1947 1538 2321 1605 annuntiat

762 1640 1041 1710 verbum
1069 1664 1277 1712 suum
1303 1643 1546 1729 Jacob,
1585 1669 1617 1710 ι»
1636 1646 1874 1734 junior
1901 1640 2159 1714 scilicet
2185 1668 2319 1735 po-

762 1750 963 1839 pulus
1004 1750 1575 1821 Christianorum.
1639 1752 1771 1821 lsa.
1833 1777 1929 1840 1x,
1991 1755 2032 1822 8
2086 1778 2102 1823 :
2176 1756 2321 1822 Ver·

766 1856 927 1924 bum
974 1860 1166 1928 misit
1200 1851 1546 1930 Dominus
1605 1864 1674 1929 in
1715 1861 1956 1934 Jacob.
2021 1862 2313 1945 Baruch,

771 1986 868 2046 ιιι,
912 1965 996 2033 37
1042 1988 1060 2037 ε
1102 1968 1237 2035 Hic
1262 1967 1619 2037 adinvenit
1647 1991 1916 2038 omnem
1969 1971 2155 2037 viam
2210 1969 2319 2038 di·

759 2071 1094 2162 sciplinae,
1154 2084 1220 2142 et
1257 2074 1552 2142 tradidi!
1607 2075 1815 2144 illam
1863 2074 2079 2145 Jacob
2101 2099 2317 2168 puero

760 2201 910 2251 suo.
968 2180 1274 2251 Verbum
1321 2185 1525 2251 etiam
1579 2185 2005 2252 incarnatum
2056 2207 2322 2253 annun-

764 2290 958 2358 tiavit
994 2313 1115 2381 per
1169 2290 1474 2383 Angelos
1529 2291 1767 2377 Jacob,
1817 2291 2072 2362 scilicet
2124 2292 2320 2362 labo-

765 2397 1069 2466 rantibus
1100 2397 1487 2489 pastoribus
1528 2408 1595 2468 et
1639 2395 2106 2491 vigilantibus.
2152 2401 2312 2470 Luc.

764 2528 836 2587 ιι,
890 2505 972 2574 10
1007 2527 1025 2572 2
1059 2507 1235 2574 Ecce
1288 2505 1681 2596 evanqclizo
1739 2507 1928 2576 vobis
1972 2510 2316 2599 qaudium

763 2634 1122 2703 maqmcm.
2000 2614 2006 2619 ’

854 2747 887 2784 α
926 2722 1275 2790 ,Ius-litias.
1317 2749 1350 2784 »
1381 2720 1512 2789 llic
1541 2718 1941 2792 secundum.
1979 2724 2191 2805 Quasi
2222 2726 2318 2795 di-

764 2834 941 2896 ceret
974 2849 989 2894 :
1026 2826 1142 2897 Sic
1186 2828 1550 2899 annuntiat
1578 2830 1864 2900 verbum
1920 2833 1952 2899 ε’
1987 2832 2172 2923 quod
2216 2842 2320 2903 est

760 2933 928 3002 illud
984 2934 1329 3004 verbum?
1364 2936 1694 3005 lus-litias
1735 2959 1924 3019 suas,
1980 2962 2013 3005 ι
2070 2939 2318 3031 quibus

761 3041 1082 3112 discernit
1119 3051 1187 3112 et
1227 3042 1450 3112 bonos
1489 3053 1557 3113 et
1586 3044 1831 3126 malos,
1879 3070 1913 3113 α
1945 3055 2010 3114 et
2031 3046 2318 3138 judicia

757 3173 913 3234 sua,
950 3179 983 3215 υ
1017 3174 1103 3221 ex
1133 3150 1266 3220 illis
1295 3152 1585 3241 justitiis
1631 3152 2095 3244 procedentia,
2137 3183 2172 3220 α
2221 3154 2320 3225 Is-

759 3256 932 3338 rael,
995 3285 1027 3325 »
1083 3258 1338 3351 populo
1380 3258 1564 3330 fideli
1622 3267 1692 3328 et
1745 3259 1970 3331 Deum
2025 3261 2311 3333 videnti.

759 3359 1145 3454 Intelligere
1184 3363 1370 3432 enim
1402 3385 1522 3433 eos
1561 3363 1720 3433 l'acit
1773 3364 1943 3435 illud
1981 3366 2312 3437 Proverh.

756 3490 896 3548 xvi,
935 3469 1010 3537 11
1060 3493 1077 3538 ε
1119 3470 1407 3540 Pondus
1459 3481 1524 3540 et
1559 3481 1820 3542 statera
1854 3472 2143 3566 judicia
2167 3480 2320 3546 Do-

757 3580 933 3648 mini
983 3589 1170 3649 sunt.
1216 3579 1414 3651 Unde
1461 3580 1698 3652 dicunt
1761 3581 1933 3653 illud
1970 3585 2314 3677 Apostoli,

758 3686 843 3756 ad
891 3687 1185 3756 Roman.
1237 3711 1312 3773 ιι,
1355 3689 1395 3757 6
1431 3689 1747 3760 :Reddet
1798 3692 2174 3784 unicuique
2205 3717 2318 3763 se-

755 3796 1058 3865 cundum
1088 3818 1294 3889 opera
1332 3818 1487 3865 sua.
1534 3795 1708 3876 lmo,
1743 3797 1904 3868 facit
1942 3801 2151 3870 etiam
2197 3824 2316 3872 eos

758 3903 1161 3997 intelligere,
1194 3904 1380 3998 quod
1409 3904 1652 3998 aflligit
1679 3905 1903 3978 bonos
1932 3909 2317 3981 etiam'sine

759 4011 985 4104 culpa,
1044 4022 1121 4082 ut
1171 4023 1553 4105 augeantur
1601 4037 1842 4086 eorum
1890 4020 2156 4090 merita.
2197 4019 2319 4090 Je-

1809 178 1892 244 D.
1946 175 2144 242 ALB.
2199 172 2409 241 MAG.
2470 172 2675 242 ORD.
2730 173 3020 241 PRAED.

2446 366 2613 413 rem.
2659 367 2840 424 xux,
2880 346 2958 411 12
2994 367 3008 412 ε
3044 347 3216 410 Ecce
3252 345 3503 434 quibus
3530 370 3663 414 non
3687 359 3834 416 erat
3861 349 3986 440 ju-

2442 452 2707 519 dicium
2743 462 2818 520 ιιι
2851 451 3147 520 biberent
3184 451 3488 531 calicem,
3546 453 3841 521 bibentes
3887 456 3985 523 bi-

2443 557 2618 628 bent.
2690 558 2816 626 Isa.
2877 583 3016 639 x1x,
3083 561 3159 626 17
3226 583 3242 628 ε
3292 560 3453 627 Erit
3526 569 3709 627 terra
3789 563 3977 631 luda

2440 668 2775 757 AEqypto-
2820 691 2886 734 m
2937 693 3285 770 pacarent.

2526 1025 2559 1061 α
2592 999 2740 1066 Νοη
2768 998 2932 1086 fecit
2971 996 3218 1064 taliter.
3270 1021 3304 1062 n
3339 996 3467 1065 Hic
3496 996 3828 1064 attollitur
3854 995 3970 1064 he·

2432 1102 2772 1185 neficium,
2815 1104 2972 1193 quia
3009 1103 3122 1170 alii
3165 1104 3249 1171 ab
3306 1101 3422 1171 illo
3463 1111 3622 1171 sunt
3677 1101 3962 1171 exclusi.

2434 1212 2586 1279 Duo
2644 1234 2803 1302 ergo
2861 1211 3194 1279 dicuntur.
3265 1211 3526 1293 Primo,
3586 1210 3773 1303 quod
3846 1210 3961 1278 alii

2431 1331 2584 1390 sunt
2614 1320 2864 1388 exclusi
2894 1343 2934 1388 a
2970 1319 3321 1390 beneflcio.
3368 1319 3710 1399 Secund0,
3744 1320 3967 1409 speci-

2432 1432 2668 1499 ficatur
2713 1454 2747 1498 a
2798 1453 2957 1521 quo,
3004 1430 3123 1509 ibi,
3170 1456 3203 1497 ι
3248 1432 3347 1499 Et
3381 1428 3662 1520 judicia
3715 1450 3870 1495 sua.
3928 1452 3962 1492 ιι

2518 1539 2632 1606 Ait
2671 1561 2830 1630 ergo
2875 1561 2890 1607 :
2938 1536 3051 1606 Sic
3109 1537 3434 1607 revelavit
3476 1537 3717 1617 Jacob,
3751 1545 3818 1605 et
3863 1536 3967 1603 ls-

2431 1644 2568 1712 rael
2606 1642 2747 1711 haec
2776 1642 3121 1723 beneficia,
3153 1643 3272 1712 sed
3302 1669 3337 1709 α
3370 1666 3508 1712 non
3534 1643 3700 1733 lecit
3729 1641 3967 1710 taliter

2429 1752 2617 1818 omni
2679 1751 2967 1828 nationi,
3019 1778 3049 1813 n
3111 1753 3284 1819 sicut
3315 1748 3553 1829 Jacob,
3611 1758 3680 1819 et
3731 1746 3963 1832 Israel,

2428 1880 2600 1952 quos
2639 1857 2939 1926 redemit.
2985 1855 3044 1924 ΙΙ
3086 1858 3251 1949 Reg.
3284 1880 3405 1941 vn,
3456 1857 3540 1926 23
3578 1880 3594 1925 ε
3632 1859 3798 1943 Quae
3845 1867 3963 1935 est,

2429 1978 2506 2035 ut
2541 1966 2843 2058 populus
2881 1975 3040 2035 tuus
3099 1966 3342 2046 Israel,
3399 1987 3567 2059 qens
3619 1966 3691 2034 in
3751 1976 3959 2047 terra,

2421 2076 2702 2167 propter
2783 2097 2990 2166 quam
3058 2075 3181 2143 ivit
3235 2077 3420 2144 Deus
3478 2084 3555 2142 ut
3611 2073 3969 2144 redimeret

2430 2205 2580 2250 eam
2616 2181 2749 2249 sibi
2786 2185 2854 2250 in
2902 2182 3265 2274 populum,
3324 2192 3484 2263 etc.,
3532 2190 3598 2251 et
3652 2181 3966 2275 redemp-

2429 2301 2568 2360 tam
2608 2294 2985 2360 instruerct.
3047 2292 3322 2363 Deuter.
3375 2315 3468 2379 w,
3510 2294 3551 2361 8
3593 2314 3610 2360 ε
3660 2295 3826 2379 Quae
3871 2303 3968 2362 est

2429 2401 2577 2469 alia
2613 2423 2774 2490 qens
2801 2401 2900 2468 sic
2936 2401 3220 2491 inclyta,
3266 2410 3341 2469 ut
3366 2399 3617 2470 habeat
3644 2423 3963 2470 caeremo-

2426 2511 2603 2588 nias,
2633 2509 2968 2601 justaque
2993 2509 3297 2599 judicia,
3334 2511 3518 2578 etc.?

2517 2613 2711 2683 Unde
2742 2613 3188 2706 specificando
3227 2613 3457 2682 subdit
3498 2636 3515 2686 t

2531 2748 2561 2785 α
2589 2721 2682 2788 E!
2707 2720 2985 2811 judicia
3022 2744 3173 2800 sua,
3206 2748 3236 2785 n
3289 2743 3440 2812 quae
3465 2720 3633 2790 'facit
3665 2724 3734 2791 in
3762 2720 3964 2790 bonis

2428 2835 2493 2896 et
2524 2827 2744 2906 malis,
2780 2855 2814 2891 κ
2846 2851 2981 2895 non
3027 2829 3497 2918 „nanifestavit
3544 2830 3663 2913 eis,
3706 2857 3739 2891 ιι
3793 2831 3966 2897 sicut

2429 2933 2684 3027 populo
2728 2933 2885 3004 huic
2927 2935 3055 3003 sibi
3093 2935 3392 3028 speciali.
3444 2934 3722 3006 Deuter.
3771 2958 3959 3018 xxvi,

2433 3042 2514 3109 18
2555 3062 2573 3109 ε
2618 3042 2727 3109 En
2746 3040 3084 3108 Dominus
3110 3044 3299 3110 Deus
3325 3050 3489 3111 tuus
3524 3040 3733 3133 eleqit
3767 3050 3857 3123 te,
3891 3050 3968 3109 ut

2423 3149 2520 3218 sis
2547 3149 2610 3217 ei
2629 3146 2932 3241 populus
2953 3146 3351 3241 peculiaris.
3389 3147 3476 3218 Et
3513 3147 3673 3220 huic
3702 3148 3966 3220 revela-

2427 3258 2551 3337 vit,
2595 3256 2864 3325 Dcuter.
2922 3279 3039 3334 xu,
3078 3258 3107 3325 1
3163 3278 3179 3324 ε
3220 3258 3381 3326 Iloec
3423 3266 3588 3325 sune
3623 3266 3965 3351 praecepta

2426 3374 2633 3456 atque
2681 3360 2985 3453 judicia,
3046 3387 3199 3455 quae
3230 3365 3459 3454 lacere
3494 3363 3750 3434 debetis
3807 3388 3830 3434 .·
3878 3365 3964 3435 ad

2426 3471 2559 3542 boc
2603 3471 2780 3541 enim
2822 3470 3118 3540 revelata
3166 3480 3346 3543 sunt.
3406 3471 3702 3558 Baruch,
3737 3495 3832 3556 w,
3865 3475 3906 3542 4
3941 3497 3959 3544 ε

2428 3584 2627 3651 Beati
2659 3605 2918 3665 sumus,
2967 3583 3207 3662 lsrael,
3259 3583 3589 3676 quoniam
3629 3607 3783 3677 que
3818 3587 3965 3655 Deo

2417 3690 2716 3784 placent,
2758 3691 3126 3781 manifesta
3152 3702 3315 3760 sunt
3340 3691 3559 3775 nobis,
3601 3701 3677 3762 ut
3706 3692 3823 3763 illa
3858 3694 3965 3765 l'a-

2423 3805 2677 3872 cicntes
2701 3799 3165 3870 beatificemur
3199 3800 3269 3869 in
3297 3798 3541 3893 gloria,
3584 3802 3733 3893 ipso
3801 3825 3966 3895 prae·

2423 3918 2642 3980 stante
2670 3909 2785 4002 qui
2814 3917 2914 3978 est
2940 3907 3333 3978 benedictus
3349 3931 3474 4002 per
3501 3910 3736 3980 omnia
3757 3934 3965 3982 saecu·

2424 4019 2490 4089 la
2526 4018 2949 4090 saeculorum.
2977 4018 3223 4089 Amen.

1909 4579 2377 4658 PSALMUS
2425 4581 2828 4658 CXLVIII.

1425 4912 1710 4986 Invitat
1736 4937 1977 4988 omnes
2021 4927 2401 4989 creaturas
2436 4916 2537 4990 ad
2573 4915 3001 4992 laudandum
3037 4919 3289 4993 Deum.

811 5315 836 5363 1
853 5343 871 5362 .
923 5293 1264 5367 Alleluia.

937 5401 1784 5499 Laudateleominum,
1854 5409 1945 5481 de
2010 5408 2215 5480 coelis
2284 5431 2304 5480 ε

1022 5512 1311 5583 laudate
1351 5536 1519 5585 eum
1552 5514 1627 5587 in
1668 5516 1993 5590 excelsis.

2461 5324 2530 5376 2.
2584 5302 2905 5377 Laudate
2934 5324 3127 5387 eum,
3159 5325 3416 5377 omnes
3447 5305 3686 5400 angeli
3727 5308 3885 5400 ejus
3932 5358 3951 5379 .

2680 5410 2966 5484 laudate
3036 5433 3229 5492 eum,
3318 5433 3574 5484 omnes
3648 5413 3955 5488 virtutes

2680 5541 2859 5610 ejus.
