5008 6329
420 2517 552 2580 55

678 285 804 351 270

677 455 972 523 cundum
1018 454 1191 521 illud
1221 452 1442 528 Pauli,
1477 451 1537 517 ll
1572 453 1656 518 ad
1682 450 1983 521 Timoth.
2016 476 2111 533 vl,
2148 453 2230 519 8:

675 563 1017 631 Habentes
1047 562 1411 640 alimenta,
1462 570 1523 627 et
1581 559 1833 650 quibus
1888 570 2230 651 teqamur,

673 670 779 759 llis
831 669 1138 737 contenti
1191 667 1431 734 simus.
1496 665 1674 746 Quia
1712 666 1915 734 fortia
1981 664 2235 733 calcea-

677 786 905 845 menta
934 777 1068 842 sihi
1107 784 1509 864 procurant:
1563 783 1957 842 sanctorum
2000 795 2231 840 exem-

673 885 784 975 pla
843 884 927 951 ad
979 883 1432 950 muniendum
1486 881 1793 949 affectus,
1837 879 2094 947 Jerem.
2159 903 2232 963 11,

673 994 807 1059 25:
865 989 1175 1059 Prohibe
1221 990 1464 1081 pedem
1523 1000 1723 1055 tuum
1778 1010 1822 1054 a
1885 988 2227 1055 nudilate.

672 1099 890 1167 Exod.
935 1122 1062 1177 xu,
1105 1101 1179 1164 11
1213 1120 1228 1164 :
1267 1096 1746 1165 Calceamenta
1781 1094 2120 1163 habebitis
2159 1098 2232 1164 in

664 1205 978 1297 pedibus.
1054 1204 1233 1282 Quia
1271 1201 1575 1292 quotidie
1616 1209 2020 1292 computant
2074 1224 2231 1270 cum

671 1316 932 1404 seipsis,
968 1311 1268 1403 qualiter
1313 1308 1704 1400 expendunt
1749 1311 1963 1377 vitam
2007 1333 2229 1395 suam,

669 1420 849 1488 Psal.
885 1441 1120 1500 mxxvi,
1157 1419 1195 1485 7
1226 1439 1242 1485 :
1274 1417 1655 1486 Meditatus
1679 1439 1837 1486 sum
1855 1427 2049 1484 nocte
2075 1440 2228 1486 eum

669 1527 867 1596 corde
916 1549 1096 1594 meo,
1172 1523 1347 1604 Quia
1401 1524 1600 1593 bonis
1658 1547 1730 1593 se
1778 1525 2103 1615 jungunt,
2170 1533 2236 1592 et

669 1634 848 1702 mala
903 1632 1257 1703 consortia
1319 1629 1714 1710 abhorrent,
1799 1628 1911 1698 vel
1965 1630 2237 1720 fugiunt

672 1754 1003 1838 quantum
1047 1751 1361 1834 possunt,
1412 1741 1620 1809 Eccli.
1654 1763 1873 1819 xxvn,
1929 1740 2061 1809 10:
2117 1742 2236 1809 Vo-

671 1855 905 1923 latilia
1001 1851 1105 1918 ad
1160 1849 1298 1917 sibi
1366 1849 1633 1917 similia
1699 1858 2228 1940 conqreqanlur.

670 1962 846 2044 Quia
890 1962 974 2030 de
1006 1962 1124 2026 via
1154 1958 1515 2048 diligenter
1563 1958 1943 2048 inquirunt,
1995 1957 2235 2025 dicen-

667 2077 770 2138 tes
799 2068 970 2139 illud
1001 2063 1191 2135 l'sal.
1234 2088 1431 2143 axau,
1476 2066 1559 2133 8:
1602 2066 1859 2135 Nolam
1895 2068 2016 2154 sac
2062 2066 2236 2132 milii

669 2178 852 2246 viam
883 2178 957 2243 in
987 2197 1135 2267 qua
1167 2171 1539 2241 ambulem.

764 2495 1101 2563 «Memor
1134 2490 1252 2580 sui
1304 2498 1515 2556 nocte.
1565 2512 1597 2553 s
1648 2485 1780 2556 llic
1826 2495 1927 2556 est
1989 2496 2231 2578 quarta

669 2625 845 2694 pars,
892 2611 958 2670 et
1005 2599 1255 2667 ultima
1302 2596 1506 2684 hujus
1562 2596 1922 2680 octonarii,
1968 2595 2038 2664 in
2095 2618 2230 2688 qua

666 2708 958 2778 ostendit
1006 2731 1084 2774 se
1139 2703 1567 2773 consolatum
1622 2702 1815 2793 vigili
1873 2703 2223 2771 oratione:

664 2825 732 2885 et
785 2823 1171 2908 tanguntur
1216 2813 1365 2879 tria.
1437 2810 1700 2889 Primo,
1759 2808 1930 2901 vigil
1978 2811 2224 2879 oratio,

665 2925 1010 3000 Secundo,
1059 2924 1319 2991 fructus
1357 2944 1649 3012 sequens
1678 2943 1764 2988 ex
1803 2919 1920 2988 illa
1960 2919 2224 3011 vigilia,

661 3032 780 3113 ibi,
849 3062 881 3096 α
931 3034 1029 3099 ΕΙ
1059 3028 1424 3096 custodivi.
1458 3052 1492 3093 ι
1547 3027 1802 3112 Terti0‚
1854 3028 2228 3095 necessitas

662 3139 989 3234 vigilandi
1083 3138 1157 3206 in
1233 3137 1568 3217 oratione,
1631 3135 1776 3202 sive
1825 3154 2056 3219 causa,
2100 3133 2221 3216 ibi,

662 3255 727 3326 ἰ.
768 3250 895 3317 56:
944 3275 979 3311 α
1013 3246 1184 3316 llaec
1216 3245 1411 3334 sacla
1442 3252 1540 3310 est
1561 3240 1759 3309 milei.
1793 3269 1826 3303 ι

748 3355 925 3425 Dicit
954 3374 1174 3442 ergo:
1222 3351 1336 3418 Sic
1363 3348 1770 3426 consolatio,
1813 3359 1881 3417 et
1917 3349 2228 3418 consola·

661 3463 826 3532 tioni
861 3461 1144 3530 fuerunt
1194 3455 1361 3524 mihi
1392 3457 1918 3547 justificationes
1964 3464 2123 3541 tuae,
2158 3467 2225 3526 et

659 3571 866 3640 etiam
899 3594 934 3636 ι
980 3588 1251 3634 mernor
1276 3566 1392 3654 sui
1434 3574 1648 3642 nocte,
1685 3590 1722 3627 ι
1773 3563 2107 3633 materiali
2138 3566 2224 3634 ad

655 3677 977 3747 litteram.
1041 3673 1125 3742 ln
1203 3670 1383 3741 l'sal.
1457 3693 1616 3749 an,
1686 3671 1753 3749 7,
1806 3694 2061 3763 supra:
2143 3675 2226 3743 Si

656 3806 912 3852 memor
936 3784 1058 3874 sui
1109 3781 1219 3847 tui
1261 3788 1793 3871 superstratum
1851 3799 2108 3861 meum,
2152 3782 2221 3849 in

655 3892 1022 3961 matutinis
1056 3885 1444 3954 meditabor
1471 3886 1542 3954 in
1573 3895 1659 3953 te.
1692 3883 1944 3955 Thren.
1981 3909 2054 3968 n,
2094 3889 2217 3958 w:

659 4004 1035 4093 Consurqe,
1115 3995 1337 4065 lauda
1396 3997 1466 4064 in
1533 4006 1727 4063 nocte
1764 3997 1836 4064 in
1875 3999 2223 4090 principio

654 4108 1095 4200 viqiliarum.
1157 4100 1312 4180 vel,
1364 4101 1433 4170 in
1498 4110 1697 4171 nocte
1763 4102 2216 4173 adversitatis.

656 4218 788 4290 Isa.
819 4240 1016 4293 xxvi,
1058 4218 1151 4281 9:
1190 4212 1447 4282 Anima
1494 4234 1644 4280 mea
1691 4211 2107 4284 desideravit
2160 4225 2226 4284 te

657 4329 726 4398 in
777 4337 995 4396 noete.
1041 4322 1155 4398 Et,
1200 4320 1399 4399 inl'ra,
1448 4329 1513 4398 Ἰ.
1581 4322 1716 4391 ¹6:
1773 4325 2097 4406 Domine,
2150 4326 2220 4395 in

582 4462 595 4474 ·
654 4433 985 4526 anqustia
1063 4429 1527 4521 requisierunt
1599 4438 1686 4497 te.
1752 4428 1946 4500 Tunc
2036 4431 2221 4499 enim

654 4566 811 4614 cum
865 4538 1322 4612 adversitates
1377 4544 1688 4628 surgunt,
1750 4539 1898 4609 Deo
1936 4549 2223 4610 cantan-

655 4650 843 4720 dum.
881 4648 1055 4727 Job,
1085 4667 1301 4723 xxxv,
1346 4645 1427 4714 10
1461 4667 1478 4713 ε
1517 4645 1656 4730 Qui
1691 4645 1884 4715 dedit
1908 4651 2222 4718 earmina

654 4761 729 4828 in
764 4768 982 4837 noete,
1025 4753 1342 4823 laetitiam
1374 4753 1442 4820 in
1471 4751 1935 4825 tribulatione.

746 5000 781 5041 ι
850 4976 946 5043 ΕΙ
1029 4968 1402 5038 custodivi.
1464 4992 1498 5033 ι
1586 4965 1759 5037 Ecce
1815 4969 2216 5041 secundum.

655 5085 864 5166 Quasi
912 5083 1220 5153 diceret:
1265 5077 1380 5147 Sic
1418 5078 1487 5147 in
1519 5087 1717 5147 nocte
1745 5080 1964 5164 oravi,
2001 5106 2036 5148 ι
2077 5090 2142 5150 et
2182 5106 2217 5150 s

654 5190 783 5261 hoc
811 5189 1026 5261 modo
1069 5213 1104 5250 ι
1132 5185 1469 5254 custodivi
1499 5185 1712 5276 leqem
1734 5194 1956 5264 tuam,
1993 5213 2027 5254 ι
2061 5189 2223 5281 quia

656 5298 984 5390 scriptum
1023 5301 1177 5363 est:
1220 5292 1305 5363 In
1334 5283 1447 5360 die
1482 5292 1845 5361 mandavit
1879 5297 2223 5365 Dominus

657 5400 1210 5476 misericordiam
1238 5421 1466 5478 suam,
1502 5407 1569 5469 et
1607 5397 1880 5481 literali,
1929 5410 1998 5472 et
2025 5403 2223 5495 spiri-

727 5622 747 5658 ¹
778 5615 940 5677 Psal.
971 5629 1096 5681 ιιι.
1126 5614 1184 5669 9.

1681 282 1769 350 D.
1822 281 2022 349 ALB.
2074 282 2293 351 MAG.
2347 282 2553 351 ORD.
2606 283 2905 351 PRAED.

2343 454 2538 531 tuali,
2609 453 2796 542 quod
2862 461 2964 522 est
3029 454 3483 544 prosperitas:
3548 467 3611 521 et
3686 469 3900 537 nocte,

2341 549 2614 638 literali,
2649 568 2716 626 et
2765 560 3129 649 spirituali,
3174 562 3360 650 quod
3426 569 3528 629 est
3594 563 3900 632 adversi-

2337 676 2467 748 taS,
2522 671 2867 737 canticum
2896 669 3052 757 ejus
3083 671 3127 736 ¹.
3168 670 3288 737 Vel
3320 672 3457 739 sic:
3506 699 3538 733 «
3586 671 3900 741 Custodi-

2340 780 2410 845 vi
2442 778 2656 866 leyem
2709 787 2930 856 tuam,
2986 802 3019 843 n
3063 800 3213 868 quae
3262 777 3454 847 docet
3489 782 3558 846 in
3608 780 3897 847 tribula-

2344 891 2526 956 tione
2575 910 2701 955 nos
2760 888 3066 956 converti
3123 887 3207 956 ad
3247 896 3339 956 te.
3400 889 3462 956 lI
3501 890 3725 957 Paral.
3770 914 3886 966 xx,

2348 996 2472 1062 12:
2512 996 2684 1063 Cum
2753 995 3147 1085 iquoremus
3193 995 3370 1085 quid
3412 1019 3612 1088 aqere
3651 996 3893 1065 debea-

2340 1125 2517 1182 mus,
2594 1103 2719 1170 lzoc
2772 1103 3004 1170 solum
3076 1102 3406 1171 habemus
3465 1106 3747 1186 residui,
3820 1115 3895 1173 ul

2339 1208 2572 1277 oeulos
2599 1218 2865 1277 nostros
2901 1209 3292 1302 diriqamus
3320 1205 3417 1279 ad
3452 1222 3536 1279 te.

2432 1547 2466 1588 ι
2508 1524 2668 1591 Haec
2710 1528 2906 1614 saeta
2952 1532 3052 1592 est
3086 1525 3282 1592 mihi.
3330 1550 3363 1590 n
3416 1525 3543 1594 Hic
3579 1527 3878 1605 tertium,

2339 1628 2595 1698 scilicet
2667 1632 3034 1699 necessitas
3090 1632 3418 1722 vigilandi
3485 1633 3567 1701 de
3631 1641 3829 1702 nocte
3861 1653 3879 1703 τ

2338 1735 2486 1804 vult
2515 1737 2699 1804 enim
2731 1737 3000 1817 Glossa,
3041 1746 3118 1806 ut
3145 1736 3277 1808 hoc
3305 1739 3689 1820 relativum,
3722 1741 3883 1823 laeaec,

2339 1843 2667 1911 referatur
2705 1844 2790 1912 ad
2829 1851 3126 1914 noctem.

2428 1951 2548 2020 Ait
2592 1975 2808 2045 ergo:
2855 1951 2972 2023 Sic
3018 1977 3310 2039 memor,
3353 1963 3419 2024 et
3473 1957 3638 2048 vigil
3685 1957 3778 2024 fui
3818 1958 3891 2025 in

2338 2067 2579 2127 nocte:
2624 2068 2692 2128 et
2722 2085 2756 2126 ι
2789 2060 2955 2144 haec,
2993 2085 3027 2128 ι
3060 2061 3228 2152 vigil
3271 2084 3434 2140 nox,
3492 2089 3522 2127 α
3556 2063 3749 2152 sacta
3794 2075 3893 2133 est

2336 2167 2535 2246 milei,
2583 2194 2617 2231 2>
2659 2168 2729 2236 id
2767 2175 2894 2248 est,
2936 2178 3215 2260 propter
3269 2167 3403 2237 hoc
3449 2171 3518 2238 in
3559 2180 3753 2240 nocte
3782 2173 3890 2238 vi·-

2338 2275 2573 2366 gilavi,
2611 2305 2644 2340 «
2683 2279 2853 2369 quia
2879 2277 3426 2368 justificationes
3456 2290 3610 2349 tuas
3647 2284 3887 2374 exqui-

2334 2383 2511 2451 sivi:
2561 2409 2594 2445 n
2649 2384 2811 2473 quia
2859 2383 3273 2474 quaerebam‚
3316 2408 3439 2476 per
3474 2408 3677 2477 quem
3725 2410 3890 2478 pos-

2336 2511 2480 2556 sem
2553 2488 2938 2578 justificari,
3018 2497 3086 2558 et
3164 2498 3326 2559 tunc
3390 2492 3684 2560 sciebam
3777 2516 3887 2561 me

2336 2596 2555 2686 magis
2616 2595 3006 2687 impugnari
3075 2597 3160 2665 ab
3215 2597 3648 2668 adversario:
3727 2612 3884 2670 tunc

2336 2704 2542 2783 enim,
2587 2704 2670 2772 de
2718 2712 2916 2774 nocte
2971 2705 3250 2786 scilicet,
3284 2707 3526 2797 dejecit
3575 2708 3882 2807 Petrum,

2336 2810 2609 2901 quando
2637 2819 2742 2879 ter
2770 2834 3021 2904 negare
3052 2814 3205 2882 fecit
3236 2820 3280 2882 '.
3319 2814 3564 2905 Supra,
3601 2820 3668 2884 in
3700 2815 3878 2884 l‘sal.

2333 2941 2470 2998 cnr,
2502 2920 2588 2987 20
2622 2940 2639 2986 ε
2672 2920 2891 2989 Facta
2929 2929 3027 2988 est
3061 2944 3203 2989 nox
3235 2944 3251 2989 :
3286 2923 3358 2990 in
3388 2924 3541 3016 ipsa
3573 2935 3888 3016 pertran-

2330 3026 2565 3095 sibunt
2603 3049 2833 3095 omnes
2861 3027 3087 3097 bestia!
3120 3030 3340 3101 silvae.
3381 3030 3535 3115 Vel,
3578 3032 3659 3101 de
3690 3042 3885 3100 nocte

2333 3136 2790 3219 adversitatis..
2854 3137 2953 3206 ita
3008 3137 3106 3208 l'ui
3170 3161 3437 3209 memor
3504 3148 3731 3221 nocte,
3813 3151 3879 3211 et

2331 3266 2469 3312 nox
2502 3273 2533 3304 «
2569 3245 2712 3313 kaee
2742 3269 2777 3310 n
2811 3245 3265 3327 adversitatis,
3331 3274 3364 3312 ι
3397 3251 3591 3337 sacta
3628 3260 3722 3317 es!
3762 3252 3886 3317 mi-

2329 3349 2431 3431 hi,
2467 3373 2499 3414 s
2534 3348 2619 3416 ad
2650 3348 3011 3418 utilitatem
3054 3352 3213 3432 mei,
3248 3360 3322 3419 ut
3370 3375 3490 3443 per
3541 3354 3724 3422 illam
3771 3355 3885 3422 iu-

2330 3464 2648 3523 struercr.
2707 3456 2838 3524 lsa.
2877 3479 3114 3540 xxvm,
3179 3461 3300 3527 ¹9:
3360 3460 3635 3528 Vexalio
3675 3463 3885 3530 intel-

2332 3562 2580 3630 lectum
2609 3561 2805 3632 dabit
2833 3564 3137 3632 auditui.
3168 3564 3416 3633 T'liren.
3454 3590 3500 3647 ι,
3542 3569 3619 3636 13
3645 3591 3661 3634 z
3695 3570 3887 3637 Misi!

2331 3670 2584 3760 iqnem,
2634 3668 3118 3751 tribulationis,
3153 3672 3223 3739 in
3263 3672 3525 3742 ossibus
3572 3677 3776 3743 meis:
3825 3685 3888 3743 et

2329 3775 2627 3844 erudivit
2665 3799 2799 3858 me,
2832 3787 2909 3846 ut
2935 3779 3236 3848 sanctior
3264 3787 3330 3848 et
3358 3783 3596 3872 purior
3622 3782 3880 3851 fierem.

2327 3883 2611 3975 Apocal.
2651 3905 2821 3965 xxn,
2872 3886 2943 3953 11
2976 3907 2993 3954 2
3032 3886 3173 3970 Qui
3192 3886 3439 3978 justus
3475 3890 3886 3980 es!,y’us!ifi-

2327 3999 2517 4059 cetur
2543 3990 2817 4060 adhue:
2855 4001 2921 4060 e!
2957 3993 3083 4084 qui
3105 4003 3383 4062 sanctus
3418 4006 3542 4079 est,
3580 4000 3883 4088 sanctifi·

2328 4107 2520 4166 cetur
2546 4097 2799 4167 adhue.
2838 4097 2986 4168 {mo
3017 4107 3092 4168 ut
3129 4122 3251 4191 per
3297 4101 3516 4194 ipsam
3556 4103 3876 4173 salvarer.

2323 4206 2578 4276 Jerem.
2648 4230 2817 4293 xxx,
2897 4209 2981 4278 7:
3055 4210 3345 4302 Tempus
3411 4212 3882 4283 tribulationis

2326 4324 2424 4384 est
2449 4314 2689 4396 Jacob,
2730 4324 2797 4383 et
2832 4338 2919 4384 es
2946 4317 3098 4409 ipsa
3142 4317 3556 4389 salvabitur.
3602 4321 3685 4390 Et
3719 4320 3875 4407 hoc,

2331 4446 2366 4488 ι
2398 4422 2567 4514 quia
2626 4445 2661 4489 s
2710 4421 3074 4502 custodivi,
3122 4423 3232 4494 vel
3277 4454 3312 4489 κ
3342 4426 3881 4519 justificationes

2329 4541 2487 4599 tuas
2523 4531 2888 4624 exquisivi.
2952 4556 2989 4600 s
3042 4530 3158 4602 Sic
3208 4535 3393 4603 enim
3431 4544 3587 4605 tuos
3622 4537 3880 4607 illumi-

2328 4661 2478 4719 nas,
2517 4661 2795 4732 purgas,
2838 4648 2908 4709 et
2940 4639 3190 4709 salvas.

2415 4859 2588 4928 Ecce
2634 4857 2983 4950 quomodo
3038 4859 3110 4927 in
3174 4857 3310 4929 hoc
3366 4864 3719 4933 octonario
3758 4888 3878 4933 os-

2329 4963 2542 5033 tendit
2596 4985 2669 5033 se
2707 4961 3135 5033 consolatum
3170 4964 3240 5032 in
3297 4965 3872 5049 tribulationibus,

2328 5092 2413 5139 ex
2449 5068 2577 5138 Dei
2632 5068 3116 5160 promissione,
3159 5091 3243 5139 ex
3290 5070 3706 5160 judic-iorum
3763 5097 3878 5141 re-

2328 5175 2748 5256 cordatione,
2782 5196 2866 5243 ex
2907 5172 3415 5268 Scripturarum
3464 5177 3776 5264 lectione,
3809 5189 3878 5250 et

2328 5286 2748 5366 recitatione,
2782 5291 2851 5353 et
2886 5307 2973 5353 ex
3000 5286 3189 5377 vigili
3230 5290 3541 5357 oratione
3570 5289 3641 5357 in
3678 5301 3874 5362 nocte

2328 5391 2684 5472 materiali,
2775 5398 2844 5461 et
2913 5393 3275 5484 spirituali.
3345 5393 3540 5463 Unde
3621 5401 3874 5490 optime

2398 5621 2424 5658 ⁸
2452 5621 2540 5679 Cf.
2571 5623 2777 5681 matth.
2806 5640 2960 5692 xxvi,
2990 5625 3061 5680 ⁶9
3091 5625 3153 5679 et
3179 5639 3307 5698 seq.

4000 1562 4133 1622 58
