5008 6329
794 2161 986 2211 Forma
1012 2178 1065 2211 ro

792 2219 1084 2267 novom.

2002 237 2708 308 COMMENTARIUS
2759 239 2852 306 IN
2905 236 3342 306 PSALMUM
3394 238 3534 308 CH.

1153 410 1411 477 vamini
1435 415 1688 503 spiritu
1720 412 1965 478 mentis
1982 421 2237 487 uestra
2273 434 2426 480 ecce
2456 413 2700 478 animae

1150 520 1541 588 renovatio:
1575 530 1640 586 et
1696 518 1963 586 induite
2008 542 2259 587 novum
2326 520 2695 595 hominem,

1149 627 1578 703 exteriorem,
1620 628 1736 715 qui
1799 635 1901 696 est
1965 629 2141 697 sicut
2208 627 2694 696 vestimentum

1147 733 1507 811 interioriS,
1560 756 1712 801 ecce
1783 739 2136 806 renovatio
2204 736 2532 825 corporis.
2591 734 2695 800 Ad

1146 842 1433 910 Roman.
1470 865 1589 925 xu,
1669 846 1749 913 2:
1798 847 2308 936 Reformamini
2364 846 2434 911 in
2500 844 2692 910 novi-

1145 957 1280 1015 tate
1304 970 1538 1016 sensus
1576 954 1801 1019 vestri.
1847 954 1956 1020 An
1995 976 2135 1021 nou
2188 952 2361 1021 hene
2412 972 2695 1020 renova-

1144 1063 1252 1121 tur
1278 1061 1353 1121 ut
1396 1058 1649 1147 aquila,
1696 1061 1812 1148 qui
1861 1059 2169 1149 deposito
2228 1059 2448 1127 carnis
2513 1080 2692 1148 pon-

1145 1159 1297 1229 dere
1361 1164 1549 1231 volat
1613 1167 1807 1256 quasi
1866 1166 2233 1255 assumptis
2300 1165 2541 1254 pennis
2606 1164 2689 1232 ad

1144 1267 1384 1336 coelum
1417 1272 1871 1362 empyreum?
1900 1271 2030 1341 lsa.
2059 1296 2163 1353 xc,
2196 1274 2273 1340 31
2308 1294 2322 1338 :
2373 1273 2511 1356 Qui
2534 1294 2692 1360 spe-

1143 1386 1299 1443 rant
1390 1379 1461 1444 in
1536 1380 1834 1446 Domino
1908 1379 2278 1448 mutabunt
2330 1378 2690 1470 fortitudi-

1140 1505 1315 1560 nem,
1350 1495 1698 1552 assument
1719 1509 1984 1577 pennas
2009 1489 2185 1555 sicut
2222 1487 2504 1578 aquile-e,
2540 1510 2688 1553 cur-

1140 1599 1285 1656 rent
1311 1600 1376 1658 et
1411 1614 1544 1658 non
1607 1592 2050 1674 laborabunt,
2109 1593 2572 1662 ambulabunt
2625 1604 2687 1661 et

1137 1720 1269 1764 non
1310 1697 1645 1787 deficient,
1682 1699 1899 1769 donec
1969 1702 2245 1769 veniant
2305 1700 2390 1768 ad
2436 1699 2682 1769 coelum

1137 1828 1558 1897 empyreum,
1646 1809 1784 1876 imo
1851 1808 1936 1877 ad
2004 1810 2229 1901 ipsum
2307 1808 2677 1887 Christum,

1135 1907 1374 1978 Matth.
1410 1935 1595 1991 xxxv,
1633 1915 1758 1981 28:
1805 1914 2228 2006 Ubicumque
2261 1916 2482 2005 suerit
2531 1936 2682 1982 cor-

1127 2041 1284 2110 pus.
1320 2021 1418 2088 ihi
1443 2023 2044 2114 corcyreqabrcrttur
2068 2034 2134 2092 et
2162 2024 2442 2116 aquilae.

1221 2127 1302 2196 Et
1375 2139 1561 2206 nota,
1631 2132 1817 2222 quod
1875 2133 1930 2198 si
1980 2131 2301 2201 volumus
2365 2131 2449 2199 ad
2489 2132 2675 2200 illam

1133 2240 1647 2307 renovationem
1748 2240 2007 2319 venire,
2121 2248 2390 2331 oportet
2490 2239 2674 2331 quod

1127 2347 1348 2436 primo
1379 2371 1791 2418 renovemur
1818 2358 2045 2417 mente
2068 2357 2416 2439 tamquam
2442 2349 2674 2417 homi-

1127 2476 1269 2531 nes..
1303 2455 1407 2522 Ad
1446 2456 1689 2547 Ephes.
1735 2480 1829 2539 iv,
1871 2458 1999 2526 23:
2052 2457 2502 2525 Renovamini
2535 2458 2675 2548 spi-

1123 2566 1264 2632 ritu
1302 2569 1545 2632 mentis
1573 2578 1807 2634 vestrae
1843 2589 1866 2633 .·
1903 2565 2086 2658 quod
2153 2565 2224 2633 lit
2279 2589 2399 2657 per
2453 2566 2673 2634 chari-

1123 2682 1355 2752 tatem,
1391 2698 1540 2765 qua»
1581 2685 1678 2742 est
1714 2674 2110 2743 mandatum
2145 2697 2426 2742 novum.
2461 2675 2664 2744 Joan.

1124 2804 1264 2859 xm,
1291 2782 1417 2850 34:
1453 2783 1868 2851 Mandatum
1898 2804 2147 2851 novum
2180 2783 2267 2850 do
2307 2782 2519 2851 vobis.
2553 2781 2667 2852 Se·

1122 2889 1370 2972 cundo,
1405 2888 1601 2981 pelle,
1652 2889 1716 2957 id
1757 2898 1884 2974 est,
1935 2890 2447 2958 conversatione
2487 2898 2670 2958 exte-

1123 2997 1311 3074 riori,
1379 3004 1455 3065 ut
1510 3006 1862 3088 serpentes
1892 2999 1959 3065 in
1987 3005 2172 3065 arcto
2223 2997 2660 3087 poeuitentiae.

1123 3103 1361 3175 Matth.
1404 3128 1474 3187 x,
1515 3109 1631 3176 16:
1666 3109 1907 3176 Estote
1928 3107 2299 3200 prudentes
2321 3108 2502 3176 sicut
2531 3130 2668 3175 ser-

1112 3224 1363 3305 pentes.
1401 3215 1505 3283 Ad
1537 3214 1798 3284 coloss.
1854 3238 1953 3298 ιιι,
2001 3219 2042 3284 9
2087 3236 2103 3283 t
2175 3215 2666 3307 Exspatiantes

1118 3346 1229 3390 ros
1257 3333 1537 3392 veterem
1567 3327 1911 3394 hominem
1941 3347 2095 3393 cum
2161 3323 2428 3393 actibus
2487 3326 2655 3392 suis.

1110 3431 1362 3507 Tertio.
1398 3430 1670 3521 plumis,
1708 3430 1774 3500 id
1829 3440 1956 3513 est,
2007 3431 2540 3523 cogitationibus
2594 3438 2661 3499 et

1113 3537 1487 3621 desideriis,
1518 3562 1671 3630 quae
1717 3541 2032 3608 oriuntur
2068 3539 2151 3608 de
2197 3540 2424 3617 cordo,
2484 3541 2661 3609 sicut

1107 3644 1356 3737 plumae
1385 3644 1467 3713 de
1506 3669 1730 3715 carne.
1772 3646 1932 3728 Job,
1965 3669 2201 3726 xxxix.
2234 3648 2320 3714 26
2379 3669 2397 3716 z
2430 3649 2659 3717 Num-

1105 3753 1280 3844 quid
1302 3776 1432 3845 per
1464 3755 1879 3847 sapientiam
1906 3763 2102 3821 tuam
2121 3754 2495 3847 plumescit
2549 3778 2657 3823 ac-

1102 3861 1406 3952 cipiter?
1445 3862 1546 3928 :td
1577 3860 1837 3929 Coloss.
1898 3884 1997 3939 ιιι.
2035 3863 2063 3929 l
2110 3883 2126 3928 ε
2165 3864 2332 3948 Quae
2380 3887 2652 3933 sursum

1098 3979 1260 4038 sunt
1284 3971 1596 4062 quarite,
1641 3971 1756 4060 qui
1814 3977 1970 4037 ante
2028 3968 2438 4060 quaerebatis
2495 3995 2650 4063 quoe

1100 4078 1445 4155 deorsum,
1478 4081 1649 4149 sicut
1683 4076 1793 4148 ille
1825 4080 1942 4170 qui
1974 4076 2265 4159 dicebat,
2288 4079 2371 4146 ad
2395 4078 2646 4171 Philip.

1100 4210 1146 4266 ι,
1178 4189 1264 4255 2³
1317 4211 1334 4255 t
1391 4185 1823 4256 Desidet-ium
1891 4183 2149 4253 habens
2203 4184 2518 4258 dissolui.
2585 4198 2652 4256 et

4278 239 4361 305 23

2896 410 3224 478 «Faciens
3258 412 3763 480 misericordias
3790 413 4198 480 Dominus.»
4232 410 4362 478 Hic

2801 516 3177 584 seeundum
3226 517 3435 608 hujus
3463 521 3697 610 partiS,
3732 522 3801 586 in
3841 542 3979 609 quo
4020 522 4212 609 ponit
4243 541 4357 585 ra-

2800 625 3021 693 tiones
3080 646 3290 716 quare
3330 625 3857 694 benedicendus,
3894 627 4145 694 Positis
4168 627 4349 694 enim

2800 729 3147 800 beneficiis
3197 733 3324 800 sibi
3375 733 3695 801 exhibitis
3733 737 3800 801 in
3851 758 3948 813 se,
3995 734 4103 802 vel
4144 736 4350 803 etiam

2798 838 3229 919 exhibendiS‚
3262 843 3484 929 tangit
3524 842 3827 911 exhibita
3858 845 3924 909 in
3967 843 4138 911 aliis.

2887 946 2971 1013 Et
3011 950 3265 1038 prim0‚
3298 951 3602 1042 tangitur
3626 952 3856 1019 divina
3889 950 4352 1019 misericordia

2796 1057 2994 1145 quasi
3033 1055 3468 1147 generaliter.
3516 1059 3856 1143 Secundo,
3906 1059 4182 1127 effectus
4223 1059 4351 1125 mi-

2797 1162 3180 1230 sericordiae
3230 1163 3637 1253 specialiter,
3670 1164 3788 1249 ibi,
3840 1172 3903 1241 9.
3940 1166 3980 1233 8
4024 1186 4039 1231 ε
4079 1165 4350 1231 «Mise-

2795 1279 2988 1337 rator
3025 1281 3090 1338 et
3134 1272 3541 1340 misericors.
3583 1301 3616 1334 »ι

2883 1378 2962 1445 ln
3019 1380 3241 1469 prima
3303 1379 3463 1447 duo.
3530 1379 3790 1459 Primo,
3865 1379 4344 1449 misericordiae

2791 1484 3148 1552 exhibitio.
3187 1485 3533 1564 Secundo,
3588 1487 3964 1555 notificatio
3997 1487 4340 1567 exhibitae,

2791 1589 2909 1671 ibi,
2942 1598 3007 1668 γ.
3043 1592 3082 1659 ·1
3122 1614 3137 1658 :
3174 1574 3207 1657 ὲ
3243 1593 3463 1659 Notas
3506 1594 3697 1682 secet.
3740 1617 3774 1658 »

2878 1696 2954 1765 In
2987 1700 3208 1789 prima
3247 1700 3409 1768 duo.
3447 1701 3708 1780 Primo,
3752 1702 4045 1793 qualiter
4074 1704 4346 1773 miseri-

2786 1805 3087 1874 cordiam
3119 1805 3455 1888 exhibuit,
3500 1809 3661 1899 quia
3689 1831 3846 1878 cum
3878 1809 4165 1898 judicio.
4206 1809 4341 1879 Se·-

2784 1911 3035 1991 cundo,
3081 1911 3330 2003 quibus
3377 1912 3713 1995 exhibuit,
3766 1914 3886 1998 ibi,
3930 1947 3961 1978 α
4006 1916 4342 1985 Omnibus

2784 2023 3158 2113 injuriam.
3196 2052 3230 2088 ι»

2870 2130 3048 2200 Dicit
3069 2154 3234 2223 ergo
3270 2155 3288 2201 τ
3330 2132 3494 2203 Haec
3535 2133 3691 2203 l'ecit
3728 2133 3850 2202 tibi
3892 2135 4100 2217 Deus,
4136 2137 4339 2204 oani-

2780 2260 2915 2318 ma,
2940 2247 3220 2330 propter
3249 2240 3434 2332 quod
3455 2239 3986 2310 benedicendus.
4024 2242 4106 2311 Et
4129 2244 4334 2313 etiam

2777 2345 2920 2437 ipse
2941 2353 3043 2415 est
3058 2373 3091 2413 α
3111 2348 3452 2416 Dominus
3466 2349 3732 2439 {aciens
3758 2350 4333 2420 misericordias.»

2776 2451 2993 2523 Exod.
3052 2478 3173 2534 xx.
3206 2458 3245 2524 5
3268 2465 3336 2524 et
3364 2457 3405 2524 6
3439 2477 3456 2525 :
3498 2458 3655 2548 qu
3680 2479 3836 2524 sum
3881 2460 4330 2540 Dominus....

2770 2561 3036 2650 faciens
3064 2563 3612 2632 misericordiam
3664 2566 3734 2631 in
3809 2565 4046 2633 millia
4073 2566 4183 2633 leis
4209 2568 4336 2658 qui

2771 2666 3084 2759 diliqunt
3123 2693 3251 2737 me.
3288 2669 3445 2738 Non
3474 2679 3704 2739 tamen
3735 2672 3884 2739 sine
3904 2671 4168 2760 judicio
4192 2696 4329 2765 quo

2772 2776 2995 2866 punit,
3055 2785 3124 2844 et
3185 2774 3320 2846 hoc
3372 2777 3599 2868 ipsum
3675 2787 3778 2848 eet
3834 2779 4324 2850 misericordia.

2771 2882 2977 2953 Eccli.
3035 2907 3251 2968 xxxva
3292 2887 3378 2953 22
3415 2887 3811 2956 :Dominus
3855 2911 3994 2956 non
4042 2889 4333 2981 elonqu-

2769 2991 2892 3076 bit,
2938 2992 3068 3061 sed
3087 2991 3451 3082 judicabit
3478 2993 3741 3083 justos,
3792 3006 3858 3063 et
3893 2998 4109 3086 saciet
4124 2997 4330 3087 judi·

2765 3103 2974 3171 cium.
3016 3101 3274 3174 Jerem.
3318 3126 3513 3187 xxm,
3542 3107 3627 3175 5:
3676 3107 3910 3176 Faciet
3933 3106 4323 3198 judicium,

2762 3221 2827 3278 et
2852 3209 3219 3300 justitiam
3273 3213 3345 3280 in
3395 3223 3605 3282 terra.

2855 3319 2937 3388 Et
3031 3319 3190 3404 hoc,
3271 3345 3307 3388 ι
3365 3322 3687 3391 omnibus
3755 3323 4102 3413 injuriam
4183 3349 4327 3418 pa-

2762 3427 3112 3498 tientibus.
3186 3454 3221 3496 ι
3287 3427 3468 3498 Pul.
3518 3452 3715 3513 cxcv,
3792 3431 3832 3498 *1
3867 3452 3885 3499 ε
3930 3433 4131 3501 Facit
4195 3433 4328 3524 ju·

2761 3532 3019 3603 dicium
3054 3534 3399 3625 injuriam
3423 3535 3849 3629 patientibus
3870 3560 3893 3605 .·
3923 3536 4047 3606 dat
4073 3563 4320 3620 escam,

2759 3649 2886 3709 etc.
2960 3641 3461 3712 Misericordiae
3534 3666 3700 3736 ergo
3756 3643 4034 3714 exhibet
4087 3645 4314 3728 bonis,

2760 3752 2849 3819 ita
2908 3760 3141 3821 tamen
3198 3752 3381 3845 quod
3445 3753 3700 3844 iudicat
3787 3754 3855 3822 in
3935 3756 4133 3824 malis
4197 3761 4317 3851 qui

2757 3858 2979 3928 bonos
3039 3870 3548 3952 oppresserunt.
3607 3861 3665 3930 si
3706 3870 3938 3931 tamen
3985 3865 4318 3955 patientes

2756 3965 3034 4046 fuerint,
3094 3965 3206 4034 vel
3260 3989 3383 4059 per
3427 3989 3594 4036 suos
3659 3969 4010 4051 minstros,
4064 3971 4315 4063 quibus

2760 4069 2892 4140 hoc
2938 4073 3267 4164 praecipit,
3328 4071 3458 4143 lsa.
3501 4095 3550 4156 ι,
3597 4074 3677 4142 ¹7
3723 4097 3741 4144 ε
3779 4074 4081 4160 Quaerite
4102 4077 4319 4168 judi-

2757 4182 2970 4259 cium.
3026 4180 3380 4254 subvenite
3424 4206 3769 4277 oppresso,
3815 4186 4144 4275 judicate
4167 4212 4318 4282 pu-

1098 4320 1234 4365 esse
1294 4317 1449 4365 cum
1510 4295 1802 4365 Christo.
1861 4291 2150 4377 Quarto,
2198 4304 2420 4363 rostro
2475 4296 2652 4365 sicut
2744 4290 2958 4385 pino,
3018 4291 3368 4381 delendite
3421 4292 3734 4372 viduam.
3804 4302 3933 4365 etc.
3985 4295 4141 4375 Vel.
4190 4322 4313 4390 per

1098 4405 1366 4499 aquilae,
1390 4405 1458 4473 id
1488 4411 1615 4482 est,
1648 4425 1990 4480 sermone,
2028 4410 2101 4471 ut
2130 4403 2318 4495 prius
2366 4402 2651 4496 loqueu-

1096 4523 1193 4583 tes
1227 4536 1623 4584 maneamus
1653 4515 1722 4583 in
1785 4511 2084 4581 silentio.
2167 4510 2373 4581 Eccli.
2429 4535 2645 4599 xxxu,

1104 4628 1222 4696 10:
1267 4627 1567 4716 Loquere
1595 4623 1667 4689 in
1705 4630 1829 4690 tua
1875 4642 2087 4689 causa
2151 4621 2291 4688 vit.
2336 4619 2420 4689 Bt
2488 4620 2647 4690 hoc·

1094 4742 1389 4804 rostrum
1451 4728 1794 4799 allidendo
1831 4736 2070 4820 petrae,
2146 4727 2215 4797 id
2270 4736 2399 4812 est,
2458 4727 2650 4798 Chri·

1093 4851 1271 4911 stum
1304 4835 1658 4916 imitando,
1684 4835 1799 4928 qui
1830 4842 1931 4904 est
1949 4835 2346 4926 petra,eicut
2374 4835 2643 4917 dicitur.

1092 4946 1224 5018 lsa.
1246 4969 1384 5030 un,
1420 4947 1460 5014 *1
1489 4968 1505 5014 ε
1538 4945 1737 5016 Sicut
1763 4964 1985 5034 aqnus
2031 4965 2260 5011 coram
2327 4943 2646 5013 tondente

1087 5081 1157 5128 se
1181 5055 1612 5125 obmutescet.
1642 5053 2458 5135 Quinto,cornibus‚eicut
2499 5076 2642 5124 cer-

1091 5165 1185 5244 vi,
1226 5163 1290 5233 id
1323 5173 1449 5239 est.
1491 5164 1796 5255 potentia
1824 5170 1889 5230 et
1928 5160 2347 5238 fortitudine,
2370 5160 2546 5230 sicut
2569 5160 2645 5230 fit

1092 5297 1212 5367 per
1249 5271 1728 5341 humilitatem.
1768 5269 1945 5339 l‘sal.
1988 5292 2218 5352 mxxiv,
2267 5270 2341 5337 ti
2397 5291 2414 5338 t
2468 5269 2645 5339 Cor-

1092 5406 1232 5452 nua
1255 5390 1691 5475 peccatorum
1718 5382 2184 5472 consrinqam,
2243 5389 2310 5450 et
2362 5377 2642 5449 esraita-

1094 5489 1352 5560 buntur
1376 5511 1635 5559 cornua
1650 5488 1863 5580 justi.

2750 4398 3366 4492 seipsum.l)euter.
3391 4423 3607 4480 xxxix,
3642 4401 3727 4471 35
3762 4423 3779 4469 ε
3812 4405 3975 4472 Mea
4012 4414 4112 4471 est
4132 4404 4311 4472 ultio

2752 4515 2817 4574 et
2834 4529 2959 4598 eqo
2976 4505 3379 4576 retribuam.
3409 4506 3906 4585 Eccli.xxvm.t
3945 4531 3961 4576 z
3992 4512 4133 4595 Qui
4161 4512 4313 4580 rin-

2752 4615 2981 4684 dicari
3006 4615 3234 4698 vulta
3253 4615 3555 4684 Domino
3576 4616 3871 4686 inveniet
3889 4617 4293 4689 vindictam.

2842 4966 2876 5006 ι
2911 4941 3131 5011 Notas
3154 4940 3344 5032 lecit.
3384 4966 3419 5006 ι
3450 4940 3579 5011 nic
3606 4942 4010 5024 secundum,
4046 4946 4307 5016 miseri-

2747 5050 3138 5120 cordiarum
3201 5052 3299 5120 sic
3363 5049 3850 5135 exhibitarum,
3923 5063 3990 5123 et
4053 5055 4305 5127 talibus

2746 5158 3209 5228 manifestatio
3270 5180 3287 5227 ε
3342 5166 3411 5229 et
3451 5158 3773 5230 dicuntur
3807 5158 3969 5233 duo.
4041 5161 4302 5249 Primo,

2745 5268 2853 5337 cui
2886 5267 3336 5337 manifestatae
3360 5275 3521 5336 sunt
3539 5269 3767 5359 primo
3803 5277 3872 5338 et
3904 5272 4305 5367 principali-

2744 5387 2870 5447 ter.
2923 5375 3271 5458 Sceundo,
3332 5374 3584 5467 quibus
3626 5377 4031 5449 secundario
4069 5390 4136 5451 et
4184 5406 4308 5476 per

2743 5487 3070 5579 primum,
3115 5485 3233 5562 ihi,
3284 5514 3318 5548 ιι
3343 5483 3553 5554 Filiis
3577 5484 3823 5555 Israel.
3857 5513 3892 5555 ι

2831 5593 3014 5662 Dicit
3039 5614 3205 5685 ergo
3239 5613 3257 5658 ε
3293 5590 3408 5662 Sic
3436 5591 3594 5662 iecit
3631 5593 4195 5681 misericordiam,
4229 5610 4298 5671 et

4468 4967 4528 5035 ἵ
