5008 6329
1981 257 2694 329 COMMENTARIUS
2744 257 2839 324 IN
2887 257 3325 326 PSALMUM
3375 255 3579 325 CXV.
4256 252 4387 320 213

3025 425 3376 516 Dirupisti
3412 424 3693 493 vincula
3726 444 3891 493 mea
3935 441 3950 491 ε

2856 556 2962 622 17.
3016 530 3185 601 Tibi
3245 530 3656 600 sacrificabo
3725 529 4037 599 hostiam
4118 525 4383 609 laudis,

3113 654 3182 708 et
3302 660 3565 709 nomen
3689 635 3981 705 Domini
4092 634 4391 704 invoca-

3114 746 3232 816 bo.

2432 855 2731 926 Domini
2856 855 2962 925 18.
3006 852 3193 923 Vota
3221 874 3381 922 mea
3405 851 3717 921 Domino
3749 849 4046 921 reddam
4078 847 4153 918 in
4220 870 4388 917 con·

3113 977 3360 1052 spectu
3401 959 3637 1029 omnis
3687 956 3932 1050 populi
3964 956 4120 1046 ejus
4155 978 4172 1023 ε

2856 1097 2963 1165 19·
3018 1072 3102 1141 In
3145 1070 3346 1143 atriis
3378 1071 3638 1139 domus
3681 1066 4000 1146 Domini,
4039 1066 4111 1136 in
4145 1064 4389 1136 medio

3114 1178 3250 1264 tui,
3299 1177 3725 1249 Jerusalem.

1190 432 1292 499 13.
1348 429 1669 501 Calicem
1710 432 2048 501 salutaris
2079 430 2454 522 accipiam,
2508 445 2576 496 et
2610 448 2738 495 no-

1366 626 1370 630 ·
1442 559 1609 606 men
1649 539 1941 608 Domini
1979 537 2359 608 invocabo.

1186 667 1288 733 14.
1344 646 1529 715 Vota
1570 669 1731 717 mea
1769 647 2087 717 Domino
2138 644 2439 716 reddam
2483 662 2729 711 coram

1443 755 1644 824 omni
1688 755 1964 847 populo
2004 752 2187 842 ejus.

1186 866 1290 933 15.
1356 862 1680 934 Pretiosa
1774 862 1844 931 in
1943 876 2333 949 conspectu

1440 996 1640 1044 mors
1672 985 2093 1040 sanctorum
2125 967 2306 1057 ejus.

1187 1084 1291 1151 16.
1346 1080 1415 1152 O
1460 1079 1798 1156 Domine,
1836 1074 2009 1168 quia
2059 1080 2474 1167 ego‘servus
2506 1091 2726 1143 tuus:

1442 1209 1572 1280 ego
1615 1207 1867 1256 servus
1910 1203 2104 1262 tuus,
2153 1202 2220 1253 et
2247 1182 2462 1252 -filius
2503 1179 2735 1250 ancil-

1441 1296 1527 1365 1ae
1559 1311 1728 1362 tuae.

2838 1621 3131 1700 stitiam,
3165 1643 3280 1688 ore
3317 1630 3546 1687 autem
3576 1620 3908 1708 consessio
3936 1619 4025 1707 fit
4066 1618 4389 1685 adsalu-

2840 1739 2975 1795 tem
3015 1728 3061 1794 ⁴.
3134 1725 3450 1795 Secundo
3494 1725 3739 1793 fatetur
3785 1726 4172 1794 confessum
4240 1746 4386 1792 esse

2840 1833 3044 1903 fidem
3085 1856 3230 1915 ore,
3290 1832 3409 1913 ibi,
3465 1861 3496 1895 «
3530 1834 3822 1925 Propter
3882 1832 4073 1923 quod
4118 1832 4390 1899 locutus

2836 1964 3016 2010 sum.
3055 1966 3089 2007 ι
3156 1939 3411 2022 Terti0,
3517 1948 3793 2031 propter
3888 1938 4387 2008 confessionem

2838 2051 3055 2119 multa
3084 2050 3511 2131 sustinuisse,
3552 2048 3673 2130 ibi,
3719 2075 3752 2114 ι
3784 2051 3938 2139 qu
3986 2059 4217 2117 autem
4254 2047 4392 2114 ltu-

2837 2156 3180 2228 miliatus.
3210 2185 3241 2222 υ

1542 1736 1636 1802 IN
1686 1733 2127 1847 PSALMUM
2181 1731 2364 1799 CXV

1680 1972 2213 2019 munimntum&

1673 2296 1707 2336 α
1752 2268 2072 2338 Alleluia
2105 2269 2151 2336 ¹.
2186 2297 2218 2328 a

2933 2479 3115 2549 Dicit
3151 2502 3313 2572 ergo
3351 2503 3366 2547 ε
3403 2479 3516 2548 Sic
3543 2479 3710 2557 dixi,
3743 2477 3925 2570 quod
3955 2476 4161 2547 dilexi
4188 2499 4391 2568 prop·
4507 2509 4636 2579 ¹0

876 2603 1143 2700 pulmo-d
1267 2618 1300 2654 α
1331 2588 1630 2666 Credidi,
1658 2587 2150 2680 propterquod
2176 2588 2448 2654 locutus
2482 2608 2662 2654 sum.
2695 2614 2727 2647 »
2841 2596 2946 2656 ter
2979 2587 3306 2657 beneficia
3344 2586 3689 2679 praedicta,
3744 2595 3811 2655 et
3846 2587 4053 2654 etiam
4103 2614 4136 2649 «
4170 2583 4393 2653 credi-
4421 2614 4580 2661 pam.
4626 2625 4740 2669 „m

829 2659 1147 2811 ἓξῗέἒὲἐξῑ
1176 2697 1299 2766 liic
1371 2705 1469 2764 est
1544 2694 1862 2762 Psalmus
1936 2695 2351 2762 centesimus
2424 2693 2731 2760 decimus
2840 2698 2939 2777 di,
2973 2723 3007 2764 ι
3040 2698 3243 2766 fidem
3276 2720 3408 2789 qua
3438 2695 3776 2765 crederem
3810 2697 3875 2762 in
3906 2693 4107 2763 corde
4154 2692 4391 2777 habui,
4493 2668 4683 2715 ''⁸⁸¹⁶'‘

827 2832 935 2918 {3ss
968 2825 1147 2917 '332¹ss
1175 2806 1452 2900 quintus
1490 2805 1559 2873 in
1599 2813 1748 2872 toto
1788 2803 1987 2881 libro,
2036 2804 2104 2871 in
2136 2802 2335 2871 tertia
2375 2809 2563 2892 parte
2603 2799 2730 2868 de-
2839 2815 2906 2876 et
2944 2807 3094 2874 aliis
3132 2829 3254 2898 per
3281 2805 3458 2874 hanc
3519 2805 3750 2873 unitus
3803 2804 3899 2871 fui
3932 2825 3948 2870 ε
4012 2802 4243 2883 fidem,
4285 2801 4400 2869 iu-

843 2927 1127 2973 mna-niu.
1172 2917 1392 2984 cimus
1420 2916 1724 3005 quintus,
1791 2912 2165 3004 Postquam
2227 2914 2410 2980 enim
2477 2913 2617 3002 egit
2644 2910 2726 2979 de
2839 2937 3073 3007 quam,
3140 2914 3499 2983 formatam
3557 2936 3676 3006 per
3730 2911 4162 2980 dilectionem
4221 2934 4395 3001 ope-

1173 3020 1476 3090 fidelium
1518 3021 1774 3088 unitate
1833 3020 1904 3088 iu
1957 3018 2285 3088 charitate
2339 3019 2408 3086 in
2450 3017 2726 3085 Psalmo

1172 3129 1606 3221 praecedenti,
1684 3127 1795 3196 hic
1845 3125 2202 3218 subjungit
2264 3124 2348 3194 de
2423 3123 2582 3209 fide,
2660 3131 2727 3193 et

1170 3242 1424 3310 unione
1463 3243 1536 3308 in
1565 3240 1953 3308 constantia
2011 3238 2193 3306 fidei.
2257 3237 2396 3305 Sed
2456 3237 2620 3328 quia
2658 3245 2725 3304 et

1169 3349 1360 3429 fides,
1394 3357 1462 3417 et
1489 3350 1656 3418 unio
1697 3348 1769 3415 in
1798 3346 1940 3424 illa,
1975 3354 2046 3415 et
2082 3346 2462 3415 constantia
2502 3353 2723 3414 totum

1166 3466 1269 3528 est
1297 3481 1337 3527 a
1375 3455 1549 3540 Deo,
1580 3454 1766 3524 Deus
1811 3454 1969 3524 inde
2025 3452 2409 3522 laudandus
2451 3461 2554 3522 est
2600 3476 2615 3521 :
2659 3460 2724 3522 et

1164 3573 1443 3659 propter
1488 3564 1621 3633 hoc
1674 3562 2095 3655 praeponitur
2130 3561 2419 3631 titulus:
2468 3588 2502 3624 οι
2534 3559 2726 3630 Alle-

1166 3673 1343 3742 luia.
1381 3701 1415 3737 n

1254 3889 1569 3959 Psalmus
1600 3897 1829 3957 autem
1869 3887 2200 3958 dividitur
2239 3888 2306 3956 in
2350 3886 2522 3956 duas
2560 3909 2724 3978 par-

1164 4007 1289 4068 tes.
1334 3996 1594 4077 Primo,
1635 3996 1864 4087 agitur
1900 3995 1984 4063 de
2032 3996 2413 4063 constantia
2448 4001 2722 4062 sancto·

1163 4131 1315 4176 rum
1346 4116 1413 4174 et
1442 4106 1696 4174 unione
1736 4106 1804 4172 in
1846 4104 1978 4173 fide
2021 4128 2204 4173 vera.
2262 4104 2508 4172 Semcti
2542 4104 2722 4171 enim

1156 4238 1284 4309 per
1306 4215 1517 4306 fidem
1562 4216 1866 4282 vicerunt
1915 4237 2131 4305 reyua
2160 4212 2210 4282 ¹.
2246 4211 2594 4290 Secundo,
2637 4211 2721 4279 de

1163 4324 1539 4416 gratiarum
1608 4323 1873 4390 actione
1933 4344 2057 4412 pro
2119 4321 2373 4389 unione
2430 4327 2495 4387 et
2553 4342 2725 4388 con-

1162 4432 1438 4509 stantia,
1472 4431 1633 4521 quia
1670 4431 1902 4496 omnia
1935 4453 1971 4496 a
2008 4427 2149 4495 Deo
2181 4437 2339 4496 sunt
2367 4427 2553 4506 data,
2599 4426 2717 4506 ibi,

1163 4545 1226 4615 5.
1295 4539 1436 4605 16:
1496 4564 1531 4600 α
1579 4537 1639 4605 0
1689 4536 2008 4616 Domine,
2075 4537 2244 4628 quia
2307 4559 2431 4625 eqo
2491 4557 2725 4603 servus

1160 4657 1349 4715 tum.
1383 4672 1417 4708 υ

1253 4753 1332 4823 ln
1369 4752 1592 4846 prima
1620 4754 1774 4821 tria.
1836 4752 2097 4829 Primo,
2142 4750 2436 4844 loquens
2471 4751 2545 4820 in
2574 4774 2726 4843 per-

1162 4885 1334 4933 sona
1370 4870 1764 4931 sanctorum
1797 4861 1867 4928 in
1926 4859 2060 4930 fide
2103 4861 2456 4929 unitorum
2496 4858 2725 4928 Eccle-

1161 4971 1305 5051 siae,
1382 4979 1451 5040 et
1516 4968 2004 5047 constantium,
2071 4967 2326 5038 fatetur
2386 4989 2462 5037 se
2520 4964 2723 5036 corde

1165 5078 1435 5149 credere
1472 5101 1489 5149 t
1523 5077 1642 5147 sed
1683 5077 1843 5169 quia
1871 5100 1959 5144 es:
2023 5075 2460 5145 abundantia
2496 5074 2723 5143 cordis

1164 5211 1239 5255 os
1279 5188 1592 5281 loquitur
1626 5188 1676 5275 ³,
1709 5193 1800 5266 et,
1838 5183 2055 5256 Corde
2102 5183 2408 5254 creditur
2469 5183 2570 5253 ad
2600 5182 2725 5275 ju-

1239 5440 1257 5477 ¹
1288 5436 1367 5495 ee
1413 5450 1684 5510 psaume,
1738 5435 1828 5492 dit
1856 5436 1932 5492 Μ.
1965 5433 2228 5505 Lesetre,
2285 5430 2441 5491 n'est
2494 5449 2614 5508 que
2664 5431 2725 5492 la

1164 5526 1582 5590 continuation
1610 5527 1691 5586 du
1722 5528 2065 5603 precedent.

1242 5623 1266 5662 ⁸
1295 5621 1383 5682 Ad
1413 5620 1590 5680 Hebr.
1624 5637 1703 5695 ιι,
1735 5623 1825 5678 ³³.

2839 3033 3127 3093 rantem.
3162 3024 3268 3092 Ad
3302 3022 3523 3091 Galat.
3553 3046 3669 3101 xv,
3704 3026 3743 3090 6
3773 3046 3798 3088 .·
3842 3021 4150 3091 Credidit
4177 3020 4398 3090 Abra-

2835 3132 3000 3201 Ιιαηι
3038 3136 3208 3214 Deo,
3251 3141 3315 3200 et
3342 3141 3732 3224 reputatum
3760 3140 3856 3199 est
3885 3130 4003 3199 illi
4038 3130 4136 3198 ad
4166 3129 4396 3220 justi-

2835 3243 3034 3310 tiam.

2927 3479 2962 3521 e
3009 3457 3302 3547 Propter
3362 3454 3570 3547 quod.
3626 3483 3658 3516 υ
3732 3453 3903 3523 Ecce
3976 3455 4382 3526 secundum.

2834 3561 3045 3643 Quasi
3110 3562 3412 3633 diceret:
3484 3561 3598 3632 Sic
3668 3561 3946 3642 credidi,
4039 3592 4069 3629 ι
4096 3575 4387 3658 propter

2832 3671 3025 3763 quod
3051 3669 3322 3740 loeutus
3344 3693 3525 3750 sum,
3563 3696 3597 3737 ι
3630 3693 3747 3740 ore
3777 3670 4166 3741 confitendo
4198 3672 4385 3765 quod

2834 3778 3151 3849 tenebam
3207 3781 3431 3850 corde.
3500 3779 3660 3849 Luc.
3727 3803 3821 3861 rx,
3880 3782 3966 3847 20
4011 3802 4027 3849 :
4084 3782 4224 3865 Qui
4279 3804 4390 3851 me

2832 3885 3183 3956 erubuerit
3218 3897 3284 3956 et
3310 3910 3494 3957 meos
3532 3911 3891 3969 sermones,
3937 3889 4121 3956 laune
4155 3888 4387 3957 Filius

2832 3997 3134 4066 hominis
3169 3996 3506 4066 erubescet
3539 4021 3695 4066 cum
3733 3998 3987 4064 venerit
4028 3999 4101 4065 in
4157 3997 4392 4088 maje-

2830 4113 3011 4174 state
3036 4116 3280 4186 sumet
3317 4106 3573 4183 Patris,
3617 4114 3682 4173 et
3714 4116 4110 4173 sanctorum
4153 4106 4390 4197 Ange-

2835 4213 3091 4284 lorum.
3123 4213 3365 4284 nauh.
3392 4237 3510 4292 xii,
3543 4216 3585 4281 8
3618 4234 3635 4284 ε
3672 4215 4096 4306 Quicumque
4130 4216 4390 4305 conses-

2829 4345 2949 4392 sus
2963 4325 3185 4414 luerit
3200 4347 3310 4392 me
3323 4345 3554 4391 eoram
3572 4323 3729 4391 lzom
3737 4320 3991 4402 iniibus,
4013 4322 4387 4413 confitebor

2834 4445 2899 4502 et
2925 4456 3049 4525 eqo
3076 4455 3232 4502 eum
3262 4456 3492 4502 eoram
3542 4436 3753 4504 Patre
3778 4456 3949 4501 meo.
3987 4431 4244 4502 Servus
4271 4434 4388 4527 pi-

2835 4564 2958 4633 ger
2990 4538 3310 4609 servabat
3356 4539 3558 4608 tidem
3607 4539 3677 4607 in
3732 4549 3908 4609 terra
3959 4539 4186 4609 cordis
4211 4548 4387 4609 tam-

2835 4670 3042 4740 quam
3073 4648 3448 4740 pretiosum
3477 4647 3737 4716 domini
3776 4650 3881 4715 sui
3930 4646 4292 4729 talentum,
4313 4656 4381 4717 et

2832 4755 3197 4824 damnatus
3256 4764 3384 4842 est,
3440 4755 3601 4848 quia
3667 4778 3790 4848 per
3833 4756 4385 4848 praedicationem

2833 4862 3003 4933 illud
3040 4886 3181 4933 non
3220 4864 3532 4957 exposuit
3558 4859 3607 4931 ⁸.

2926 5103 2960 5142 ι
3004 5078 3159 5169 qu
3186 5087 3441 5147 autem.
3483 5102 3514 5143 ι
3557 5076 3681 5147 Hic
3723 5081 4029 5171 tangitur
4063 5081 4373 5165 tertium,

2832 5183 3088 5254 scilicet
3125 5183 3292 5253 illud
3329 5186 3402 5254 in
3446 5208 3584 5279 quo
3634 5186 3999 5255 confltetur
4044 5211 4120 5259 se
4166 5189 4378 5257 susti-

2904 5441 2928 5480 θ
2964 5442 3169 5500 unuh.
3192 5458 3293 5511 ιιι,
3327 5443 3418 5498 34.

2901 5530 2928 5567 ⁴
2952 5528 3043 5589 ad
3071 5532 3321 5588 Roman.
3348 5547 3408 5601 x,
3440 5530 3528 5589 ¹0.

2900 5620 2928 5657 ⁸
2955 5620 3036 5680 Cf.
3073 5621 3278 5679 Μαίη).
3316 5638 3442 5693 xxv.
3475 5624 3564 5679 26.
