5008 6329
784 344 913 410 452

785 515 895 592 Et,
937 536 1007 590 x,
1056 514 1127 577 11
1173 534 1187 578 3
1237 510 1521 579 Ossibus
1568 521 1632 578 et
1685 510 1911 577 nervis
1941 507 2344 598 compeqisti

787 617 1127 697 meos-sa,
1160 625 1548 686 constantes
1581 643 1595 686 3
1630 619 1819 686 nervi
1864 618 1979 707 qui
2013 614 2343 683 flexibiles

789 733 969 802 sunt,
1022 722 1547 813 compatientes.
1612 724 1746 792 Sed
1780 722 1925 790 haec
1966 744 2105 788 non
2136 728 2204 786 te
2234 719 2341 785 la-

787 841 955 911 tent,
1012 835 1171 922 quie
1209 842 1281 899 tu
1330 834 1520 899 vides
1559 832 1787 906 corda,
1848 829 1971 895 etsi
2023 826 2340 892 homines

789 940 1057 1008 lateant.
1100 940 1121 1005 1
1157 940 1323 1028 Reg.
1347 960 1488 1015 xv1,
1513 939 1550 1002 ‘1
1582 961 1596 1003 :
1632 938 1812 1003 Hom
1869 934 2053 1000 videt
2082 956 2161 999 ea
2191 954 2343 1021 quae

778 1060 1050 1141 parent,
1084 1053 1272 1118 Deus
1310 1057 1541 1112 autem
1574 1047 1882 1112 intuetur
1913 1066 2050 1111 cor.
2096 1040 2343 1107 Nullus

788 1181 947 1248 ergo
979 1179 1050 1224 se
1075 1154 1366 1222 debilem
1391 1154 1592 1232 dicat,
1638 1154 1795 1242 quia
1833 1152 2017 1218 Deus
2040 1150 2233 1216 novit
2272 1150 2341 1215 in

789 1286 922 1354 quo
969 1263 1195 1351 posuit
1232 1260 1724 1328 fortitudinem.
1778 1258 2105 1326 Proverb.
2149 1280 2338 1334 xxw,

795 1373 873 1437 12
927 1392 942 1434 3
995 1370 1075 1437 Si
1124 1368 1385 1436 dixeris
1432 1392 1455 1436 3
1505 1369 1680 1435 Vires
1733 1391 1871 1435 nou
1912 1375 2341 1457 suppetunt:

787 1477 911 1567 qui
948 1478 1285 1568 inspector
1321 1485 1420 1541 est
1458 1476 1707 1555 cordis,
1757 1477 1900 1564 ipse
1939 1473 2299 1562 intelliqit.

868 1716 901 1757 α
929 1693 1024 1758 Et
1063 1687 1453 1756 substantia
1484 1708 1658 1752 mea.
1696 1712 1726 1744 n
1766 1683 1896 1750 Hic
1927 1691 2344 1750 monstratur

782 1795 1091 1865 beneficii
1131 1792 1563 1883 magnitudo,
1626 1791 1788 1881 quia
1854 1788 2013 1856 data
2060 1797 2163 1856 est
2209 1787 2338 1854 sibi

780 1903 932 1972 talis
972 1900 1291 1992 perfectio
1358 1898 1580 1967 adhuc
1654 1899 1723 1964 in
1791 1919 1992 1964 carne
2051 1918 2338 1985 corrup-

780 2010 952 2079 tibili
994 2008 1338 2078 existenti.

872 2117 986 2185 Ait
1013 2116 1195 2183 enim
1232 2136 1247 2180 :
1287 2112 1403 2180 Sic
1450 2135 1528 2179 os
1567 2119 1726 2178 non·
1750 2120 1848 2178 est
1891 2108 2337 2187 occultatum,

785 2222 966 2315 quod
1004 2222 1256 2289 fecisti:
1297 2245 1330 2286 α
1365 2230 1456 2300 et,
1504 2245 1536 2284 ιι
1572 2217 1836 2309 supple,
1898 2226 2154 2296 tamen,
2184 2216 2344 2284 sub-

781 2330 1041 2399 stantia
1080 2351 1253 2407 mea,
1293 2353 1324 2392 n
1387 2337 1489 2395 est
1517 2325 1763 2408 adhuc,
1794 2352 1825 2390 α
1878 2328 1946 2392 in
1981 2325 2342 2412 inferiori-

793 2437 916 2505 bus
970 2447 1187 2517 terrae,
1224 2460 1258 2500 ι
1323 2435 1390 2503 id
1457 2442 1582 2511 est,
1639 2433 1862 2500 adhuc
1919 2433 2219 2500 subsisto
2272 2434 2341 2500 in

790 2544 1208 2636 corruptibili
1240 2566 1469 2619 carne,
1514 2551 1578 2610 et
1611 2542 1916 2633 pulvere.
1954 2540 2200 2608 Genes.
2236 2563 2334 2616 ιιι,

795 2658 872 2723 19
902 2678 916 2721 3
958 2653 1205 2722 Pulvis
1233 2675 1324 2730 οε,
1358 2660 1425 2718 et
1464 2653 1533 2718 in
1573 2650 1927 2741 pulverem
1959 2650 2337 2716 reverteris.

783 2761 942 2838 Job,
975 2784 1045 2836 x,
1070 2762 1110 2828 9
1138 2782 1153 2826 3
1177 2762 1797 2849 .tlem‹71to,quaeso,
1822 2756 2014 2848 quod
2026 2759 2207 2824 sicut
2237 2756 2342 2823 lu·-

788 2879 929 2937 tum
950 2868 1189 2958 leceris
1212 2890 1342 2946 me,
1362 2878 1427 2933 et
1460 2868 1527 2933 iu
1537 2865 1895 2957 pulverem
1912 2864 2188 2932 reduces
2205 2885 2332 2931 me.

877 3225 909 3259 «ι
949 3196 1432 3285 Imperfectum
1480 3215 1729 3261 meum.
1781 3218 1814 3254 ιο
1880 3191 2008 3259 llic
2056 3195 2336 3263 tertium

783 3300 1215 3377 beneficium,
1283 3298 1543 3366 scilicet
1612 3297 2164 3388 imperfectorum
2224 3298 2338 3387 pia

783 3408 1231 3499 supportatio,
1266 3406 1452 3498 quod
1510 3406 1936 3496 significatur
1977 3407 2044 3472 in
2082 3407 2335 3473 intuitu

783 3517 1161 3585 oculorum.

872 3625 980 3690 Ait
1013 3604 1237 3690 enim:
1306 3620 1420 3689 Sic
1470 3621 1675 3687 fortes
1716 3621 1958 3695 fecisti,
2004 3628 2069 3686 et
2125 3620 2332 3687 etium

787 3758 818 3796 ι
860 3731 1046 3797 oculi
1108 3731 1239 3806 tui,
1284 3758 1314 3789 n
1367 3728 1847 3795 misericordia’
1897 3735 1964 3794 et
2041 3727 2331 3818 pietatis,

787 3864 818 3902 ι
866 3837 1203 3912 ciderunt,
1248 3865 1276 3895 ιι
1310 3836 1596 3925 gratiam
1633 3834 2078 3911 infundendo,
2114 3843 2182 3902 et
2213 3836 2335 3901 mi·

783 3942 1245 4011 sericordiam.
1275 3970 1308 4005 α
1348 3942 1820 4031 Imperfectum
1854 3962 2107 4008 meum.
2150 3967 2182 4006 »
2220 3941 2334 4009 Sic

782 4050 1127 4116 infirmum
1155 4048 1446 4138 respexit
1472 4046 1746 4114 Petrum
1765 4051 1810 4128 ¹,
1835 4059 1901 4115 et
1932 4048 2331 4117 Mutthaeum

781 4157 1125 4224 sedentem
1188 4158 1255 4222 in
1316 4155 1572 4222 telonio
1606 4162 1653 4221 ¹.
1718 4155 2027 4245 Sapit-nt.
2072 4180 2166 4234 w,
2216 4158 2327 4225 15:

779 4265 872 4330 Et
954 4271 1288 4350 respectus
1355 4262 1423 4328 iu
1500 4260 1743 4327 electos
1817 4262 2042 4329 illius.
2126 4261 2327 4330 Eccli.

777 4390 963 4445 xxiv,
986 4368 1069 4435 43
1087 4388 1103 4434 3
1122 4367 1490 4457 Inspiciam
1509 4389 1739 4432 omues
1757 4368 2191 4447 dormientes,
2210 4370 2336 4436 ini·

778 4474 1108 4567 perfectos
1128 4476 1241 4565 qui
1260 4483 1557 4564 torpent:
1577 4486 1640 4541 et
1664 4474 2083 4544 illuminabo
2104 4499 2338 4545 omui-s

774 4592 1119 4675 sperantes
1142 4584 1210 4650 iu
1238 4583 1557 4650 Domino.
1575 4583 1867 4671 gratiam
1886 4582 2332 4655 infundendo.

779 4689 1043 4758 Nonne.
1095 4688 1329 4755 Matth.
1367 4711 1507 4764 xiv,
1545 4691 1655 4759 311.
1690 4689 1991 4755 extendit
2025 4712 2333 4769 manum,

782 4808 853 4866 ut
898 4798 1170 4865 Petrum
1215 4799 1506 4889 eriperet
1545 4797 1766 4865 ndliuc
1810 4796 2339 4887 imperfectum?

785 4907 976 4976 Unde
1018 4915 1082 4974 et
1115 4905 1362 4973 ibidem
1405 4906 1723 4974 subditur
1755 4930 1771 4975 :
1818 4906 2111 4975 Modica*
2136 4907 2329 4996 fidei,

783 5037 997 5107 quare
1034 5009 1438 5080 dubitasti?

851 5314 869 5351 ¹
899 5312 984 5369 Cf.
1018 5312 1156 5370 Luc.
1189 5327 1328 5378 xxu,
1360 5313 1423 5369 ot
1450 5318 1511 5369 et
1539 5313 1631 5367 62.

850 5400 873 5436 ¹
900 5399 984 5457 Cf.
1017 5400 1219 5457 nauh.
1253 5417 1329 5466 ux,
1371 5404 1405 5457 9

850 5487 874 5523 ³
902 5486 1141 5560 Apocal.
1176 5504 1228 5555 v,
1266 5493 1368 5544 tt:
1419 5490 1485 5546 Et
1541 5490 1660 5545 vidi
1707 5491 1767 5545 in
1813 5490 2049 5545 ‹ie-ctera
2095 5490 2335 5547 sedentis

779 5596 945 5651 supra
995 5579 1275 5642 thronum,
1302 5578 1526 5634 Librum
1564 5578 1834 5650 scriptum
1880 5580 2033 5636 intus
2078 5584 2133 5636 et
2169 5583 2331 5652 toris,

779 5671 1059 5740 donatum
1099 5665 1299 5736 sioittis
1324 5673 1551 5737 septem.

1812 336 1898 405 D.
1951 334 2154 402 ALB.
2207 333 2427 402 MAG.
2480 332 2688 403 ORD.
2739 330 3032 401 PRAED.

2563 533 2592 568 α
2630 508 2724 573 E't
2765 507 2832 572 in
2886 505 3059 572 libro
3101 516 3242 571 tuo.
3290 530 3323 565 ³>
3393 502 3522 570 Hic
3586 501 3993 569 beneficium

2461 621 2801 701 quartum,
2851 610 3104 677 scilicet
3150 621 3598 699 utrorumque
3647 609 3991 697 praedesti-

2458 720 2669 794 nati0,
2730 718 3179 807 perfectorum
3242 719 3521 799 scilicet,
3565 728 3632 784 et
3671 716 3990 807 imperfe-

2458 833 2745 890 ctorum.

2547 932 2661 998 Ait
2699 935 2919 1001 enim:
2958 932 3069 1000 Sic
3096 933 3429 1022 perfectos
3463 932 3703 1010 fecisti,
3741 935 3997 1022 imper-

2456 1039 2666 1106 fectos
2697 1041 2891 1107 oculo
2927 1039 3404 1107 misericordiae
3452 1041 3727 1130 respicis
3763 1062 3777 1105 3
3835 1065 3869 1104 α
3902 1042 3996 1106 Et

2458 1150 2529 1215 in
2566 1147 2739 1215 libro
2772 1158 2912 1224 tuo,
2951 1174 2982 1213 »
3049 1149 3665 1237 praedestinationis
3714 1149 3989 1229 scilicet,

2461 1283 2491 1316 «
2523 1278 2750 1323 omnes
2781 1256 3179 1333 scribentur,
3229 1281 3259 1318 »
3300 1265 3441 1323 tarn
3473 1257 3748 1346 perfecti
3789 1279 3994 1347 quam

2455 1358 2824 1445 imperfecti
2859 1381 2874 1425 3
2954 1382 3091 1426 non
3168 1362 3350 1427 enim
3420 1362 3644 1427 solum
3720 1360 3991 1449 perfecti

2454 1467 2919 1546 salvabuntur,
2981 1469 3097 1536 sed
3154 1471 3358 1535 etiam
3421 1469 3818 1559 imperfecti.
3871 1470 3995 1538 Ge-

2452 1596 2599 1641 neS.
2630 1598 2749 1654 vn,
2779 1576 2818 1641 8
2841 1584 2904 1642 et
2935 1598 3109 1665 seq..
3146 1577 3320 1643 Arca
3346 1599 3480 1643 non
3513 1576 3735 1643 solum
3767 1576 3994 1643 homi-

2456 1704 2574 1749 nes
2613 1684 3020 1760 continebat,
3055 1685 3168 1751 sed
3218 1687 3422 1751 etiam
3463 1687 3808 1753 animalia.
3859 1685 3991 1752 Sed

2460 1792 2741 1878 quinon
2809 1790 3157 1867 scribetur,
3193 1791 3646 1861 damnabitur.
3702 1793 3988 1882 Apocnl.

2459 1917 2574 1975 xx,
2617 1899 2733 1965 15:
2800 1898 2934 1981 Qui
2976 1921 3108 1965 non
3175 1900 3484 1967 inventus
3514 1909 3611 1967 est
3657 1901 3727 1966 in
3785 1899 3991 1968 Libro

2453 2005 2609 2071 vitae
2678 2007 2993 2094 scriptus,
3065 2008 3310 2073 missus
3362 2017 3458 2074 est
3541 2009 3613 2075 in
3663 2017 3990 2099 staqnum

2453 2111 2656 2199 iynis.
2730 2109 2859 2179 Sed
2917 2110 3133 2190 electi,
3184 2115 3327 2180 sine
3376 2113 3712 2182 deletione
3751 2116 3820 2181 in
3876 2115 3990 2183 illo

2453 2218 2859 2286 scribuntur.
2913 2221 3192 2310 Apocal.
3260 2244 3356 2298 m,
3400 2225 3484 2291 5:
3551 2225 3689 2307 Qui
3728 2225 3984 2302 vicerit,

2449 2327 2550 2393 sic
2574 2329 2889 2394 vestietur
2917 2330 3324 2395 vestimentis·
3364 2329 3567 2407 albis,
3611 2341 3676 2397 et
3703 2353 3839 2398 non
3869 2331 3990 2397 de·—

2454 2431 2604 2499 lebo
2643 2455 2881 2499 nomeu
2911 2433 3065 2522 ejus
3102 2434 3185 2500 de
3222 2433 3426 2502 Libro
3479 2439 3658 2502 υἱέε.
3698 2436 3889 2504 Unde
3929 2437 3984 2504 si

2451 2541 2754 2632 loquitur
2784 2541 3084 2610 Christus
3113 2542 3223 2610 hic
3263 2566 3386 2634 pro
3419 2545 3770 2622 membris,
3807 2545 3983 2612 idem

2450 2657 2552 2716 est
2580 2670 2658 2717 ac
2697 2649 2750 2716 si
2804 2650 3087 2718 diceret:
3135 2649 3209 2716 ln
3258 2674 3366 2718 me
3414 2674 3656 2719 omnes
3686 2653 3984 2720 scriben-

2447 2765 2599 2825 tur:
2638 2760 2777 2849 ipse
2806 2762 2988 2827 enim
3010 2769 3110 2826 est
3151 2761 3341 2829 liber.
3385 2761 3806 2850 Apocal.xx,
3857 2763 3978 2828 12:

2445 2864 2651 2934 Alius
2705 2866 2905 2935 Liber
2958 2879 3234 2958 apertus
3287 2879 3405 2942 est,
3468 2870 3593 2958 qui
3639 2879 3736 2937 est
3800 2871 3976 2952 vitae,

2445 2973 2735 3064 scriptus
2772 2975 2952 3041 intus
2981 2982 3045 3041 et
3083 2972 3289 3041 foris’
3321 2997 3337 3040 :
3384 2978 3564 3042 intus
3603 2975 3827 3067 quoad
3873 2976 3980 3043 di-

2446 3082 2824 3169 vinitatem,
2899 3085 3188 3151 exterius
3271 3084 3497 3175 quoad
3586 3084 3981 3154 humanita-

2446 3197 2609 3258 tem.

2539 3431 2572 3472 α
2621 3409 2779 3474 Dies
2830 3404 3341 3495 formabuntur.
3381 3432 3415 3472 n
3477 3406 3606 3476 llic
3662 3409 3979 3499 quintum

2445 3537 2619 3605 opus
2672 3516 3054 3590 mirificum,
3148 3515 3697 3603 imperfectorum
3760 3515 3979 3607 perfe-

2444 3622 2604 3696 ctio,
2648 3620 2731 3689 ει]
2761 3624 2861 3688 sui
2903 3619 3440 3688 similitudinem.

2534 3729 2649 3795 Ait
2703 3729 2926 3796 enim:
2972 3727 3083 3795 Sic
3137 3750 3376 3795 omnes
3426 3729 3810 3797 scribentur
3840 3738 3978 3796 tam

2442 3833 2714 3925 perfecti
2789 3857 2992 3926 quam
3053 3834 3419 3925 imperfecti
3465 3857 3481 3905 3
3563 3846 3629 3904 et
3695 3836 3790 3903 itti
3863 3836 3978 3927 qui

2445 3940 2717 4029 perfecti
2785 3949 3004 4015 erunt,
3042 3941 3106 4007 in
3172 3950 3234 4007 te
3301 3943 3773 4030 perficientur:
3818 3944 3979 4034 quin

2446 4071 2479 4112 α
2515 4047 2684 4119 dies.
2721 4073 2752 4112 n
2795 4047 3099 4137 Apostoli
3149 4048 3425 4125 scilicet,
3470 4050 3552 4117 de
3593 4050 3841 4140 quibus
3869 4052 3981 4119 di-

2442 4154 2617 4220 citur
2657 4156 2722 4219 in
2765 4153 2938 4220 Psal.
2993 4176 3179 4229 xvnn,
3214 4156 3294 4222 3:
3351 4157 3512 4222 Dies
3549 4156 3691 4223 diei
3717 4167 3982 4225 eructat

2443 4258 2744 4327 verbum.
2803 4259 2955 4327 Dies
3020 4260 3207 4335 clari,
3286 4260 3561 4341 fertiles,
3622 4273 3689 4332 et
3745 4265 3973 4348 calidi,

2442 4387 2672 4432 nonne
2711 4366 2835 4457 ipsi
2867 4376 3043 4435 sunt.
3081 4365 3325 4457 quibus
3364 4368 3621 4436 dietum
3667 4379 3808 4438 est:
3858 4373 3979 4440 Vos

2445 4477 2605 4541 estis
2647 4475 2773 4542 lus
2801 4476 3042 4543 nitendi
3067 4475 3141 4543 ⁸?
3171 4475 3312 4543 Lux
3343 4488 3570 4545 eutem
3604 4478 3809 4554 clara,
3845 4480 3981 4548 fer-

2446 4579 2608 4656 tilis,
2652 4589 2717 4648 et
2747 4582 2922 4649 clara
2972 4593 3094 4650 est.
3146 4582 3219 4650 l·'.t
3261 4582 3513 4652 habent
3557 4583 3759 4654 horas
3804 4588 3982 4655 duo-

2445 4686 2691 4755 decim.
2739 4688 2937 4756 Joan.
3010 4712 3101 4766 xi,
3171 4693 3261 4758 93
3329 4693 3572 4760 Nonne
3621 4693 3979 4763 duodecim

2442 4794 2626 4863 lcorae
2677 4808 2838 4863 sunt
2883 4797 3084 4865 diei?
3148 4799 3246 4867 lta
3300 4799 3395 4868 illi
3443 4799 3831 4878 duodecim,
3867 4804 3979 4895 qui

2445 4914 2891 4972 numerantur
2936 4907 3004 4973 in
3063 4907 3346 4997 epistola
3395 4908 3479 4975 ed
3513 4906 3735 4978 Galat.
3785 4936 3854 4993 v,
3897 4915 3981 4980 22

2442 5019 2509 5078 et
2549 5013 2661 5092 23,
2694 5012 3046 5082 duodecim
3068 5015 3317 5084 scilicet
3346 5015 3601 5086 fructus
3640 5019 3978 5110 spiritust.

2512 5311 2536 5346 ⁸
2565 5311 2770 5368 nuth.
2800 5329 2855 5378 v,
2885 5314 2968 5368 ¹4.

2514 5399 2537 5436 ⁸
2565 5400 2652 5456 Ad
2678 5401 2862 5458 Galat.
2893 5418 2944 5468 v,
2969 5403 3040 5455 22
3063 5406 3122 5455 et
3147 5402 3246 5458 2³:
3277 5405 3507 5462 Fructus
3557 5413 3741 5463 autem
3796 5408 3983 5481 Spiri-

2442 5495 2533 5545 tus
2560 5496 2638 5545 est
2669 5505 2689 5543 3
2736 5489 3010 5552 Charitas,
3037 5491 3323 5562 qaudium,
3362 5511 3503 5565 pax,
3555 5498 3860 5567 patientia,
3890 5499 3983 5555 be-

2440 5582 2713 5650 nr'qmtas,
2799 5578 3029 5648 bonitas,
3104 5581 3524 5654 longanimitas,
3598 5590 3980 5660 mansuetudo,

2436 5672 2594 5745 fiaes,
2622 5672 2904 5741 modestia,
2931 5674 3290 5747 cunctamen,
3319 5678 3559 5736 ωειειω.
3772 5657 3791 5676 ’

4007 4013 4102 4056 Cur
4113 4012 4295 4065 Apu-to

4059 4066 4277 4109 dicuntur

4100 4119 4237 4164 diunt
