5008 6329
438 1718 622 1767 Christi
659 1722 707 1763 et

436 1781 714 1820 unctorum

423 1825 718 1884 comparatio

433 1892 544 1927 enm
575 1885 709 1936 petra

463 1934 512 1978 in
526 1944 678 1990 aqna·

446 1997 701 2035 ωὓῗθη..

753 355 877 424 198

752 546 864 592 sos
930 525 1011 593 de
1075 527 1416 615 perversis
1474 527 1786 595 moribus
1853 529 1937 595 ad
1988 531 2305 619 gratiam.

756 629 1096 710 SecundO,
1142 640 1479 722 quantum
1520 634 1605 702 ad
1636 657 2010 704 conversos
2051 634 2132 703 de
2154 635 2312 702 insi-

755 737 1025 805 delitate
1055 738 1139 804 ad
1192 738 1424 820 fidem,
1462 742 1581 822 ibi,
1628 771 1664 807 «
1709 744 1801 811 Et
1829 765 2094 832 rupem.
2142 766 2174 806 n

841 846 959 913 Ait
995 848 1175 914 enim
1227 871 1242 916 :
1325 849 1441 919 Sic
1509 852 1676 931 dixi,
1725 851 1914 943 quod
1961 850 2108 919 haec
2136 850 2310 917 facta

756 960 914 1020 sunt
946 981 977 1016 «
1014 977 1056 1021 a
1090 958 1276 1046 facie
1300 960 1688 1048 Dominig»
1723 957 1857 1026 hoc
1888 966 2014 1037 est,
2059 956 2143 1024 ab
2167 957 2313 1045 ejus

754 1064 1116 1150 praeseutia
1168 1071 1237 1132 et
1287 1065 1625 1155 spirituali
1693 1073 1761 1134 et
1815 1065 2202 1156 corporali:
2247 1071 2311 1132 et

754 1190 1026 1238 necesse
1091 1170 1218 1238 fuit

757 1301 792 1343 ι
821 1280 1173 1356 convertit,
1210 1301 1244 1342 n
1287 1276 1437 1346 haec
1483 1279 1821 1367 faciendo,
1881 1310 1914 1345 α
1937 1290 2236 1372 petram,
2273 1304 2306 1345 a

756 1385 1026 1475 plebem
1068 1406 1266 1452 suam
1308 1384 1776 1467 durissimam,
1814 1413 1848 1453 α
1927 1390 2001 1456 in
2061 1395 2311 1477 staqna

759 1512 1125 1581 aquarum,
1165 1518 1198 1554 ι)
1234 1493 1304 1558 in
1351 1491 1501 1561 loco
1532 1497 1940 1585 gratiarum,
1972 1497 2147 1564 sicut
2173 1503 2313 1562 sta-

765 1619 900 1688 gna
937 1597 1087 1666 loca
1115 1608 1275 1667 sunt
1303 1603 1634 1669 stantium
1666 1625 2027 1693 aquarum.

853 1731 887 1770 α
918 1709 1013 1775 Et
1049 1730 1312 1798 rupem,
1341 1736 1374 1770 n
1411 1710 1725 1778 eamdem
1749 1710 2006 1778 scilicet
2045 1708 2314 1800 plebem

761 1814 999 1882 duram
1063 1817 1237 1884 sicut
1293 1839 1521 1907 rupeS,
1583 1845 1616 1884 <a
1688 1821 1762 1886 in
1806 1819 2036 1910 sontes
2091 1839 2316 1909 aqua-

757 1947 938 2009 rum,
977 1949 1011 1990 r
1061 1926 1132 1992 in
1180 1924 1678 1995 abundantiam
1710 1927 1966 1997 scilicet
2007 1926 2315 2019 Scriptu-

757 2057 985 2102 rarum
1016 2033 1099 2102 ad
1131 2034 1305 2103 alios
1343 2035 1836 2117 derivatorum,
1871 2039 2047 2107 sicut
2086 2044 2314 2129 aperte

757 2139 1067 2209 videmus
1088 2143 1155 2209 in
1178 2140 1399 2211 Paulo
1430 2141 1714 2228 factum,
1749 2145 1866 2237 qui
1889 2145 2079 2237 prius
2108 2144 2316 2213 durus

756 2256 900 2317 erat
926 2249 1102 2316 sicut
1138 2256 1357 2340 petra,
1402 2259 1471 2319 et
1499 2253 1719 2320 tactus
1751 2260 1853 2320 est
1899 2275 2021 2321 vas
2063 2253 2319 2343 gratia-

758 2377 932 2423 rum.
968 2355 1116 2424 Act.
1152 2378 1245 2435 ix,
1286 2359 1368 2426 15
1406 2381 1422 2426 ε
1474 2360 1604 2427 Vas
1633 2359 1990 2429 electionis
2017 2369 2116 2429 cst
2145 2359 2319 2427 milei

757 2461 906 2540 iste,
946 2460 1032 2528 ad
1073 2462 1491 2552 portandum
1529 2467 1825 2557 gratiam
1857 2489 2110 2534 meam.
2159 2463 2182 2531 l
2232 2463 2317 2532 ad

760 2567 1065 2636 Corinth.
1136 2592 1254 2650 xv,
1312 2571 1444 2639 ¹0:
1487 2572 1646 2640 Non
1711 2595 1836 2663 eqo
1902 2584 2159 2647 autem,
2200 2573 2322 2639 sed

755 2678 993 2768 qratia
1031 2679 1165 2747 Dei
1227 2701 1522 2748 mecum.
1583 2679 1693 2762 Et,
1737 2680 1800 2748 11
1879 2682 1966 2750 ad
2003 2679 2312 2750 Corinth.

757 2808 878 2863 χιι,
919 2787 960 2853 9
995 2808 1011 2854 :
1046 2785 1336 2875 Sufficit
1366 2784 1497 2855 tibi
1528 2789 1769 2877 qratia
1815 2811 1992 2856 mea.
2027 2787 2320 2880 Etprius

759 2893 932 2960 sicut
963 2916 1164 2985 rupes
1196 2892 1436 2979 duruS,
1478 2893 1697 2964 factus
1727 2905 1830 2964 est
1869 2895 2023 2966 fons
2061 2895 2320 2965 doctri-

759 3021 1004 3067 narum
1068 2999 1661 3071 abundantissime
1727 3002 2024 3095 irrigans
2100 3011 2320 3072 totum

760 3106 1119 3177 mundum.
1183 3106 1521 3178 Proverb.
1578 3132 1648 3189 v,
1717 3110 1799 3179 16
1845 3132 1862 3178 ε
1907 3111 2323 3180 Dcricentur

758 3214 984 3305 sontes
1020 3216 1127 3282 tui
1172 3215 1398 3306 foras.
1457 3215 1575 3285 Sic
1613 3214 2009 3309 Stephanus
2038 3217 2121 3286 de
2152 3217 2322 3285 dura

759 3331 952 3414 petra
1016 3330 1336 3415 stagnum
1401 3323 1621 3393 factus
1685 3333 1809 3395 est.
1869 3326 2022 3395 Act.
2084 3349 2180 3412 vi,
2214 3327 2254 3395 8
2298 3346 2315 3396 ε

760 3430 1151 3523 Stephanus
1180 3431 1441 3524 plenus
1473 3435 1713 3524 qratia
1765 3444 1833 3503 et
1875 3434 2313 3526 fortitudine.

758 3536 844 3606 Et
901 3539 1107 3607 etiam
1162 3537 1319 3609 fons
1375 3538 1872 3612 doctrinarum.
1925 3540 2006 3611 ln
2046 3541 2317 3623 eodem,

760 3650 826 3722 5.
866 3645 946 3714 10
987 3664 1007 3715 t
1043 3647 1140 3715 Ee
1163 3669 1303 3714 non
1335 3656 1664 3739 poterant
1689 3649 2002 3718 resistere
2044 3650 2325 3743 sapien-

763 3752 876 3820 tie
896 3763 961 3820 ct
979 3754 1285 3846 Spiritui
1309 3756 1437 3847 qui
1465 3754 1903 3848 loquebatur.
1938 3758 2073 3826 Isa.
2108 3779 2317 3837 xxxv,

764 3860 806 3928 6
842 3867 910 3928 et
946 3861 987 3930 7
1022 3882 1039 3928 ε
1090 3862 1337 3931 Scissa·
1383 3872 1552 3931 sunt
1589 3864 1662 3931 in
1701 3863 1964 3934 deserto
1992 3889 2216 3957 aquae,
2257 3876 2322 3933 et

761 3976 1087 4036 torrentes
1103 3970 1175 4037 in
1190 3970 1598 4039 solitudine.
1622 3972 1721 4041 Et
1737 3995 1895 4064 quae
1910 3983 2061 4042 crat
2087 3974 2320 4060 arida,

761 4077 892 4145 erit
957 4077 1030 4145 in
1112 4086 1473 4170 staqnum,
1541 4088 1609 4148 et
1665 4081 1908 4150 sitiens
1970 4082 2044 4151 in
2097 4084 2324 4172 sontes

765 4204 1137 4274 aquarum.
1955 4196 1970 4212 ⁰

849 4288 1056 4358 Petra
1122 4290 1330 4359 etiam
1378 4300 1450 4360 et
1513 4315 1719 4385 rupes
1780 4293 1913 4364 fuit
1981 4294 2316 4366 Christus.

762 4396 794 4464 1
846 4395 936 4466 ad
971 4395 1281 4466 Corinth.
1323 4420 1399 4480 x,
1464 4397 1508 4467 4
1551 4421 1569 4468 ι
1636 4402 1851 4470 Petra
1906 4412 2138 4472 autem
2175 4415 2324 4474 erat

1288 1193 1303 1237 :
1373 1198 1408 1234 «
1451 1172 1598 1260 qui,
1636 1196 1671 1237 n
1722 1172 1792 1240 id
1829 1182 1956 1253 est,
1993 1173 2153 1263 quia
2196 1169 2324 1246 ille,

1779 357 1866 427 D.
1918 355 2116 425 ALB.
2174 356 2392 423 MAG.
2445 355 2648 422 ORD.
2700 352 2997 420 PRAED.

2417 534 2682 617 sufferet
2721 522 2858 590 mel
2901 522 2983 588 dc
3014 529 3237 610 petra,
3278 518 3638 605 oleumque
3667 515 3749 582 cle
3779 533 3949 580 saxo

2415 634 2804 701 durissimo.

2508 1186 2541 1226 α
2613 1161 2765 1227 Non
2827 1156 3046 1233 nobis,
3098 1156 3413 1237 Domine,
3468 1173 3605 1218 non
3647 1148 3864 1216 nohis.
3902 1173 3931 1208 n

2415 1269 2543 1336 llic
2580 1266 2948 1336 secundum
2988 1264 3196 1332 totius
3233 1262 3470 1352 primae
3498 1258 3708 1350 partis
3754 1252 3948 1321 Psal-

2414 1398 2534 1443 mi.

2499 1483 2747 1548 Actum
2787 1479 2968 1548 enim
2992 1486 3092 1546 est
3122 1476 3204 1544 de
3231 1475 3627 1542 Judaeorum
3660 1470 3951 1560 particu-

2417 1589 2537 1657 lari
2569 1588 3036 1665 conversione,
3067 1584 3179 1654 bic
3218 1583 3652 1672 subjungitur
3696 1579 3780 1646 de
3824 1577 3950 1644 Dei

2417 1699 2615 1766 laude
2637 1721 2758 1789 pro
2789 1697 3229 1765 conversione
3252 1692 3388 1770 illa,
3423 1713 3576 1760 cum
3607 1687 3950 1756 idolorum

2417 1806 2860 1873 detestatione
2895 1826 2910 1871 ε
2954 1809 3018 1871 et
3047 1799 3416 1869 secundum
3461 1796 3592 1864 hoo
3636 1795 3956 1863 dicuntur

2418 1913 2580 1982 duo,
2616 1912 2846 1979 Primo
2886 1911 3068 1979 enim
3098 1909 3321 2000 agitur
3350 1905 3432 1974 de
3470 1904 3699 1973 divina
3755 1901 3955 1969 laude

2418 2029 2692 2112 propter
2728 2019 3113 2111 praecedens
3140 2015 3571 2085 beneficium.
3608 2009 3951 2087 SecundO,

2420 2128 2502 2196 de
2541 2127 3056 2197 simulacrorum
3087 2124 3552 2204 detestatione,
3586 2119 3707 2201 ibi,
3739 2126 3804 2194 ς’.
3857 2118 3898 2183 4
3933 2139 3949 2183 ε

2422 2266 2456 2305 α
2490 2238 2887 2309 Simulacra
2919 2236 3264 2306 Gentium.
3301 2261 3331 2292 a

2510 2346 2587 2414 ln
2625 2349 2843 2438 prima
2872 2344 3031 2413 duo.
3067 2343 3327 2421 Primo,
3366 2340 3538 2431 petit
3582 2360 3618 2405 a
3648 2337 3795 2404 Deo
3824 2337 3960 2403 sin·

2420 2455 2726 2546 gularem
2773 2455 2920 2542 ejus
2974 2449 3563 2544 glorificationem.
3609 2442 3955 2518 Secundo.

2421 2564 2605 2632 addit
2633 2563 2942 2655 petitioni
2972 2560 3507 2652 persuasionem,
3551 2553 3670 2634 ibi,
3704 2555 3772 2621 in
3824 2574 3964 2618 me·

2422 2675 2535 2742 ‹lio
2562 2682 2627 2751 5.
2681 2675 2721 2741 2
2756 2697 2771 2741 :
2835 2701 2868 2737 a
2897 2667 3289 2763 ·Nequando
3318 2667 3576 2734 dicant.
3616 2688 3649 2729 ι
3706 2677 3711 2682 ·

2515 2778 2589 2846 ln
2622 2779 2837 2869 prima
2857 2777 3023 2867 petit
3053 2775 3301 2865 primo,
3334 2779 3409 2840 ut
3437 2770 3621 2838 Deus
3650 2769 3782 2851 sui,
3817 2787 3956 2833 non

2425 2887 2780 2955 hominum
2851 2889 3169 2976 procuret
3213 2879 3526 2972 gloriam.
3609 2873 3957 2955 Secundo,

2425 2993 2719 3064 ostendit
2756 3015 2961 3085 super
3013 3013 3149 3083 quo
3217 3011 3370 3057 eum
3426 2982 3705 3079 gloriari
3762 2980 3959 3064 velit,

2426 3103 2545 3183 ibi,
2577 3111 2644 3182 5.
2669 3105 2750 3173 2:
2794 3126 2829 3169 ι
2870 3102 3097 3194 Super
3122 3093 3617 3168 misericordia.
3657 3115 3690 3156 ι

2512 3212 2689 3279 Dicit
2728 3232 2890 3301 ergo
2935 3231 2952 3277 ε
2987 3207 3101 3277 Sic
3128 3228 3251 3299 per
3266 3213 3331 3274 te
3359 3202 3612 3286 solum,
3639 3198 3962 3279 Domine,

2425 3327 2581 3388 sunt
2612 3319 2944 3395 conversi,
2978 3325 3327 3407 tamquam
3357 3319 3656 3380 actorem
3703 3305 3967 3400 princi-

2425 3429 2675 3520 palem,
2708 3435 2772 3496 et
2802 3434 3073 3520 propter
3097 3422 3226 3491 hoc
3254 3420 3442 3512 petii,
3475 3442 3517 3486 o
3560 3445 3595 3481 α
3643 3415 3963 3490 Domine,

2426 3561 2560 3604 non
2590 3534 2806 3614 nobis,
2851 3561 2886 3598 ι
2917 3530 3002 3602 ab
3033 3527 3424 3599 infidelitate
3464 3520 3963 3597 recedentibus,

2428 3675 2462 3711 ι
2504 3671 2639 3714 non
2677 3644 2896 3729 nobis,
2941 3668 2975 3709 ι
3015 3640 3170 3711 fidei
3210 3659 3390 3707 verte
3420 3631 3960 3705 adhaerentibus.

2427 3754 2579 3835 vel,
2615 3782 2648 3820 ι
2674 3777 2808 3822 non
2827 3750 3047 3833 nobis,
3083 3774 3119 3817 a
3148 3747 3430 3831 Judaeis,
3455 3770 3490 3812 ι
3512 3767 3649 3813 non
3678 3741 3901 3826 nobis,
3929 3764 3967 3803 ιι

2427 3862 2781 3944 Gentibus,
2824 3888 2858 3927 ι
2901 3859 2991 3927 da
3035 3857 3339 3950 ylariam
3378 3878 3402 3923 .·
3452 3878 3488 3921 a
3529 3853 3691 3945 quia
3727 3869 3970 3918 omnes

2428 3979 2757 4065 quantum
2778 3992 2861 4039 ex
2882 3965 3081 4037 nobis
3105 3962 3275 4033 nihil
3293 3982 3556 4041 sumus,
3571 3958 3700 4027 nisi
3728 3978 3971 4049 pecca-

2427 4092 2632 4154 tores.
2665 4081 2772 4151 Ad
2801 4081 3091 4151 Roman.
3124 4098 3224 4157 ιιι,
3246 4076 3333 4143 22
3362 4081 3429 4144 et
3446 4073 3571 4143 23:
3603 4071 3759 4141 Non
3785 4068 3968 4137 enim

2427 4205 2524 4261 est
2543 4192 2923 4260 distinctio:
2952 4208 3183 4258 omnes
3208 4185 3387 4263 enim
3407 4186 3880 4275 peccaverunt,
3904 4185 3971 4246 et

2428 4309 2623 4394 eqent
2646 4299 2879 4392 qloria
2906 4297 3061 4367 Dei.
3086 4292 3225 4364 Sed
3250 4292 3468 4385 ipsam
3491 4313 3527 4356 e
3549 4287 3818 4358 nomini
3846 4294 3968 4354 tuo

2428 4409 2547 4491 da,
2568 4436 2599 4473 n
2650 4407 2844 4477 samm
2875 4414 3035 4484 tuae,
3075 4410 3151 4473 ut
3179 4398 3568 4496 praediceris
3591 4394 3963 4488 gloriosus.

767 4503 1105 4575 Christus.
1169 4503 1446 4576 Daniel.
1516 4528 1591 4587 11,
1634 4507 1723 4577 34
1766 4532 1785 4579 ε
1826 4506 2185 4580 Abscissus
2220 4523 2321 4581 est

765 4611 950 4705 lapis
977 4611 1063 4682 de
1096 4621 1326 4683 monte
1359 4615 1510 4683 sine
1543 4614 1872 4686 manibus
1899 4641 1924 4687 .·
1955 4629 2022 4689 et
2041 4643 2326 4713 percus-

758 4718 850 4784 sit
872 4726 1297 4799 statuam...,
1345 4730 1413 4789 ct
1474 4722 1910 4792 comminuit.
1955 4723 2096 4794 Sed
2132 4724 2317 4795 bunc
2424 4730 2785 4800 ostendunt
2800 4728 3008 4797 servis
3035 4725 3175 4793 tuis
3205 4721 3420 4791 mala.
3454 4718 3537 4787 Et
3562 4715 3952 4809 respondet,

761 4822 1053 4915 lapidem
1080 4824 1418 4917 percussit
1443 4825 1657 4910 Deus,
1708 4831 1974 4922 percuti
2021 4832 2093 4900 in
2122 4854 2320 4902 cruce
2429 4839 2558 4906 lsa.
2593 4860 2753 4918 κω,
2784 4837 2852 4920 8,
2884 4832 3041 4903 huic
3070 4830 3378 4924 petitioni
3416 4850 3432 4897 ε
3471 4824 3788 4895 Gloriam
3819 4845 3966 4890 me-

760 4929 915 5002 fecit
949 4933 1178 5025 gladio
1245 4933 1505 5005 lanceae
1565 4935 1615 5017 ⁸,
1675 4947 1742 5008 et
1807 4963 2101 5033 egressae
2156 4952 2318 5012 sunt
2430 4968 2544 5013 am
2577 4944 2783 5014 alteri
2817 4964 2950 5010 non
2982 4937 3185 5009 dabo.
3219 4935 3327 5018 Et,
3358 4956 3592 5011 uvm,
3623 4933 3739 4999 ¹1:
3791 4932 3968 4998 Pro·

764 5062 960 5131 aquae
1008 5041 1415 5135 largissima
1452 5043 1543 5114 ad
1610 5044 2031 5117 abluendum
2092 5058 2311 5120 totum
2419 5062 2577 5145 pter
2620 5073 2751 5129 me.
2774 5058 3058 5145 propter
3084 5044 3502 5134 melacium,
3545 5047 3625 5106 ut
3648 5056 3788 5104 non
3816 5033 3965 5104 bla-

763 5145 1122 5220 mundum.
1151 5148 1402 5242 Aquae,
1446 5172 1619 5243 quas
1655 5174 1798 5223 non
1835 5165 2105 5247 poterat
2158 5157 2320 5227 Eze-
2423 5159 2756 5252 sphemer,
2789 5156 3043 5226 scilicet
3069 5154 3140 5222 in
3170 5148 3532 5221 Gentibus:
3557 5155 3623 5214 et
3655 5142 3962 5235 qloriam

759 5248 935 5321 cbiel
991 5254 1433 5326 transvadere
1479 5257 1528 5325 ¹.
1598 5258 1818 5349 Aquae
1874 5259 2313 5345 dulcissimae,
2426 5289 2647 5335 meam
2704 5263 2911 5333 alteri
2961 5283 3096 5330 non
3136 5256 3337 5327 dabo.
3392 5252 3481 5322 Et
3513 5258 3794 5345 propter
3831 5247 3965 5317 hoc

758 5359 899 5429 imo
930 5360 1095 5443 mel,
1138 5362 1400 5436 oleum.
1440 5363 1726 5438 Denter.
1774 5389 1995 5451 xxxn,
2044 5371 2125 5439 13
2173 5395 2191 5440 ε
2231 5373 2320 5442 Ut
2423 5371 2690 5442 dicebat
2724 5368 3007 5454 Paulus,
3039 5364 3064 5433 1
3097 5363 3183 5434 ad
3215 5357 3516 5431 Timoth.
3549 5381 3598 5440 ι,
3637 5359 3763 5428 17:
3805 5354 3966 5426 Soli

2425 4516 2692 4588 Daniel.
2723 4537 2824 4596 ιιι,
2855 4513 2941 4583 43
2969 4520 3036 4582 et
3063 4510 3185 4580 44:
3216 4512 3329 4580 Da
3361 4504 3666 4599 qloriam
3693 4502 3965 4572 nomini

2426 4634 2571 4704 tuo,
2606 4622 2933 4693 Domine:
2951 4629 3016 4689 et
3042 4613 3559 4708 confundantur
3593 4609 3967 4702 omnesqui

830 5607 851 5646 ¹
877 5609 1049 5669 toan.
1087 5625 1208 5684 xix,
1237 5609 1309 5666 ³⁴
1353 5625 1370 5667 ε
1409 5609 1564 5669 Unus
1614 5611 1859 5669 militum
1918 5612 2113 5672 laum
2169 5614 2314 5673 tatus
2417 5615 2645 5687 mauis
2677 5620 2919 5686 etoqua.

760 5702 898 5776 ejus,
929 5699 1163 5759 scilicet
1187 5698 1435 5769 Christi,
1484 5702 1730 5776 aperuit,
1760 5709 1815 5761 et
1842 5702 2115 5763 continuo
2140 5706 2315 5763 exivit
2491 5708 2518 5743 ¹
2545 5704 2632 5763 Cf.
2662 5702 2867 5763 Ezecb.
2901 5719 3075 5772 nvn,
3110 5703 3134 5759 t
3167 5705 3381 5775 etseq.
