5008 6329
732 312 860 378 25ss

817 510 850 550 «
892 484 1083 551 Viam
1107 473 1518 567 iniquitatis.
1540 493 1571 533 n
1593 466 1720 535 Hic
1734 465 2109 533 secundum
2132 466 2263 555 pri-

726 616 853 660 mae
873 591 1077 681 partis
1097 579 1426 654 octonarii
1446 574 2055 676 hujuS.Postquam
2080 576 2260 641 enim

722 701 913 791 petiit
961 692 1255 763 remedia
1285 695 1518 757 contra
1548 686 1976 753 occasionem
2016 681 2256 772 culpae,

720 805 971 874 scilieet
1001 820 1280 891 pravam
1320 792 1906 867 consuetudinem,
1932 797 1998 857 et
2028 811 2264 879 quam-

720 912 873 979 dam
906 907 1232 986 acediam,
1283 903 1393 972 hie
1456 902 1622 993 petit
1681 906 1914 967 eontra
1960 896 2255 986 culpam,

718 1021 862 1087 sine
902 1040 1036 1109 qua
1082 1037 1221 1083 non
1292 1019 1710 1105 potestesse,
1765 1005 1875 1075 vel
1933 1005 2002 1071 in
2051 1025 2257 1094 quam

717 1132 909 1197 timet
939 1125 1254 1194 incidere.
1314 1122 1401 1189 Et
1447 1122 1696 1210 prime,
1745 1114 1915 1204 petit
1951 1134 2024 1179 se
2063 1110 2260 1179 elon-

717 1236 862 1326 gari
903 1256 942 1301 a
976 1232 1226 1300 futura.
1274 1223 1616 1304 Secunde,
1648 1220 1922 1288 veniam
1963 1216 2045 1285 de
2076 1238 2259 1305 prae-

713 1344 933 1426 terita,
967 1341 1022 1407 si
1063 1339 1292 1427 aliqua
1355 1338 1477 1409 est,
1553 1328 1676 1407 ibi,
1752 1353 1783 1389 «
1852 1327 1951 1393 Et
1989 1324 2073 1391 de
2111 1323 2258 1414 que

714 1460 857 1517 lua.
888 1475 918 1512 n

798 1556 916 1622 Ait
946 1552 1177 1621 enim:
1252 1547 1366 1615 Sic
1419 1544 1506 1613 da
1584 1542 1962 1611 remedium
2018 1546 2256 1607 contra

711 1658 1268 1733 consuetudinem
1328 1673 1634 1745 pravam,
1695 1656 1763 1718 et
1806 1653 2044 1716 contra
2095 1667 2254 1713 aee-

710 1771 893 1838 diam
927 1790 943 1835 :
978 1775 1044 1835 et
1072 1765 1279 1834 etiam
1341 1791 1374 1827 α
1413 1762 1599 1829 viam
1629 1756 2046 1847 iniquitatis,
2092 1779 2125 1816 ι
2153 1754 2254 1819 ἰη-

709 1877 1060 1947 transitiva
1088 1869 1526 1945 constructio,
1590 1857 1656 1932 id
1714 1870 1839 1940 est,
1901 1860 2253 1952 operatio·-

709 2008 867 2055 nem
907 1985 1238 2073 iniquam,
1280 1997 1487 2069 quam
1550 1970 1747 2040 multi
1786 1969 2243 2043 calcaverunt,

708 2098 773 2159 et
812 2090 907 2156 sic
948 2095 1048 2155 est
1102 2083 1258 2151 trita
1288 2078 1606 2148 multum.
1648 2071 1890 2142 Matth.
1944 2094 2063 2151 vu,
2104 2072 2183 2138 13
2228 2092 2244 2137 τ

706 2199 882 2265 Lata
913 2202 1143 2285 porta.
1184 2199 1248 2256 et
1272 2187 1579 2279 spatiosa
1600 2183 1716 2250 via
1744 2189 1865 2258 est,
1908 2201 2063 2271 quae
2107 2179 2246 2246 du-

703 2306 795 2371 cit
852 2301 950 2370 ad
993 2299 1472 2392 perditionem,
1522 2300 1587 2360 et
1639 2289 1852 2357 multi
1913 2294 2077 2354 sunt
2122 2288 2246 2377 qui

705 2413 966 2478 intrant
986 2428 1113 2498 per
1146 2426 1323 2488 eam,
1373 2400 1492 2492 qui
1540 2396 1783 2467 dicturi
1823 2393 2080 2461 suntin
2110 2392 2245 2459 sine

704 2517 869 2588 illud
901 2516 1205 2608 sapient.
1248 2535 1319 2591 v,
1351 2513 1388 2578 Ἰ
1462 2532 1479 2577 :
1545 2506 1823 2576 Lassata·
1874 2524 2117 2570 sumus
2172 2502 2244 2568 in

704 2629 816 2696 eia
847 2623 1256 2715 iniquitatis,
1309 2626 1375 2687 et
1431 2614 1858 2710 perditionis.
1920 2637 1954 2672 «
1989 2610 2247 2678 Amove

702 2759 745 2802 a
782 2755 889 2801 me
912 2753 935 2799 .·
969 2755 1001 2796 n
1038 2729 1340 2797 amoveri
1369 2719 1661 2794 concede
1700 2716 1972 2788 flabello
2010 2717 2243 2808 gratim

701 2851 857 2921 tuae,
907 2841 1080 2906 sicut
1105 2829 1450 2901 Abraham
1491 2825 1807 2919 abigebat
1839 2846 2002 2893 aves
2050 2844 2087 2890 a
2127 2844 2244 2890 sa-

700 2949 949 3017 crificio
970 2965 1094 3013 suo
1117 2944 1162 3009 ¹.
1189 2941 1273 3008 Et
1302 2940 1476 3007 sieut
1499 2935 1658 3013 Job,
1692 2933 1807 3025 qui
1830 2932 2014 3009 dicit,
2048 2952 2237 3008 xxxi,

708 3060 730 3125 ¹
784 3078 802 3126 z
843 3053 1091 3146 Pepiqi
1132 3048 1362 3142 soedus
1397 3067 1551 3114 cum
1626 3041 1847 3112 oculis
1920 3042 2113 3120 meis,
2165 3047 2243 3105 ut

699 3189 783 3234 ne
817 3163 1187 3254 coqitarem
1214 3154 1491 3250 quidem
1520 3152 1604 3222 de
1632 3151 1920 3242 virqine.

791 3299 825 3334 ιι
868 3271 962 3338 Et
1007 3267 1092 3336 de
1120 3265 1267 3358 que
1292 3274 1441 3341 tua,
1485 3286 1521 3327 ι
1563 3259 1617 3327 si
1664 3260 1732 3326 in
1765 3256 1995 3347 aliquo
2023 3263 2243 3323 trans-

701 3398 995 3469 gressus,
1063 3398 1097 3439 α
1132 3372 1447 3439 miserere
1477 3365 1635 3434 mei.
1673 3389 1707 3430 ι
1739 3361 1895 3446 vel,
1939 3388 1975 3426 cr
2034 3361 2242 3427 mise-

695 3506 909 3553 serere
939 3482 1095 3561 mei,
1130 3505 1166 3546 ι
1209 3477 1265 3545 si
1309 3479 1376 3545 in
1408 3474 1637 3567 aliquo
1666 3469 1920 3562 deliqui
1966 3490 1982 3536 ε
2018 3476 2084 3536 et
2109 3465 2240 3535 hoe

698 3622 730 3655 «ι
776 3592 859 3659 de
900 3590 1044 3680 teqe
1089 3599 1239 3665 tua.
1275 3612 1309 3651 ι
1335 3584 1400 3653 id
1432 3592 1557 3664 est,
1590 3578 1967 3647 secundum
2015 3575 2237 3663 legem

695 3708 908 3777 tuam,
980 3718 1129 3788 quae
1184 3702 1286 3762 est
1339 3691 1741 3767 elementiae,
1812 3709 1946 3752 nou
2003 3707 2241 3751 secuu-

696 3807 860 3875 dum
927 3803 1322 3879 Mosaieam,
1385 3820 1538 3891 quae
1592 3805 1693 3866 est
1758 3794 1868 3863 lex
1923 3792 2231 3883 justitiae.

696 3911 1024 3985 Proverb.
1064 3933 1251 3987 xxxi.
1321 3909 1408 3977 26
1464 3928 1481 3975 ε
1542 3908 1685 3974 Lex
1746 3902 2120 3971 clementiae
2161 3901 2234 3967 in

697 4024 940 4114 linqua
977 4019 1154 4111 ejus.
1198 4016 1504 4109 Sapient.
1571 4035 1665 4093 xl,
1734 4011 1820 4079 24
1863 4031 1881 4079 ε
1949 4010 2238 4078 Misere-

697 4131 792 4199 ris
835 4128 1168 4208 omnium,
1202 4125 1370 4218 quio
1391 4122 1625 4193 omnia
1647 4128 1862 4211 potes.

786 4480 821 4521 ι
874 4453 1064 4522 Viam
1102 4447 1433 4519 veritatis.
1494 4469 1530 4512 ι
1588 4441 1716 4510 nic
1769 4444 1874 4509 est
1933 4437 2231 4508 secunda

695 4585 851 4656 pars
885 4559 1090 4651 hujus
1117 4554 1475 4628 octonarii.
1504 4549 1868 4620 Proemissa
1895 4547 2076 4616 enim
2107 4570 2232 4639 pe-

695 4668 956 4745 titione,
969 4662 1406 4755 subjungitur
1421 4656 1534 4727 hie
1551 4652 1925 4748 persuasio.
1947 4650 2235 4720 Persua-

618 4811 633 4825 ·
693 4777 805 4845 det
842 4781 1069 4842 autem
1123 4792 1162 4838 a
1200 4767 1401 4837 bonis
1439 4787 1479 4833 a
1542 4762 1686 4831 Deo
1726 4761 1873 4852 jam
1914 4760 2224 4850 receptis,

691 4904 842 4976 quae
879 4880 1099 4972 tangit
1142 4883 1457 4970 quatuor.
1494 4870 1802 4939 Primum
1841 4874 1943 4937 est
1969 4865 2230 4936 verita-

687 4991 773 5059 tis
818 4987 1080 5058 electio.
1124 4982 1542 5059 Secundum,
1566 4974 1981 5068 judiciorum
2013 4981 2232 5043 reten-

688 5099 784 5165 tio
810 5097 878 5165 in
916 5086 1145 5174 corde.
1180 5088 1299 5167 ibi,
1334 5113 1368 5154 α
1407 5083 1687 5156 Iudicio
1752 5089 1899 5149 tuo.
1970 5106 2006 5147 ι
2061 5080 2230 5149 Ter-

687 5208 888 5287 tium,
926 5196 1334 5270 testimoniis
1380 5193 1629 5262 divinis
1683 5188 2008 5269 adhaesio,
2074 5187 2228 5258 reli·

688 5313 811 5383 ctis
883 5305 1292 5377 testimoniis
1351 5297 1683 5378 falsitatis,
1734 5296 1857 5380 ibi,
1912 5303 1980 5374 ἵ.
2042 5296 2119 5365 31
2204 5318 2221 5365 ε

698 5453 731 5486 α
767 5416 1043 5490 Adhaesi
1095 5409 1526 5482 testimoniis.
1588 5435 1623 5471 n
1669 5403 2038 5491 Quartum,
2093 5404 2227 5473 lata

761 5652 780 5689 ⁸
811 5646 899 5708 Cf.
928 5645 1140 5704 Gencs.
1168 5658 1261 5710 xv,
1296 5643 1381 5697 u.

1701 297 1788 363 D.
1838 294 2041 363 ALB.
2088 294 2305 361 MAG.

2359 295 2565 366 ORD.
2620 298 2916 364 PRAED.

2368 466 2845 534 mandatorum
2869 468 3199 557 impletio,
3241 467 3617 536 secundum
3647 467 3924 557 aliquod

2364 581 2660 666 tempus,
2694 575 2810 654 ibi,
2846 581 2908 652 ὴ.
2963 575 3045 642 32
3116 597 3131 641 :
3194 603 3226 635 α
3307 577 3500 642 Viam
3537 575 3923 663 [mandato-

2365 706 2545 751 rum.
2590 711 2619 746 a

2454 793 2633 860 Dicit
2660 815 2824 885 ergo
2853 817 2868 862 :
2906 792 3043 874 Sic,
3076 793 3399 867 Domine,
3434 798 3712 881 propter
3749 811 3919 857 con-

2363 897 2821 982 suetudinem,
2891 909 2958 968 et
3022 901 3300 968 taedium
3359 898 3596 979 timeo,
3640 905 3707 964 et
3755 905 3911 987 peto

2363 1003 2724 1087 auxilium,
2785 1012 2850 1073 et
2885 1005 3091 1074 debes
3156 1006 3417 1089 audire,
3482 1004 3642 1095 quia
3693 1028 3727 1069 α
3787 1003 3917 1071 ele·

2358 1113 2459 1201 qi,
2501 1138 2535 1174 »
2565 1110 2818 1197 ‘relicta
2853 1111 3166 1196 falsitate,
3209 1143 3241 1175 α
3271 1115 3458 1180 viam
3502 1114 3836 1191 veritatis,
3872 1139 3906 1174 ω

2361 1226 2436 1285 ut
2459 1219 2607 1309 ipsa
2639 1219 3043 1288 informetur
3070 1219 3451 1289 intellectus
3485 1243 3501 1286 :
3548 1229 3616 1288 et
3644 1222 3742 1289 sic
3768 1242 3917 1287 me-

2361 1329 2489 1394 rito
2527 1328 2905 1417 prudentiae
2946 1329 3031 1396 da
3078 1328 3264 1420 quod
3296 1328 3459 1419 petii
3496 1349 3512 1398 ε
3556 1349 3698 1395 non
3727 1328 3911 1395 enim

2358 1459 2512 1504 sum
2586 1436 2671 1506 de
2728 1437 2888 1519 illis,
2947 1439 3065 1529 qui
3132 1438 3378 1506 dicturi
3418 1445 3578 1505 sunt
3648 1438 3720 1504 in
3775 1437 3909 1503 fine

2358 1542 2527 1611 illud
2561 1542 2869 1633 Sapient.
2937 1568 3007 1625 v,
3060 1546 3100 1612 6
3155 1569 3170 1613 :
3225 1546 3641 1612 Erravimus
3699 1567 3742 1610 a
3794 1544 3908 1610 via

2356 1652 2686 1726 veritatis,
2722 1661 2787 1720 et
2827 1651 3058 1719 lumen
3107 1651 3584 1742 iaeztelliqentiae
3621 1673 3758 1719 non
3810 1650 3912 1719 il-

2358 1758 2545 1826 luxit
2569 1758 2788 1827 nobis.

2440 1865 2526 1933 Et
2567 1867 2776 1934 etiam
2809 1892 2843 1933 α
2902 1867 3187 1957 judicia
3244 1879 3394 1945 tua,
3460 1892 3493 1934 s
3547 1865 3795 1958 quibus
3835 1867 3907 1933 in

2353 1975 2665 2063 praesenti
2689 1976 2835 2065 jam
2856 1975 3147 2064 judicas,
3182 1983 3249 2043 et
3286 1977 3538 2066 quibus
3566 1974 3638 2041 in
3677 1974 3904 2042 futuro

2342 2080 2712 2171 judicabis,
2758 2109 2787 2146 α
2850 2106 2985 2151 non
3031 2105 3187 2150 sum
3256 2083 3540 2165 oblitus,
3579 2110 3611 2145 >o
3666 2082 3735 2151 id
3774 2090 3900 2163 est,

2352 2195 2551 2256 teneo
2586 2187 2699 2256 illa
2732 2191 3086 2257 memoria.
3131 2189 3364 2257 Prima
3412 2189 3678 2258 occulta
3714 2197 3897 2267 sunt,

2353 2303 2418 2362 et
2464 2303 2703 2364 contra
2733 2294 2848 2365 illa
2912 2319 3052 2364 non
3092 2319 3476 2375 murmuro,
3537 2298 3759 2366 sciens
3817 2295 3903 2363 il-

2350 2400 2468 2470 lud
2496 2401 2680 2470 Psal.
2744 2426 2953 2485 xxxv,
3009 2404 3049 2471 '1
3108 2427 3124 2472 ε
3174 2405 3457 2474 ‚Iudicia
3516 2416 3641 2473 tua
3694 2402 3906 2494 abys-

2346 2532 2463 2577 sus
2522 2510 2775 2581 muita.
2826 2511 2912 2579 Et
2982 2511 3276 2581 Paulum
3342 2511 3550 2580 audio
3607 2511 3905 2580 claman-

2349 2626 2512 2698 tem,
2568 2617 2655 2687 ad
2686 2617 2977 2687 Roman.
3016 2642 3107 2701 χι,
3162 2620 3248 2689 33
3292 2643 3307 2688 :
3358 2622 3584 2706 Quam
3636 2621 3899 2688 incom-

2341 2725 2837 2818 prehensibilia
2876 2738 3038 2795 sunt
3073 2728 3360 2819 judicia
3398 2728 3577 2818 ejus,
3612 2736 3677 2795 et
3725 2728 3905 2796 inee-

2343 2834 2704 2925 stiqabiles
2740 2837 2865 2903 viae
2893 2835 3048 2924 ejus
3067 2840 3100 2904 Ι
3125 2836 3280 2903 Alia
3308 2845 3507 2905 erunt
3536 2844 3793 2928 aperta,
3835 2844 3902 2904 et

2348 2939 2461 3009 illa
2490 2942 2730 3024 timeo,
2763 2948 2830 3010 et
2860 2952 3145 3035 utraque
3175 2943 3528 3027 abscondi,
3589 2964 3731 3012 non
3760 2952 3902 3010 tra-

2346 3046 2482 3114 didi
2517 3045 2873 3117 oblivioni.
2912 3049 3188 3118 Deuter.
3252 3072 3345 3133 w,
3387 3050 3480 3119 9:
3552 3050 3658 3119 Ne
3718 3049 3904 3119 obti-

2346 3157 2628 3226 viscaris
2682 3156 3064 3242 verborum,
3119 3183 3272 3253 que
3325 3159 3648 3230 viderunt
3716 3163 3904 3232 ocuti

2346 3267 2476 3348 tui,
2511 3273 2844 3358 quantum
2876 3268 2961 3338 ad
3005 3269 3257 3360 judicia
3315 3270 3384 3339 in
3422 3272 3788 3362 praesenti:
3832 3280 3903 3341 et

2346 3396 2495 3466 quae
2537 3374 2897 3444 audierunt
2943 3398 3141 3445 aures
3198 3386 3360 3458 tuoe,
3422 3387 3757 3469 quantum
3813 3378 3896 3447 ad

2335 3479 2597 3571 judicia
2661 3482 2730 3550 in
2780 3480 3033 3551 futuro.

2434 3828 2468 3869 α
2500 3802 2783 3872 Adhaesi
2818 3804 3245 3872 testimoniis.
3304 3830 3338 3871 ι
3420 3803 3550 3875 llic
3594 3811 3898 3899 tangitur
4024 3807 4143 3874 8!

2341 3915 2646 3994 tertium,
2705 3911 2965 3981 scilicet
3012 3911 3317 3982 adhaesio
3388 3916 3804 3987 testimoniis
3872 3940 3890 3987 τ

2340 4016 2522 4086 unde
2561 4016 2882 4086 dicuntur
2907 4015 3070 4086 duo.
3120 4016 3381 4098 Primo,
3433 4017 3602 4088 dicit
3653 4041 3727 4091 se
3781 4021 3900 4090 ad-

2341 4122 2622 4192 haerere.
2659 4121 3002 4204 Secundo,
3027 4123 3230 4194 infert
3265 4146 3352 4194 ex
3391 4123 3527 4196 hoe
3554 4126 3743 4218 quod
3780 4148 3896 4198 ca-

2338 4241 2497 4301 veat
2534 4232 2598 4300 ei
2654 4254 2696 4301 a
2749 4231 3151 4302 contusione
3197 4235 3376 4302 sicut
3437 4256 3647 4327 supra
3697 4237 3894 4330 petit,

2341 4339 2462 4424 ibi,
2517 4368 2553 4406 α
2579 4338 2750 4410 Noli
2772 4363 2884 4409 me
2906 4340 3347 4431 confundere.
3390 4365 3428 4409 ι

2432 4446 2547 4516 Ait
2575 4447 2763 4516 enim
2797 4469 2815 4517 t
2861 4445 2977 4517 Sic
3029 4446 3207 4541 elegi
3244 4448 3458 4531 viam,
3489 4451 3590 4520 sic
3623 4452 3696 4520 in
3751 4474 3897 4522 me-

2339 4555 2563 4625 moria
2598 4561 2800 4624 teneo
2837 4553 3096 4645 judicia
3128 4577 3147 4621 ε
3181 4563 3248 4625 et
3276 4555 3515 4646 etiam,
3546 4579 3590 4627 o
3646 4557 3899 4628 Domi-

2338 4685 2449 4743 ne,
2516 4690 2551 4728 ιι
2627 4661 2913 4740 adhaesi.
2984 4689 3019 4725 n
3076 4661 3433 4734 voluntate
3497 4673 3569 4734 et
3625 4686 3888 4751 amore,

2350 4804 2382 4842 ι
2437 4774 2844 4844 testimoniis
2899 4774 3067 4853 tuis,
3137 4797 3173 4840 ι
3233 4795 3375 4843 non
3463 4776 3889 4868 pavimento,

2338 4883 2512 4953 sicut
2549 4889 2709 4952 ante
2747 4879 3266 4950 conversionem
3295 4880 3658 4952 faciebam.
3714 4881 3894 4952 Deu-

2336 4998 2464 5062 ter.
2503 5012 2578 5075 x,
2609 4991 2694 5058 2⁰
2728 5010 2747 5057 t
2814 4987 3194 5057 Dominum
3221 4988 3449 5058 Deum
3476 4998 3678 5057 tuum
3703 4990 3898 5060 time·

2338 5096 2465 5177 bis,
2499 5106 2562 5164 et
2617 5093 2847 5165 eisoti
2905 5095 3155 5163 servies
3208 5116 3235 5164 .·
3282 5094 3424 5188 φα·
3483 5093 3888 5178 adher-eois,

2338 5213 2465 5274 ete.
2511 5203 2849 5284 Primum,
2891 5200 3077 5293 quod
3127 5200 3327 5293 elegi.
3376 5200 3534 5270 feeit
3589 5202 3895 5294 pruden-

2336 5312 2455 5380 tia.
2501 5307 2922 5392 Secundum,
2982 5306 3165 5398 quod
3195 5305 3452 5396 judicis
3493 5307 3885 5398 obliviscor,

2338 5415 2744 5487 constantia.
2781 5411 2917 5484 Sed
2947 5413 3132 5507 quod
3176 5411 3523 5496 adhaereo,
3580 5414 3741 5485 iacit
3776 5416 3892 5486 de-
