5008 6329
1911 374 2619 447 COMMENTARIUS
2668 378 2761 446 IN
2809 379 3240 450 PSALMUM
3291 381 3433 451 CX.

1188 564 1222 603 α
1256 542 1354 607 Et
1380 539 1702 629 justitia.
1764 571 1798 608 »
1860 547 1988 614 Hic
2044 550 2382 638 quintum.
2448 547 2657 628 Quasi

1097 647 1352 715 diceret
1395 671 1410 716 ε
1453 651 1569 721 Sic
1615 677 1866 745 magna
1925 666 2107 739 sunt,
2169 664 2237 722 et
2292 658 2653 746 exquisita,

1003 799 1010 806 -
1095 746 1420 845 gloriosa,
1466 768 1533 827 et
1564 761 1809 829 decora
1844 785 1857 828 ;
1908 790 1937 825 «
1993 773 2054 827 et
2080 762 2374 851 justitia
2403 766 2581 855 ejus,
2618 796 2650 830 »

1098 885 1232 953 qua
1265 868 1640 959 unicuique
1672 869 1890 935 reddit
1919 869 2102 958 quod
2159 893 2358 939 suum
2405 883 2531 956 est,
2592 883 2658 943 et

1095 975 1283 1063 quod
1315 976 1375 1043 ei
1409 975 1719 1058 debetur,
1759 1004 1794 1039 α
1827 990 2056 1044 manet
2084 981 2151 1045 iu
2181 983 2511 1050 saeculum
2538 1008 2658 1051 sae-

1093 1083 1266 1166 culi,
1304 1108 1338 1149 »
1374 1081 1507 1152 hoc
1548 1092 1674 1162 est,
1710 1087 1779 1151 in
1821 1094 2177 1155 aeternum.
2239 1089 2543 1181 Sapient.
2604 1115 2650 1171 1,

1100 1192 1181 1258 13
1219 1214 1236 1257 ε
1270 1193 1568 1259 Justitia
1594 1205 1932 1284 perpetua
1963 1208 2059 1264 cst
2089 1207 2153 1264 et
2209 1200 2648 1267 immortalis.

1095 1296 1227 1364 Isa.
1275 1321 1420 1381 xlv,
1472 1301 1556 1367 27
1596 1322 1611 1368 τ
1667 1305 2011 1372 Dominus
2057 1307 2478 1374 exercituum
2536 1308 2656 1374 de-

1093 1407 1328 1484 crevit,
1366 1416 1429 1474 et
1466 1410 1625 1499 quis
1650 1414 1913 1501 poterit
1945 1413 2302 1501 infirmare
2333 1412 2375 1481 ?
2424 1414 2653 1485 Manet

1092 1514 1282 1578 enim
1323 1521 1390 1581 et
1420 1538 1561 1583 non
1592 1520 2076 1608 corrumpitur.

1186 1628 1378 1698 Unde
1438 1632 1610 1700 bene
1677 1637 2102 1724 praeponitur
2138 1659 2272 1704 vm
2304 1628 2415 1727 (Ἰ),
2468 1640 2651 1729 quod

1090 1734 1577 1826 interpretatur
1606 1739 1771 1816 lucc,
1824 1740 1933 1808 vel
1993 1743 2169 1833 ipsa.
2222 1742 2431 1823 Quasi
2463 1745 2651 1813 dice-

1089 1849 1240 1909 ret:
1308 1843 1587 1912 Justitia
1645 1844 1789 1913 haec
1835 1846 1918 1915 de
1976 1872 2109 1939 qua
2157 1848 2460 1941 loquitur
2508 1850 2640 1931 hic,

1089 1957 1192 2016 est
1223 1951 1395 2039 ipsa,
1430 1975 1721 2021 manens
1751 1954 1822 2020 in
1872 1977 1943 2022 se
1992 1955 2252 2024 stabilis
2300 1967 2367 2026 et
2420 1959 2638 2027 firma.

4184 377 4308 444 173

2761 553 3101 638 rabilium,
3154 579 3303 648 quae
3351 580 3476 646 pro
3521 553 3720 622 nobis
3774 552 3953 629 fecit,
4028 550 4303 642 quando

2760 666 2898 754 pati
2928 664 3166 733 voluit.
3200 665 3362 733 Luc.
3409 686 3577 744 xxu,
3626 664 3704 730 19
3745 686 3759 730 :
3793 663 3936 730 Hoc
3989 661 4201 750 jacite
4234 660 4301 723 in

2761 792 2978 838 meam
3039 770 3768 838 commemorationcm.
3831 768 3939 846 Et,
3984 768 4014 834 I
4053 768 4138 834 ad
4179 767 4303 833 Co·

2760 876 2963 945 rinth.
3005 900 3098 960 xl,
3134 879 3216 944 26
3254 901 3269 945 ε
3309 879 3882 965 Quotiescumque
3925 876 4302 942 manduca-

2762 981 2919 1048 bitis
2961 1005 3215 1073 panem
3288 984 3493 1063 hunc,
3573 992 3637 1049 et
3673 981 3958 1049 calicem
4035 979 4298 1059 bibetis,

2756 1100 3039 1158 mortem
3096 1092 3379 1159 Domini
3444 1089 3974 1158 annuntiabitis.
4050 1116 4080 1151 (ι
4149 1087 4300 1154 Me-

2759 1224 2794 1261 «
2836 1198 3115 1267 moriale
3152 1199 3329 1289 puri,
3363 1207 3427 1266 et
3458 1197 3837 1265 consolatio
3868 1195 4108 1279 dulc-is,
4148 1222 4180 1258 »
4207 1195 4299 1261 di-

2755 1308 2854 1374 xit
2884 1307 3180 1398 quidam.
3216 1333 3247 1372 «
3283 1308 3648 1385 Dominus,
3689 1330 3719 1370 a
3754 1306 4063 1394 inquam,
4108 1330 4137 1366 (ι
4174 1303 4303 1369 mi-

2751 1427 3036 1501 serator,
3066 1443 3096 1477 »
3139 1419 3207 1483 in
3238 1424 3415 1495 actu,
3445 1443 3478 1478 «
3505 1425 3568 1483 et
3601 1415 4008 1493 misericors,
4037 1437 4070 1477 »
4106 1413 4299 1502 quasi

2755 1527 2822 1593 in
2862 1525 3119 1593 habitu.
3158 1524 3403 1614 Supra,
3442 1525 3511 1590 in
3543 1522 3726 1591 Psal.
3778 1546 3887 1604 cu,
3925 1526 3964 1589 8
4001 1543 4015 1590 :
4086 1523 4300 1589 Mise-

2754 1643 2941 1699 rator
2980 1643 3042 1698 et
3090 1633 3469 1698 misericors
3543 1630 3912 1712 Dominus,
3978 1628 4294 1717 lonqani·

2752 1741 2905 1818 mis,
2948 1750 3010 1807 et
3065 1739 3366 1806 multum
3420 1738 3825 1806 misericors,
3874 1735 4051 1803 Vere
4082 1737 4296 1803 mise-

2752 1854 2933 1913 rator
2961 1853 3027 1912 ct
3055 1845 3461 1926 misericors,
3498 1846 3615 1934 qui
3646 1852 3748 1912 est
3776 1843 3970 1932 origo
3994 1842 4126 1910 olei
4158 1843 4296 1908 mi-

2749 1951 3129 2020 sericordiae
3174 1974 3189 2017 ε
3224 1951 3403 2019 unde
3435 1950 3635 2018 olivae
3692 1956 4151 2038 comparatur,
4185 1970 4297 2014 su-

2747 2083 2893 2151 pra,
2936 2061 3005 2126 in
3042 2059 3224 2129 Psal.
3259 2081 3348 2142 m,
3415 2061 3490 2126 10
3526 2080 3540 2125 :
3612 2060 3768 2148 qu
3834 2066 4067 2125 autem
4115 2058 4293 2123 sicut

2746 2167 2930 2236 oliva
2956 2168 3349 2258 fructifera.
3382 2166 3638 2235 Jerem.
3668 2188 3761 2242 x1,
3807 2166 3885 2232 16
3921 2190 3936 2232 :
4013 2164 4291 2233 Olivam

2748 2275 3037 2352 uberem,
3076 2276 3469 2368 pulchram,
3502 2276 3905 2367 speciosam,
3964 2274 4292 2363 fructife-

865 2293 926 2359 4
1177 2291 1212 2331 ι
1273 2268 1689 2335 Memoriam
1731 2271 1919 2359 lecit.
1979 2294 2009 2334 a
2062 2269 2187 2340 llic
2234 2273 2635 2355 seeundum,

1081 2373 1153 2440 in
1210 2395 1348 2463 quo
1421 2373 1775 2466 subjungit
1847 2379 2179 2446 rationem
2258 2378 2501 2458 laudis,
2554 2382 2637 2449 ab
2744 2407 2919 2466 ram,
2951 2387 3213 2452 vocavit
3242 2384 3589 2452 Dominus
3635 2403 3883 2449 nomen
3926 2390 4150 2448 tuum.

1077 2503 1286 2572 opere
1318 2481 1708 2550 refectionis
1738 2485 2141 2573 specialiter.
2183 2484 2413 2556 l‘rimo
2472 2512 2633 2580 ergo
2834 2491 3120 2583 Propter
3146 2490 3278 2559 hoc
3307 2491 3564 2583 optime
3587 2486 3748 2557 huic
3776 2486 4100 2557 clausulae
4123 2509 4291 2578 prce-

1074 2589 1604 2657 commendatur
1636 2592 2058 2660 sacramenti
2100 2592 2332 2662 altaris
2372 2596 2638 2664 institu-
2742 2601 3015 2690 ponitur
3035 2621 3180 2665 mus·
3211 2589 3326 2688 (ἶ),
3361 2597 3543 2689 quod
3573 2597 4054 2686 interpretatur
4073 2593 4285 2661 oliva.

1071 2696 1193 2763 tio.
1271 2696 1618 2778 Secunde,
1671 2701 1979 2790 operatio
2026 2700 2204 2768 illius
2250 2724 2372 2792 per
2426 2703 2635 2772 mini·
2739 2705 2944 2785 Quasi
2996 2705 3246 2773 diceret
3284 2707 3352 2772 in
3384 2703 3790 2780 substantia,
3836 2700 4020 2793 quod
4051 2709 4153 2768 est
4181 2700 4289 2767 di-

1068 2809 1249 2870 stros
1282 2802 1627 2885 Ecclesiae,
1664 2805 1784 2884 ibi,
1820 2807 2044 2874 inline
2083 2815 2146 2883 5.
2196 2809 2233 2875 7
2271 2828 2288 2878 :
2335 2834 2368 2874 α
2409 2809 2633 2902 Opera
2738 2825 2920 2884 ctum
2952 2815 3032 2883 de
3067 2815 3186 2882 l)ei
3219 2811 3711 2881 misericordia.
3775 2811 3858 2878 Et
3904 2833 4075 2878 narn
4134 2802 4283 2897 (Π),

1069 2933 1440 2980 manuum.
1518 2937 1551 2978 ι
1612 2914 1870 2992 Tertio,
1942 2918 2155 3007 ipsius
2205 2916 2626 2991 Sacramenti
2737 2921 2919 3014 quod
2975 2923 3454 3012 interpretatur
3537 2941 3844 3010 pausum
3878 2942 3900 2985 .·
3971 2915 4141 2997 Quis
4197 2917 4281 2983 ad

1061 3022 1414 3113 perceptio
1472 3045 1630 3090 cum
1692 3023 1930 3092 ess'ectu
2000 3049 2151 3105 sue,
2216 3028 2337 3111 ibi,
2379 3029 2449 3097 in
2493 3031 2629 3101 tine
2733 3030 2909 3101 hanc
2945 3031 3198 3100 olivam
3237 3051 3376 3098 non
3406 3028 3715 3120 pausat?

1060 3137 1130 3209 Ἰ.
1164 3131 1212 3199 8
1246 3151 1264 3198 :
1307 3159 1341 3193 α
1371 3131 1709 3202 Sanctum
1740 3144 1806 3203 et
1844 3133 2175 3205 terribile.
2214 3163 2250 3201 n

1157 3237 1234 3306 ln
1292 3241 1517 3329 prima
1593 3239 1757 3310 duo.
1842 3241 2100 3328 l'rim0,
2178 3246 2625 3316 institutionis

1053 3348 1600 3427 commendatio.
1664 3350 2006 3428 Secundo,
2087 3352 2458 3443 publicatio
2527 3358 2625 3424 in·
2829 3355 3132 3421 «Escam
3163 3351 3370 3418 dedit.
3420 3350 3546 3418 llic
3594 3350 3996 3420 secundum.
4058 3350 4266 3431 Quasi
4430 3382 4488 3450 5

1058 3457 1278 3524 stituti
1335 3479 1460 3546 per
1521 3456 2103 3547 prwclicationem,
2197 3461 2316 3540 ibi,
2385 3471 2450 3540 ὲ.
2522 3470 2616 3533 13:
2724 3459 3032 3528 diceret:
3086 3460 3199 3525 Sic
3252 3458 3338 3526 ad
3409 3460 3813 3526 memoriam
3883 3458 4267 3527 habendam

1060 3590 1094 3627 α
1144 3562 1479 3631 Virtutem
1517 3587 1828 3656 operum.
1869 3592 1901 3631 ι
2725 3567 2981 3659 aliquid
3017 3568 3197 3635 fecit.
3243 3565 3587 3646 Quidnam
3642 3565 3807 3634 illud
3838 3569 3874 3635 ⁴?
3923 3592 3957 3634 ι
4019 3569 4269 3636 Escam

1147 3671 1224 3740 ln
1258 3674 1479 3763 prima
1508 3672 1672 3743 due.
1710 3674 1969 3754 Prima,
2016 3677 2351 3746 institutio
2388 3681 2617 3773 tangi·
2724 3675 2935 3757 dedit,
2974 3703 3004 3738 n
3056 3697 3194 3742 non
3231 3673 3559 3752 vendidit,
3608 3699 3643 3739 ι
3678 3674 4076 3743 timentibus
4102 3698 4194 3741 se.
4234 3700 4268 3741 ι

1053 3787 1190 3849 tur.
1226 3780 1573 3857 Secundo,
1659 3791 2082 3851 monstratur
2143 3788 2615 3877 promissionis
2723 3782 2941 3861 Patet,
2991 3781 3173 3874 quod
3233 3804 3371 3850 non
3421 3779 3726 3873 loquitur
3783 3780 3867 3850 de
3933 3782 4267 3851 materiali

1051 3888 1305 3958 divina.-
1334 3888 1732 3981 adimpletio
1766 3893 1834 3959 in
1866 3892 2314 3978 institutione,
2370 3897 2489 3981 ibi,
2543 3900 2611 3967 in
2720 3912 2871 3958 esca
2902 3912 2918 3957 τ
2952 3887 3125 3957 hanc
3171 3889 3357 3958 enim
3406 3911 3545 3956 non
3593 3885 3821 3956 sotum
3871 3889 4269 3958 timentibus

1052 3997 1284 4065 medio
1323 4005 1388 4074 ὲ.
1423 3999 1465 4067 5
1500 4019 1517 4065 :
1565 4023 1600 4063 ι
1634 4001 1904 4067 Memor
1936 4003 2102 4091 suit.
2152 4026 2185 4067 ι
2718 3996 2856 4072 dat,
2897 3995 3013 4065 sed
3046 4005 3224 4065 certe
3256 4019 3396 4064 non
3443 3995 3867 4076 timentibus,
3929 3998 4134 4066 etiam
4197 4001 4263 4065 in

1139 4103 1218 4172 In
1246 4104 1473 4197 prima
1505 4104 1670 4173 duo.
1711 4104 1970 4187 Primo,
1995 4108 2078 4175 ad
2111 4108 2276 4200 quid
2304 4111 2612 4181 institue-
2717 4105 2956 4193 majori
3014 4101 3450 4171 abundantia.
3534 4101 3697 4188 Job,
3736 4125 3859 4182 xn,
3893 4107 3935 4170 (3
3970 4127 3986 4172 :
4029 4104 4264 4173 Abun-

1048 4211 1160 4282 rit.
1206 4209 1555 4291 Secunde,
1590 4212 1782 4303 quid,
1846 4214 1965 4294 ibi,
1999 4223 2062 4291 5.
2114 4219 2206 4285 5:
2261 4246 2294 4284 α
2358 4222 2605 4289 liscum
2715 4212 2884 4280 daret
2956 4210 3401 4279 tabernacula
3459 4209 3892 4302 praedonutn.
3984 4212 4119 4279 Sed
4176 4212 4258 4281 de
4284 4231 4579 4297 curt-unqu

1048 4312 1266 4381 dedit.
1299 4337 1335 4377 υ
2713 4318 3070 4410 spirituali,
3104 4318 3357 4388 scilicet
3386 4341 3669 4410 corpore
3699 4320 3979 4410 proprio
4009 4330 4075 4388 et
4106 4344 4259 4388 san·
4285 4285 4607 4406 0¹33}ssssae

716 4433 1019 4540 Ἥ
1139 4421 1321 4492 Dicit
1349 4445 1515 4514 ergo
1551 4444 1569 4490 ε
1607 4423 1722 4492 Sic
1748 4422 1916 4501 dixi.
1967 4424 2151 4517 quod
2201 4428 2601 4509 confitebor,
2713 4429 2951 4518 guine,
2982 4426 3064 4493 de
3093 4448 3165 4493 se
3195 4428 3369 4518 ipso.
3416 4425 3723 4517 Sapient.
3767 4450 3910 4505 xvi,
3946 4429 4031 4496 20
4063 4449 4081 4497 t
4118 4432 4257 4497 An-
4282 4392 4607 4512 &ffi'f‚'30⁸i,

698 4494 1005 4643 'guma-¹3
1047 4530 1209 4621 quia
1250 4552 1527 4622 magna,
1569 4532 1934 4624 exquisita,
1988 4531 2311 4622 gloriosa,
2362 4543 2431 4603 et
2483 4535 2608 4605 de-
2708 4535 3020 4628 qelorum
3050 4558 3199 4602 esca
3224 4536 3583 4603 nutrivisti
3611 4535 3957 4627 populum
4026 4548 4253 4607 tuum.
4358 4502 4536 4550 ''⁰⁸⁸¹‘'

803 4652 906 4697 ⁰0·-
1044 4660 1230 4715 cora,
1282 4646 1352 4706 et
1413 4642 1925 4731 perseverantia
1993 4642 2140 4730 ejus
2218 4664 2426 4733 opera
2469 4666 2487 4712 ε
2537 4654 2602 4714 et
2715 4642 2788 4712 Si
2828 4652 3051 4713 autem
3082 4651 3222 4711 tam
3274 4641 3648 4733 gloriosam
3712 4666 3938 4713 escam
3987 4643 4104 4714 dat
4190 4647 4257 4715 in

1042 4747 1280 4827 etiam,
1325 4773 1362 4810 κ
1392 4747 1562 4837 lecit
1602 4749 2033 4832 mernoriam,
2089 4776 2124 4809 ι»
2165 4749 2233 4817 id
2274 4760 2401 4831 est,
2453 4776 2605 4822 me-

1039 4852 1333 4923 moriale
1425 4853 1704 4945 reliquit
1809 4881 1845 4918 α
1927 4856 2362 4927 mirabilium
2433 4883 2603 4931 suo·

1037 4982 1225 5040 rum,
1263 4985 1300 5023 n
1350 4958 1421 5029 id
1462 4967 1593 5040 est,
1625 4958 1714 5029 ad
1742 4959 1874 5029 hoc
1915 4962 2099 5053 quod
2155 4965 2464 5057 sequitur
2491 4969 2603 5036 in-

1036 5067 1288 5150 stituit,
1329 5074 1408 5136 ut
1462 5067 1805 5135 memoria
1855 5068 2274 5139 mirabilium
2314 5095 2598 5143 suorum

1039 5181 1446 5242 remaneret.
1512 5172 1695 5244 l’sal.
1777 5196 1863 5250 ct,
1968 5175 2095 5242 ¹3:
2192 5179 2600 5250 Memor-iate

1036 5289 1241 5348 tuum
1272 5282 1344 5348 in
1380 5282 1894 5372 qenes-ationem
1942 5291 2008 5350 et
2058 5288 2592 5374 ymerationem.

1032 5387 1187 5458 lloc
1245 5389 1673 5471 memoriale,
1728 5389 1914 5482 quod
1957 5399 2138 5460 totos
2203 5418 2330 5464 nos
2394 5396 2594 5467 debet

1035 5519 1274 5588 rapere
1321 5496 1409 5565 ad
1452 5498 1705 5589 ipsum,
1767 5508 1833 5567 et
1885 5500 2169 5568 omnino
2227 5502 2587 5576 inebriare.

1035 5603 1239 5684 Osee,
1280 5626 1422 5682 xlv,
1465 5606 1507 5672 8
1551 5606 2013 5674 :Memoriale
2058 5607 2215 5697 ejus
2260 5610 2439 5678 sicut
2485 5614 2592 5679 vi-

1033 5735 1206 5779 num
1231 5711 1507 5780 Libani.
1548 5711 1845 5802 Maxime
1875 5723 2103 5784 autem
2144 5715 2421 5786 illorum
2455 5715 2589 5788 m'i-

2711 4752 3047 4844 proesenti,
3080 4750 3243 4843 quid
3272 4750 3461 4819 dabit
3489 4752 3559 4818 in
3591 4751 3821 4820 futuro
3850 4754 3885 4818 Ἰ
3911 4751 4042 4821 Dat
4073 4756 4256 4822 enim

2710 4860 2881 4928 sein
2920 4858 3112 4926 altari
3161 4857 3368 4927 modo
3401 4858 3469 4925 in
3509 4856 3813 4942 arrham,
3856 4867 3922 4926 et
3979 4860 4252 4951 pignus.

2708 4967 2814 5035 Ad
2841 4965 3088 5059 Ephes.
3128 4988 3177 5045 ι,
3214 4966 3297 5034 14
3330 4990 3348 5035 2
3383 4968 3522 5051 Qui
3558 4976 3656 5034 est
3677 4967 3939 5058 piqmes
3965 4968 4261 5038 leaeredi-

2708 5076 2874 5143 tatis
2900 5082 3168 5142 nostrae.
3211 5073 3747 5165 Chrysostomus
3791 5098 3809 5144 ε
3854 5101 3889 5141 ι
3952 5075 4085 5158 Qui
4130 5101 4257 5169 ge-

2712 5208 2746 5250 «
2804 5190 3097 5252 nuerunt
3161 5180 3358 5261 alios,
3447 5179 3798 5250 multoties
3881 5183 4046 5253 dant
4121 5184 4256 5255 illis

2708 5315 2745 5357 ι
2777 5289 2972 5359 edere
2998 5287 3177 5357 alia:
3246 5312 3376 5381 ego
3416 5297 3647 5357 autem
3722 5312 3865 5358 non
3921 5292 4017 5360 ita
4055 5313 4073 5359 ε
4134 5293 4254 5361 sed

2707 5423 2744 5465 ι
2783 5397 3100 5468 carnibus
3128 5398 3301 5465 meis
3356 5397 3610 5465 nutrivi
3650 5419 3804 5479 vos,
3858 5420 4100 5469 omnes
4128 5423 4255 5471 vos

2707 5534 2742 5570 κ
2772 5503 3035 5574 nobiles
3063 5526 3207 5574 esse
3235 5503 3503 5585 volens,
3537 5513 3605 5573 et
3642 5504 3725 5572 de
3755 5504 4000 5576 futuris
4054 5508 4255 5578 bonis

2709 5642 2742 5677 «ι
2775 5614 2973 5682 tidem
3003 5612 3337 5704 praebens.
3392 5638 3428 5678 υ
3485 5611 3571 5681 Et
3620 5613 3691 5681 in
3750 5614 4009 5699 cibum,
4077 5618 4253 5687 sicut

2703 5720 2811 5789 hic
2841 5721 3107 5799 dicitur,
3139 5727 3228 5799 et,
3259 5719 3462 5787 Joan.
3528 5743 3622 5802 vt,
3694 5723 3781 5790 5ss
3817 5744 3833 5789 ε
3871 5724 4050 5794 Caro
4099 5746 4251 5789 mm
