5008 6329
858 1840 1086 1888 Dominus
1104 1843 1174 1885 vt.

901 1895 1014 1939 uitat
1039 1908 1129 1942 noo

2061 221 2766 292 COMMENTARIUS
2816 222 2910 290 IN
2958 223 3392 294 PSALMUM
3442 225 3581 292 CV.
4340 225 4424 292 85

1210 392 1572 474 mittendo,
1597 394 1793 463 aliter
1818 393 1987 462 nihil
2008 396 2262 466 valeret
2291 396 2487 465 nobis
2517 403 2761 463 totum.

1213 501 1416 568 Eceli.
1462 524 1699 585 xxx1v‚
1771 504 1861 570 6:
1930 505 2062 572 Cor
2117 516 2315 574 tuum
2353 501 2765 597 phantasias

1205 612 1502 700 patitur,
1535 611 1670 678 nist
1722 611 1809 680 ab
1865 615 2222 682 Altissimo
2261 616 2476 705 suerit
2522 611 2764 678 emissa

1211 719 1543 787 visitatio,
1596 718 1677 786 Et
1711 723 1808 790 sio
1847 723 2099 791 iactum
2140 731 2240 791 est
2279 720 2549 812 quando
2586 718 2767 786 misit

1211 827 1461 897 Filium
1497 855 1700 901 suum
1739 857 1754 902 :
1828 837 1971 925 ipse
2011 838 2192 903 enim
2264 835 2645 910 veritatem,
2700 839 2767 898 et

1210 936 1449 1019 verb0,
1495 947 1562 1008 et
1591 939 1767 1009 facto
1810 940 2201 1010 declaravit.
2283 938 2442 1007 Luc.
2520 962 2568 1016 1,
2623 938 2756 1005 78.:

1223 1046 1537 1114 Visitavit
1574 1072 1699 1117 nos
1730 1051 1954 1117 oriens
1979 1072 2065 1116 ea·
2083 1048 2252 1116 alto.
2291 1047 2369 1114 Et
2402 1048 2496 1115 sie
2525 1069 2761 1113 sumus

1212 1151 1295 1219 ab
1329 1155 1519 1223 omni
1551 1156 1737 1225 malo
1769 1156 2112 1225 custoditi.
2144 1154 2301 1233 soh,
2353 1178 2422 1236 x,
2463 1156 2541 1221 12
2586 1175 2603 1221 ε
2651 1154 2763 1219 Vi-

1209 1262 1446 1329 sitatio
1478 1274 1603 1331 tua
1633 1264 2004 1332 custodivit
2020 1263 2314 1355 spritum
2347 1285 2595 1330 meum.
2633 1260 2764 1326 Per

1209 1368 1505 1438 salutare
1563 1394 1769 1438 suum
1820 1368 2192 1455 Christum,
2262 1370 2344 1438 de
2401 1392 2537 1460 quo
2596 1367 2754 1434 Luc.

1210 1499 1281 1555 ιι,
1345 1478 1429 1546 30
1466 1499 1482 1546 1
1564 1479 1891 1547 Viderunt
1982 1480 2170 1548 oculi
2231 1480 2363 1546 mei
2449 1476 2762 1545 salutare

1205 1596 1430 1654 tuum.
1469 1587 1717 1657 Genes.
1763 1613 1944 1669 xux,
1996 1590 2124 1656 18:
2178 1589 2507 1660 Salutare
2563 1594 2757 1652 tuum

1206 1694 1632 1784 exspectabo,
1679 1698 1997 1765 Domine.

1293 1802 1375 1871 Et
1409 1813 1598 1881 nota,
1636 1804 1822 1895 quod
1879 1806 2217 1873 Dominus
2282 1806 2583 1874 visitavit
2634 1828 2759 1888 nos

859 1949 1017 1993 mm,
1067 1963 1174 1996 mo·
1204 1933 1325 2001 per
1357 1912 1631 1991 Filium,
1677 1923 2033 2006 tamquam
2057 1938 2174 2005 per
2192 1916 2756 1983 comminatorem

970 2002 1060 2052 dis.

1206 2045 1591 2111 poenarum,
1642 2025 1700 2090 si
1750 2046 1891 2092 non
1941 2024 2398 2092 dimiserimus
2455 2032 2751 2115 peccata.

1198 2128 1330 2199 Isa.
1404 2155 1593 2217 xxix,
1657 2135 1744 2201 6:
1846 2137 1904 2203 A
1975 2135 2269 2202 Domino
2334 2137 2755 2203 exercituum

1193 2240 1594 2309 visitabitur
1660 2243 1730 2309 in
1813 2243 2143 2324 tonitruo,
2204 2252 2268 2310 et
2311 2244 2756 2311 commotione

1193 2356 1414 2429 terrae,
1485 2357 1549 2415 et
1601 2371 1757 2417 voce
1830 2372 2088 2440 maqna
2152 2348 2467 2417 turbinis.
2542 2348 2753 2418 Multa

1192 2458 1376 2525 enim
1417 2458 1567 2548 ejus
1626 2459 1932 2527 tonitrua
1961 2458 2030 2527 in
2089 2457 2478 2550 Evangeliis
2516 2458 2752 2551 legun-

1191 2574 1323 2634 tur.
1382 2562 1638 2632 Visitat
1713 2566 1922 2634 etiam
2027 2565 2396 2657 puniendo,
2473 2567 2748 2658 quando

1188 2671 1514 2742 nolumus
1561 2675 1839 2766 corrigi.
1883 2674 2013 2744 lsa.
2070 2698 2283 2751 xxvu,
2357 2678 2429 2742 l:
2503 2676 2584 2742 In
2638 2675 2751 2743 die

1189 2782 1322 2850 illa
1400 2782 1710 2851 visitabit
1775 2785 2118 2852 Dominus
2182 2786 2253 2852 in
2314 2785 2559 2876 qladio
2621 2809 2746 2855 suo

1187 2890 1390 2970 duro,
1433 2902 1497 2959 et
1530 2892 1817 2983 qrandi.
1851 2904 1916 2961 et
1969 2895 2167 2983 sorti.
2212 2891 2319 2975 Et,
2389 2918 2577 2973 xxm,
2618 2896 2740 2964 17:

1203 2997 1519 3065 Visitabit
1546 3000 1892 3068 Dominus
1935 3001 2215 3091 Tyrum.
2248 2997 2496 3069 visitat
2539 3004 2743 3070 etiam

1186 3106 1618 3200 corrigendo,
1678 3107 1954 3202 quando
2011 3131 2149 3177 non
2221 3108 2398 3178 valet
2457 3109 2744 3202 simplex

1187 3219 1664 3287 comminatio.
1699 3220 1938 3300 Amos,
1984 3243 2080 3299 ιιι,
2123 3221 2206 3289 2;
2245 3221 2742 3290 Tantummodo

1187 3350 1303 3395 vos
1358 3328 1647 3420 cognovi
1696 3352 1785 3397 ea:
1849 3328 2169 3397 omnibus
2221 3328 2743 3420 coquationibus

1183 3445 1382 3505 terrae
1405 3458 1429 3505 .·
1464 3435 1718 3505 idcirco
1751 3434 2040 3505 visitabo
2094 3458 2301 3530 super
2354 3461 2466 3506 vos
2514 3460 2742 3506 omnes

1185 3544 1589 3636 iniquitates
1642 3553 1922 3615 vestras.
1986 3544 2167 3614 Psal.
2213 3568 2537 3622 Lxxxvm.
2600 3546 2735 3614 33:

1198 3656 1498 3726 Visitabo
1566 3658 1638 3725 in
1715 3659 1913 3748 virqa
1997 3658 2395 3750 iniquitates
2474 3681 2735 3727 eorum.

1185 3765 1381 3843 ltem,
1424 3764 1736 3834 sanando
1775 3764 1861 3832 ab
1901 3765 2089 3833 omni
2122 3766 2537 3849 infirmitate,
2599 3765 2738 3833 imo

1180 3871 1573 3943 suscitando
1612 3896 1654 3940 a
1719 3882 1967 3941 morte.
2025 3870 2187 3941 Luc.
2237 3893 2355 3951 vn,
2397 3874 2518 3940 te:
2556 3872 2738 3958 Quia

1173 3983 1514 4075 propheta
1572 4004 1874 4074 magnus
1935 3983 2242 4051 surrexit
2281 3984 2350 4051 in
2401 3980 2624 4061 nobis,
2678 3989 2742 4049 et

1179 4092 1348 4183 quia
1368 4093 1553 4160 Deus
1577 4091 1885 4159 visitavit
1903 4090 2179 4183 plebem
2204 4113 2431 4160 suam.
2453 4089 2740 4182 Propter

1179 4201 1310 4270 hoc
1349 4201 1644 4280 dicebat.
1680 4201 1922 4270 Matth.
1965 4225 2062 4284 ιι,
2097 4203 2178 4271 12
2208 4225 2225 4271 :
2259 4202 2413 4272 Non
2442 4210 2542 4271 est
2567 4224 2740 4296 opus

1179 4310 1572 4382 valentibus
1633 4312 1961 4382 medicus.
2025 4311 2398 4382 Sanitatem
2446 4335 2569 4405 per
2596 4311 2740 4380 dis-

1177 4423 1504 4516 ciplinam
1579 4423 2076 4494 conservando.
2139 4421 2448 4515 Sophon.
2491 4445 2590 4507 ιιι,
2648 4423 2731 4491 7:

2966 422 2997 456 α
3065 395 3178 461 Ad
3240 395 3630 463 videndum.
3716 421 3749 458 »
3814 393 3941 461 Hic
4018 393 4419 475 secundum,

2871 500 3124 569 scilicet
3154 504 3558 571 visitationis
3599 503 3750 570 linis
3809 512 3871 571 et
3905 505 4101 580 ratio,
4173 503 4426 569 scilicet

2873 630 3080 698 quare
3120 609 3249 679 hoc
3278 613 3471 700 petit,
3507 634 3658 700 quae
3714 614 4099 701 assignatur
4151 608 4420 698 triplex.

2872 716 3125 797 Prima,
3188 730 3261 787 ut
3336 719 3519 787 Deus
3565 721 3876 788 videatur
3915 723 3984 787 in
4051 721 4270 810 patria
4313 742 4430 809 per

2871 827 3192 914 speciem,
3228 825 3339 894 hie
3379 849 3495 916 per
3526 827 3753 907 fidem,
3793 828 3976 917 quod
4029 827 4303 917 respicit
4343 827 4430 893 ad

2870 932 3289 1021 adspectum.
3376 933 3711 1013 Secunda,
3792 935 3877 1002 ad
3946 933 4428 1002 exsultandum

2870 1043 2941 1109 in
2969 1044 3143 1123 viso,
3216 1050 3277 1110 et
3335 1043 3834 1122 delectandum,
3908 1045 4092 1135 quod
4155 1043 4429 1132 respicit

2868 1153 2950 1219 ad
2984 1151 3328 1231 affectum,
3364 1153 3482 1234 ibi,
3532 1184 3564 1216 «
3608 1157 3694 1223 Ut
3725 1156 4056 1222 lauderis.
4098 1184 4129 1217 »

2959 1259 3133 1327 Dicit
3163 1283 3367 1352 ergo:
3406 1259 3517 1329 Sic.
3558 1270 3714 1351 peto
3754 1271 3829 1330 ut
3877 1264 4113 1329 visites
4149 1265 4216 1329 in
4250 1264 4430 1331 salu-

2868 1368 2995 1435 tari
3045 1378 3187 1447 tuo,
3225 1377 3289 1437 et
3354 1368 3485 1437 hoe
3546 1396 3579 1434 α
3659 1371 4160 1438 adridendum
4238 1401 4267 1431 n
4330 1379 4421 1449 te,

2865 1501 3047 1545 nunc
3111 1501 3232 1569 per
3268 1479 3619 1569 speculum
3660 1490 3724 1546 et
3785 1481 3853 1547 in
3909 1483 4299 1571 aenigmate‚
4361 1490 4429 1549 et

2866 1585 2998 1656 hoc
3037 1615 3071 1652 a
3116 1588 3185 1654 in
3218 1587 3540 1668 bonitate,
3588 1615 3620 1653 ιι
3650 1588 3781 1657 hoc
3824 1600 3948 1671 est,
3994 1614 4114 1682 per
4143 1592 4423 1659 bonita-

2866 1703 3030 1777 tem,
3066 1720 3098 1759 α
3147 1695 3510 1764 electorum
3570 1708 3873 1778 tuorum,
3920 1725 3954 1763 ιι
4000 1698 4230 1767 electis
4288 1699 4422 1767 tuis

2864 1805 3258 1894 praestitam.

2953 1910 3105 1995 vel,
3138 1912 3219 1980 de
3251 1916 3512 1981 visione.
3582 1915 3646 1982 in
3689 1915 3915 1983 futuro
3975 1923 4199 2006 potest
4238 1914 4415 2006 legi:

2866 2019 2981 2088 Sic
3011 2030 3189 2111 pet0,
3226 2023 3411 2113 quod
3443 2047 3565 2089 nos
3597 2025 3663 2091 in
3695 2025 3975 2092 salutari
4008 2034 4125 2091 tuo
4155 2026 4415 2104 visites,

2862 2140 2929 2199 et
2958 2130 3086 2200 hoc
3128 2157 3161 2198 c
3205 2132 3303 2198 ad
3331 2133 3695 2201 ridendum
3741 2165 3771 2195 ι»
3825 2147 3889 2202 te
3933 2159 4053 2226 per
4090 2137 4415 2226 speciem,

2860 2239 2944 2307 de
2974 2262 3108 2330 qua
3133 2239 3303 2307 Tob.
3337 2263 3480 2318 xm,
3523 2244 3650 2308 20:
3699 2244 3955 2309 Beatus
3986 2266 4125 2318 ero,
4167 2244 4233 2310 si
4258 2246 4420 2333 sne-

2860 2350 3000 2417 rint
3029 2349 3338 2441 reliquiae
3377 2353 3655 2418 seminis
3705 2356 3863 2431 neci,
3915 2353 4014 2419 ad
4050 2351 4418 2420 videndam

2858 2457 3244 2525 claritatem
3316 2459 3728 2529 Jerusalem.
3802 2459 3825 2525 1
3883 2459 4086 2527 Joan.
4162 2483 4259 2536 ιιι,
4322 2462 4363 2527 2
4396 2484 4412 2528 :

2870 2568 3257 2637 Videbimus
3284 2592 3439 2637 eum
3475 2572 3684 2638 siculi
3709 2580 3828 2637 est.
3865 2571 3945 2637 lit
3989 2574 4196 2639 etiam
4252 2600 4283 2629 «c
4323 2570 4420 2638 ad

2859 2674 3232 2744 laetandum
3267 2704 3301 2739 ιι
3365 2677 3634 2745 tandem
3671 2679 3735 2744 in
3805 2686 3894 2755 te,
3940 2686 4003 2744 et
4047 2701 4165 2768 per
4215 2687 4305 2751 te.
4348 2688 4413 2745 vt

2855 2779 2986 2850 hoc
3018 2808 3051 2847 ι
3095 2783 3165 2849 in
3214 2781 3457 2850 laetitia
3508 2784 3733 2872 qentis
3774 2795 3934 2864 tuae,
3982 2810 4015 2844 n
4071 2783 4135 2851 id
4168 2791 4297 2864 est,
4342 2783 4410 2851 in

2854 2889 3198 2957 consortio
3220 2890 3561 2976 justorum
3602 2890 3684 2956 de
3728 2899 3790 2958 te
3822 2889 4225 2958 laetantium.
4274 2887 4407 2958 lsa.

2855 3019 3009 3077 va,
3047 2996 3172 3063 14:
3237 2998 3407 3064 Ecce
3431 2999 3607 3064 sere-i
3672 2999 3806 3064 mei
3865 2997 4314 3076 lwtahuntur,
4349 3009 4412 3065 et

2851 3126 2967 3172 vos
2986 3103 3543 3195 confundemini:
3578 3128 3720 3172 ecce
3754 3107 3932 3174 servi
3972 3105 4108 3174 mei
4149 3104 4412 3176 lauda-

2852 3209 3023 3280 bunt
3085 3235 3233 3304 prae
3294 3212 3759 3281 exsultatione
3831 3213 4083 3296 cordis,
4155 3225 4219 3282 et
4298 3239 4412 3282 ros

2849 3319 3241 3388 clamabitis
3307 3343 3453 3412 pree
3516 3319 3755 3387 dolore
3813 3321 4064 3399 cuntis,
4135 3332 4199 3390 et
4262 3347 4410 3415 ἰνιτ

2848 3428 3251 3495 contritione
3290 3429 3578 3520 spiritus
3621 3427 4022 3498 ululabitis.

2938 3536 3022 3605 Et
3044 3537 3248 3606 etiam
3272 3537 3356 3605 ad
3387 3535 3518 3606 hoc
3541 3540 3758 3612 mitte.
3797 3565 3830 3604 ι
3868 3548 3944 3606 ut
3969 3537 4280 3608 lauderis
4304 3567 4338 3602 ιι
4371 3562 4412 3609 a

2849 3645 3048 3714 nobis
3060 3654 3408 3736 tamquam
3424 3646 3936 3727 existentilius,·‹
3959 3647 4414 3715 cmnlaea’redi·

2849 3762 2990 3821 tate
3009 3763 3159 3833 tua,
3189 3776 3224 3819 ι
3259 3776 3412 3821 cum
3448 3753 3731 3845 Angelis
3762 3754 4017 3823 scilicet
4040 3763 4102 3821 et
4127 3757 4409 3833 sanctis,

2851 3882 3001 3952 quae
3027 3860 3175 3949 jam
3204 3858 3563 3929 haereditas
3595 3871 3708 3929 tua
3749 3870 3932 3929 sunt.
3974 3860 4152 3929 Psal.
4190 3883 4408 3939 xxxii.

2856 3972 2935 4038 ¹2
2970 3991 2987 4037 :
3032 3969 3251 4038 Beata
3275 3993 3442 4061 qens
3470 3970 3677 4060 cujus
3706 3979 3805 4038 est
3838 3973 4181 4040 Dominus
4224 3973 4415 4040 Deus

2847 4072 3031 4166 ejus,
3065 4073 3373 4168 populus
3414 4097 3612 4166 quem
3663 4075 3872 4167 eleqit
3925 4076 3998 4143 in
4036 4075 4416 4145 incredita-

2849 4192 2984 4252 tcm
3009 4181 3170 4252 sibi.
3227 4182 3314 4252 Ut
3353 4184 3490 4252 sint
3560 4183 3858 4253 heredes
3911 4184 4194 4277 quidem
4252 4187 4410 4271 Dei,

2848 4291 3220 4361 cohaeredes
3247 4302 3478 4360 autem
3523 4292 3781 4361 Christi
3818 4296 3863 4361 ¹.
3903 4291 4032 4361 lsa.
4080 4316 4224 4370 xix.
4276 4296 4407 4364 25:

2848 4399 3232 4468 Ila-reditas
3261 4422 3413 4467 mea
3441 4398 3685 4477 Israel,
3721 4399 3962 4468 videns
4004 4399 4251 4469 Deum.

4592 445 4650 510 ὅ

2938 4507 3023 4576 Et
3051 4517 3239 4590 nota,
3285 4507 3469 4600 quod
3508 4518 3777 4578 sanctos
3824 4507 4073 4601 triplici
4126 4509 4409 4579 nomine
4460 4529 4742 4579 σιτ-..αι

2849 4615 3167 4709 appellat.
3203 4617 3500 4695 Eiectos,
3533 4617 4045 4708 comparatione
4075 4616 4162 4684 ad
4203 4626 4411 4686 aeter-
4435 4594 4721 4745 ὡυαῖ“

2850 4748 3011 4795 nam
3044 4724 3164 4794 Dei
3195 4724 3856 4817 praedestinationem
3877 4733 3943 4794 et
3973 4725 4403 4799 electionem.
4491 4748 4709 4794 ηαιιιιι

2849 4831 2957 4900 Ad
2988 4829 3237 4922 Ephes.
3280 4853 3326 4909 ι,
3372 4831 3411 4897 4
3445 4852 3461 4899 :
3507 4831 3743 4923 Eleqit
3773 4855 3895 4899 nos
3936 4833 4008 4899 in
4059 4833 4208 4924 ipso
4248 4840 4410 4901 ante

2850 4937 3098 5009 mundi
3178 4939 3752 5007 constitutionem.
3856 4941 4135 5008 Gentem
4245 4940 4407 5020 Dei,

1177 4531 1525 4623 Suscipies
1580 4530 2071 4623 disciplinam:
2153 4539 2219 4598 et
2279 4553 2414 4597 non
2481 4525 2739 4621 peribit

1175 4637 1660 4708 habitaculum
1738 4636 1920 4730 ejus,
1989 4648 2274 4732 propter
2342 4639 2577 4706 omnia
2610 4653 2643 4702 ἰ
2666 4638 2736 4705 in

1177 4745 1431 4839 quibus
1461 4747 1740 4817 visitavi
1793 4769 1970 4816 eam.
2011 4746 2314 4816 Tandem
2374 4756 2442 4816 et
2492 4745 2736 4816 ultimo

1179 4855 1531 4927 liberando
1565 4879 1688 4948 per
1718 4855 2277 4926 misericordiam.
2315 4853 2623 4947 Sophon.
2659 4876 2732 4935 ιι,

1181 4966 1267 5035 7:
1309 4964 1427 5036 Ad
1459 4985 1814 5058 vesperam
1853 4963 2290 5056 requiescent,
2355 4963 2525 5055 quia
2571 4963 2742 5032 visi·

1181 5069 1359 5141 tabit
1384 5094 1499 5142 eos
1533 5071 1883 5143 Dominus
1908 5072 2098 5139 Deus
2141 5092 2399 5148 eorum.
2431 5079 2496 5139 et
2543 5091 2741 5139 aver-

1180 5191 1275 5249 tet
1312 5182 1786 5274 captivitatem
1825 5202 2088 5251 eorum.

2851 5057 3129 5140 propter
3163 5047 3320 5116 fidei
3350 5056 3421 5118 et
3455 5047 3677 5116 cultus
3723 5046 4179 5117 identitatem.
4221 5045 4417 5115 Deu-

2851 5163 2977 5226 ter.
3011 5178 3106 5238 ιν,
3148 5156 3238 5226 8:
3278 5157 3444 5242 Quae
3505 5163 3604 5224 est
3640 5156 3819 5225 enim
3886 5156 4040 5224 alia
4093 5178 4262 5246 qens
4314 5156 4417 5225 sic

2854 5263 3143 5357 inclyta,
3179 5273 3257 5334 ul
3290 5262 3540 5332 habeat
3577 5265 4040 5342 caercmonias.
4071 5262 4417 5357 justaque

2843 5370 3155 5463 judicia,
3186 5382 3252 5442 et
3280 5374 3668 5442 universam
3723 5371 3966 5463 leqem,
4016 5393 4233 5464 quam
4289 5394 4415 5465 eqo

1251 5613 1274 5651 ¹
1305 5611 1391 5672 Ad
1421 5616 1679 5674 Roman.
1710 5626 1840 5679 vni.
1867 5611 1958 5669 ¹7.
