5008 6329
440 3203 558 3268 1⁴

674 329 797 394 142

660 509 1096 588 proventum,
1181 507 1258 563 ut
1329 496 1616 586 possitis
1681 497 2039 563 sustinere.
2099 495 2224 562 Vel

667 606 765 673 sie
798 628 812 672 :
863 635 896 668 «
926 608 1042 673 Da
1071 603 1266 670 nobis
1296 601 1677 684 auxilium,
1718 630 1750 666 »ι
1784 611 1850 671 et
1879 602 2035 681 hoe,
2077 629 2108 667 α
2143 603 2225 669 de

666 714 817 805 ipsa
856 711 1332 788 tribulatione,
1381 737 1415 773 ι)
1451 719 1525 779 ut
1554 734 1640 779 ex
1679 713 1824 803 ipsa
1871 718 2102 778 noster
2137 709 2224 775 il-

667 820 1041 887 luminetur
1139 817 1548 898 intelleetuS‚
1612 819 1986 887 seeundum
2059 816 2224 883 illud

668 928 872 996 Eeeli.
909 950 1095 1005 xxm,
1133 929 1255 997 37:
1288 930 1513 996 Mittit
1575 927 2020 1017 disciplinam
2048 928 2223 994 sicut

670 1035 914 1102 lucem.
959 1035 1046 1103 Et
1084 1043 1162 1103 ut
1215 1035 1527 1125 proficiat
1583 1034 1654 1101 in
1720 1034 1982 1101 bonum
2051 1033 2221 1102 affe-

666 1150 841 1222 ctus,
897 1142 1230 1210 Proverb.
1268 1164 1457 1220 xxxi,
1508 1143 1638 1209 15:
1684 1143 1789 1208 De
1842 1152 2033 1209 nocte
2075 1165 2223 1209 sur-

667 1251 868 1317 rexit.
930 1249 1031 1317 De
1127 1257 1324 1316 noete
1374 1251 1557 1317 enim
1619 1271 1924 1340 surgere,
1994 1256 2094 1316 est
2139 1248 2220 1316 de

668 1358 1108 1426 tribulatione
1148 1356 1502 1446 proficere.

762 1595 794 1629 a
823 1568 1006 1652 Quia
1035 1590 1240 1635 vana.
1280 1593 1313 1632 ι
1363 1568 1532 1635 Eece
1576 1568 1976 1636 seeundum.
2013 1566 2219 1646 Quasi

668 1672 956 1742 diceret:
987 1672 1102 1741 Sic
1123 1673 1209 1741 da
1247 1673 1447 1741 nobis
1473 1674 1834 1756 auxilium,
1858 1684 1924 1742 et
1952 1695 2219 1741 neeesse

670 1790 774 1849 est
807 1804 822 1847 ε
862 1809 896 1845 «
943 1781 1127 1865 Quia
1163 1780 1362 1848 salus
1398 1781 1722 1860 hominis,
1761 1807 1793 1846 n
1820 1781 1903 1847 ab
1944 1781 2220 1848 homine

670 1896 1077 1979 exspectata,
1113 1889 1240 1978 ‘qui
1286 1911 1500 1978 purus
1546 1886 1759 1956 homo
1817 1888 1926 1966 sit,
1980 1897 2045 1956 et
2084 1910 2221 1956 non

671 1997 880 2077 Deua,
906 2004 1009 2065 est
1038 2023 1073 2059 α
1103 2019 1307 2063 vana.
1339 2022 1372 2058 »
1407 1994 1539 2063 lsa.
1566 2019 1730 2077 xxx,
1757 1998 1796 2064 7
1824 2018 1840 2063 ε
1867 1998 2221 2087 AEqyptus

669 2108 939 2195 frustra
961 2113 1025 2172 et
1046 2127 1217 2171 vane
1245 2103 2012 2195 auxiliabiturQuippe
2035 2128 2072 2172 a
2101 2128 2225 2173 va-

672 2237 762 2282 no
794 2214 959 2305 quid
1013 2220 1245 2303 posset
1276 2234 1421 2279 esse
1475 2212 1603 2279 nisi
1645 2214 1910 2280 vanitas
1938 2214 1973 2279 ⁴?
2039 2212 2216 2280 Psal.

676 2343 962 2403 xxxviii,
997 2322 1037 2385 6
1084 2341 1100 2386 :
1153 2320 1627 2386 Verumtamen
1676 2320 1990 2387 universa
2029 2321 2225 2386 vani-

675 2442 810 2511 tas,
852 2430 1076 2498 onmis
1104 2427 1304 2496 leomo
1335 2429 1584 2495 vivens.
1644 2428 1898 2496 Jerem.
1945 2452 2040 2508 ιιι,
2083 2431 2165 2496 23
2200 2450 2217 2496 t

690 2542 846 2608 Vere
874 2539 944 2604 in
975 2536 1276 2604 Domino
1307 2537 1450 2603 Deo
1488 2545 1721 2603 nostro
1755 2536 1953 2603 salus
1981 2536 2216 2604 Israel.

677 2646 965 2737 Propter
1022 2641 1154 2709 hoe
1220 2642 1488 2721 dieitur,
1559 2643 1837 2720 ibidem,
1906 2666 2070 2720 xvn,
2130 2646 2169 2710 5
2204 2665 2219 2709 ε

676 2753 1096 2823 Maledictus
1122 2750 1324 2817 laeomo
1373 2752 1498 2841 qui
1524 2751 1811 2838 confidit
1829 2753 1898 2818 in
1927 2750 2222 2830 leominc,

676 2871 740 2929 et
769 2863 972 2954 ponit
1008 2883 1281 2929 carm-m
1314 2858 1672 2928 brachium
1700 2883 1932 2929 suum.

770 3218 802 3257 e
841 3193 920 3260 ln
983 3192 1124 3259 Deo
1168 3190 1530 3278 faciemus.
1568 3214 1602 3254 ι
1663 3190 1788 3259 Hie
1827 3189 2224 3268 secundum,

681 3303 750 3369 in
781 3321 919 3391 quo
973 3305 1335 3390 postquam
1384 3297 1602 3388 petiit,
1663 3296 2066 3366 fiducialiter
2110 3299 2234 3365 im.

677 3405 1007 3499 piendum
1023 3404 1119 3474 ait
1150 3404 1335 3495 quod
1355 3405 1548 3494 petiit
1581 3426 1597 3472 :
1633 3413 1701 3473 et
1728 3406 2227 3474 dicuntur-duo.

683 3514 915 3582 Primo
948 3511 1207 3581 seilicet
1244 3512 1549 3580 virtuosa
1599 3514 1933 3602 operatio.
1969 3511 2234 3583 Secun-

678 3624 791 3699 do.
837 3621 1276 3691 inimieorum
1314 3618 1749 3699 annihilatio,
1785 3644 1939 3713 quoe
1979 3621 2229 3690 dabun-

677 3740 790 3799 tur
815 3730 1047 3797 aDeo.
1085 3725 1506 3805 Secundum,
1541 3725 1660 3805 ibi,
1697 3752 1732 3793 ι
1764 3727 1919 3820 lpse
1944 3727 2043 3796 ad
2055 3728 2232 3797 nihi·

682 3838 852 3907 lum.
891 3862 926 3904 ι

768 3945 952 4015 Dicit
989 3965 1155 4034 ergo
1190 3963 1207 4010 ε
1255 3940 1372 4012 Sic
1424 3944 1616 4033 petii.
1647 3953 1714 4011 et
1758 3944 1857 4012 sie
1900 3944 2040 4025 fiet,
2072 3946 2232 4036 quia

679 4075 808 4121 nos
856 4079 893 4118 ι
922 4051 1265 4142 faciemus
1295 4074 1330 4116 n
1399 4048 1674 4118 tandem
1734 4075 1769 4116 ι
1802 4052 2146 4130 virtutem,
2190 4077 2227 4114 n

676 4158 1054 4226 virtuosam
1110 4152 1365 4223 scilieet
1410 4156 1907 4246 operationem,
1967 4177 2106 4224 non
2191 4178 2234 4223 a

1670 324 1755 390 D.
1810 324 2007 391 ALB.
2063 323 2275 391 MAG.
2330 322 2535 392 ORD.
2590 326 2885 395 PRAED.

2338 496 2558 565 nobis.
2598 498 2741 567 lad
2788 498 3093 567 Corinth.
3167 521 3279 573 κν,
3357 500 3434 563 10
3475 521 3488 563 :
3560 501 3713 564 Non
3763 521 3883 588 eqo

2336 616 2589 685 autem,
2646 608 2769 674 sed
2810 609 3044 697 qratia
3110 609 3241 675 Dei
3300 627 3584 671 mecum.
3652 606 3757 683 Et,
3801 606 3886 672 ad

2336 711 2597 779 Coloss.
2632 735 2678 795 1,
2722 716 2807 780 29
2844 736 2859 780 :
2893 715 3222 796 'Laboro‚
3271 713 3590 780 certando
3641 735 3886 778 secun-

2333 819 2499 885 dum
2537 823 2998 910 operationem
3052 821 3232 910 ejuS,
3282 844 3494 910 quam
3549 832 3874 910 operatur

2332 926 2404 991 in
2423 947 2530 992 me
2558 927 2629 992 in
2659 927 2931 996 virtute.
2965 927 2990 992 1
3052 926 3361 994 Machab.
3427 949 3522 1003 ιιι,
3564 928 3642 993 19
3678 928 3877 994 :Non

2335 1033 2403 1099 in
2450 1034 2899 1102 multitudine
2956 1038 3288 1102 exercitus
3335 1035 3619 1100 victoria
3679 1033 3869 1110 belli,

2327 1139 2449 1206 sed
2473 1140 2557 1205 de
2582 1141 2748 1208 coelo
2777 1143 3122 1230 fortitudo
3153 1152 3270 1209 est.

2423 1273 2455 1306 α
2489 1247 2584 1312 Et
2621 1247 2787 1337 ipse,
2826 1275 2860 1310 »
2930 1270 3066 1315 non
3122 1247 3319 1328 aliuS,
3357 1276 3389 1308 «
3452 1248 3737 1313 deducet
3783 1246 3879 1313 ad

2329 1353 2629 1419 nihilum
2660 1355 2971 1424 inimicos
3012 1366 3300 1434 nostros,
3336 1380 3369 1418 ι
3405 1354 3716 1421 homines
3747 1362 3878 1420 ter-

2333 1483 2555 1540 renOS,
2580 1463 2845 1551 quinos
2874 1465 3300 1553 impugnant.
3333 1463 3585 1530 Jerem.
3625 1486 3715 1540 iv,
3751 1461 3867 1527 23:

2328 1569 2633 1659 Adspexi
2683 1579 2959 1649 terram,
3004 1580 3307 1640 terrenos
3354 1571 3608 1638 seilicet
3659 1570 3877 1637 homi·

2331 1699 2450 1743 nes
2482 1698 2498 1744 ε
2543 1686 2606 1742 et
2632 1700 2774 1744 ecce
2792 1701 3011 1745 vacua
3049 1689 3220 1757 erat,
3252 1689 3316 1745 et
3343 1679 3576 1745 nihili.
3621 1680 3869 1745 Genea.

2332 1807 2377 1861 ι,
2421 1784 2460 1848 2
2504 1805 2520 1849 :
2568 1785 2770 1851 Terra
2800 1794 3029 1851 autem
3068 1794 3214 1851 erat
3259 1786 3485 1851 inanis
3529 1794 3594 1850 et
3630 1807 3870 1850 vacua.

2329 1890 2460 1957 lsa.
2520 1913 2628 1969 xa,
2705 1892 2835 1960 17:
2897 1892 3143 1960 Omnes
3194 1902 3449 1981 qentes,
3495 1893 3699 1982 quasi
3741 1914 3878 1957 non

2327 1998 2490 2077 sint,
2519 1999 2617 2066 sic
2641 2008 2803 2066 sunt
2831 2021 3061 2067 coram
3091 1999 3281 2068 co.l·]t
3312 1999 3393 2067 de
3436 1999 3743 2068 Lucifero
3774 1999 3880 2066 di-

2332 2106 2528 2183 eitur,
2564 2104 2892 2173 Ezechiel.
2927 2129 3165 2187 xxviii,
3206 2110 3283 2174 19
3328 2130 3342 2173 z
3377 2109 3608 2176 Nihili
3642 2109 3875 2196 sactus

2331 2233 2419 2277 σε.
2469 2209 2788 2279 inimicos
2820 2213 3000 2279 enim
3051 2212 3410 2294 annihilat,
3466 2237 3604 2280 nou
3638 2223 3877 2280 utnon

2331 2317 2466 2384 siut
2504 2320 2815 2398 omniuo,
2847 2320 2965 2387 sed
3004 2328 3079 2387 ut
3127 2320 3292 2388 nihil
3333 2323 3596 2411 possint
3649 2331 3885 2388 eontra

2332 2423 2573 2491 bonOS.
2612 2424 2944 2495 Ezechiel.
3000 2449 3189 2509 xxvi,
3241 2430 3315 2493 21
3368 2449 3383 2494 ε
3439 2430 3522 2494 In
3586 2427 3887 2494 nihilum

2333 2533 2644 2623 rediqam
2693 2542 2778 2611 tc,
2824 2547 2887 2601 et
2915 2559 3049 2602 nou
3080 2537 3237 2614 eris,
3266 2546 3330 2603 et
3387 2537 3718 2626 requisita
3749 2558 3884 2602 nou

2335 2640 2719 2707 invenieriS.
2764 2640 2848 2709 Et
2893 2643 3300 2733 suppeditati
3354 2653 3539 2723 suut,
3587 2640 3880 2710 Malach.

2338 2773 2429 2830 w,
2473 2752 2514 2817 3
2555 2772 2573 2819 t
2640 2751 3019 2820 Calcabitis
3078 2755 3347 2844 impio&
3401 2776 3554 2820 cum
3622 2753 3888 2842 suerint

2335 2858 2508 2924 ciuis
2533 2857 2661 2926 sub
2693 2859 2949 2950 planta
2996 2861 3257 2952 pedum
3297 2871 3695 2927 vestrorum.
3742 2859 3889 2925 line

2341 2965 2607 3056 petebat
2674 2966 2958 3045 Paulus,
3025 2968 3112 3037 ad
3174 2967 3464 3036 Roman.
3545 2992 3687 3044 xvi,
3742 2970 3828 3034 20
3866 2990 3881 3032 ε

2339 3076 2528 3142 Deus
2539 3076 2739 3162 pacis
2754 3083 3059 3143 conterat
3084 3077 3420 3145 Salonam
3449 3075 3576 3142 sub
3586 3076 3755 3169 pedi
3759 3075 3886 3141 bus

2339 3184 2576 3251 vestris
2605 3183 2944 3267 velociter,
2976 3194 3051 3253 ut
3089 3208 3211 3253 nec
3251 3186 3391 3276 ipse
3423 3209 3544 3253 nee
3578 3183 3885 3251 membra

2339 3311 2462 3357 sua
2503 3298 2737 3358 eontra
2784 3313 2912 3359 nos
2965 3291 3222 3383 aliquid
3256 3293 3538 3382 possint.
3595 3291 3674 3359 131
3740 3290 3888 3358 haec

2340 3399 2572 3466 omnia
2601 3397 2746 3466 Deo
2767 3398 3199 3468 attribuenda
3219 3409 3400 3477 sunt,
3437 3422 3573 3466 nou
3595 3397 3887 3466 homini.

2343 3504 2713 3573 Deuteron.
2747 3527 2892 3585 vm,
2931 3508 3012 3573 ¹6
3043 3515 3109 3574 et
3155 3530 3298 3597 seq.
3330 3529 3345 3572 ε
3382 3509 3705 3573 Misertus
3730 3527 3886 3571 sum

2340 3612 2471 3692 tui,
2503 3634 2589 3678 ne
2628 3610 2882 3679 diceres
2920 3613 2991 3679 in
3046 3612 3245 3679 corde
3281 3623 3399 3677 tuo
3423 3635 3445 3678 .·
3510 3609 3885 3679 Fortitudo

2341 3745 2516 3800 mea,
2549 3731 2613 3789 et
2632 3720 2845 3790 robur
2881 3744 3129 3789 manus
3157 3745 3341 3799 mear,
3374 3721 3514 3789 lecte
3540 3720 3713 3787 milii
3740 3741 3895 3785 om-

2339 3831 2461 3898 nia
2491 3832 2984 3924 pra-stiterunt.
3024 3831 3167 3901 Sed
3201 3831 3569 3899 recorderis
3599 3827 3889 3898 Domini

2338 3938 2471 4007 Dei
2519 3940 2649 4024 tui,
2708 3938 2896 4030 quod
2937 3939 3081 4030 ipse
3127 3940 3297 4006 eires
3324 3936 3453 4004 tibi
3483 3935 3885 4028 pra-buerit,

2339 4052 2470 4115 etc.

1886 4625 2352 4704 PSALMUS
2400 4624 2667 4702 cvm.

1138 4980 1355 5075 Opem
1383 4978 1524 5050 Dei
1553 4977 1927 5074 implorat,
1967 4989 2038 5051 et
2067 4975 2455 5073 proditori
2488 4971 2756 5065 dignas
2777 4992 3033 5067 poenas
3049 4970 3413 5064 pra-dicit.

725 5361 786 5410 ι.
838 5336 924 5409 In
946 5334 1199 5428 finem,
1232 5332 1573 5406 Psalmus
1599 5329 1868 5402 David.

717 5467 785 5518 2.
842 5444 1068 5530 Deus,
1101 5440 1397 5513 laudem
1455 5461 1698 5512 meam
1745 5461 1837 5511 ne
1889 5440 2222 5521 tacueris,

941 5548 1117 5646 quia
1144 5572 1230 5622 os
1293 5547 1692 5643 peccatoris
1740 5564 1813 5620 et
1866 5569 1953 5620 os
1992 5546 2225 5620 dolosi

941 5677 1167 5753 super
1192 5677 1313 5731 me
1351 5673 1687 5750 apertum
1716 5673 1846 5728 est.

2381 5332 2449 5404 3.
2501 5328 2761 5401 Locuti
2811 5345 2983 5399 sunt
3028 5327 3411 5398 adversum
3465 5342 3582 5393 me
3634 5318 3883 5410 lingua

2599 5436 2880 5522 dolosa,
2927 5451 3000 5506 et
3042 5432 3503 5505 sermonibus
3554 5425 3705 5500 odii
3753 5423 3888 5495 cir·

2599 5540 3128 5615 cumdederunt
3153 5560 3298 5621 me,
3326 5556 3395 5611 et
3433 5551 3889 5631 expugnave-

2599 5666 2772 5722 runt
2818 5668 2938 5720 me
2966 5643 3213 5742 gratis.
