5008 6329
646 309 772 376 164
1640 293 1723 359 D.
1776 288 1979 356 ALB.
2037 285 2256 354 MAG.
2312 284 2519 354 ORD.
2574 286 2870 354 PRAED.

643 477 891 551 cundo,
943 471 1107 564 quid
1177 474 1498 561 operatus
1549 464 1636 530 sit
1715 461 1784 529 in
1835 458 1981 543 illo,
2037 462 2200 551 quia
2309 482 2352 536 1,
2391 460 2429 528 3
2475 481 2489 525 :
2556 459 2761 528 Sedet
2798 483 2841 526 a
2881 459 3230 528 dexteram
3270 461 3686 550 majestatis,
3725 462 3850 529 Dei

643 582 1195 655 sublimationem
1237 596 1454 664 usque
1520 571 1605 639 ad
1661 570 2192 648 confessionem,
2305 568 2585 652 scilicet,
2628 569 2700 635 in
2747 569 3053 636 excelsis.

643 694 762 773 ibi,
801 720 834 756 «
866 688 1038 759 Sede
1066 709 1110 752 a
1141 682 1403 749 dextris
1433 680 1622 750 meis,
1662 703 1693 744 ι)

2398 803 2432 839 t<
2463 778 2697 844 Donec
2736 801 3015 867 ponam.
3080 777 3207 845 Hic
3265 779 3666 849 secundum.
3723 780 3849 846 Te-

2302 881 2454 972 tigit
2519 884 2742 973 primo
2811 885 3290 953 exaltationem
3365 886 3641 967 Christi,
3715 887 3846 966 ⁴sed

2304 992 2668 1071 occultam,
2713 992 2822 1060 hic
2847 1002 3172 1084 apertam.

2391 1100 2508 1167 Ait
2575 1102 2758 1168 enim
2823 1124 2839 1168 :
2911 1101 3023 1170 Sic
3096 1103 3287 1188 dixit,
3369 1106 3559 1195 cujus
3620 1104 3844 1174 dicere
3873 1119 4060 1184 Duplex
4099 1132 4194 1164 0¹·

2300 1206 2521 1276 facere
2570 1216 2695 1292 est,
2736 1217 2812 1276 ut
2865 1209 3150 1295 sederet,
3201 1219 3266 1279 et
3312 1211 3467 1291 hoc,
3543 1237 3576 1278 α
3638 1173 4194 1284 donecjffimiigriiiii.

435 1043 494 1109 ι
732 1013 913 1081 Dicit
967 1032 1128 1102 ergo
1201 1032 1217 1077 ε
1283 1033 1317 1074 α
1384 1007 1750 1082 Dominus,
1825 1027 1859 1066 ι)
1923 1001 2192 1092 supple,

299 1142 465 1188 Prima
502 1125 828 1200 parsDeus
891 1119 1115 1197 Pater,
1193 1124 1260 1184 et
1342 1114 1634 1181 sumitur
1715 1107 2191 1198 personaliter,

366 1196 560 1246 ΝΛΜ
644 1231 843 1313 sicut,
905 1226 966 1292 11
1035 1225 1118 1292 ad
1170 1218 1478 1290 Corinth.
1540 1241 1588 1297 1,
1638 1217 1677 1284 3
1722 1238 1738 1284 ε
1781 1216 2196 1283 Benedictus

640 1342 850 1416 Deus,
954 1342 1017 1399 et
1095 1333 1309 1398 Pater
1391 1326 1678 1393 Domini
1735 1325 1958 1391 nostri
2028 1326 2195 1391 Jesu

641 1444 921 1517 Christi.
953 1434 1582 1517 Vel,essentialiter
1627 1454 1750 1523 pro
1797 1439 1940 1499 tota
1968 1431 2192 1497 Trini-

633 1562 797 1637 tate,
839 1549 1037 1626 sicut,
1089 1544 1220 1612 Isa.
1273 1565 1458 1623 thv,
1517 1546 1559 1611 8
1621 1564 1636 1609 ε
1696 1543 1910 1608 Pater
1965 1548 2195 1606 noster

635 1670 838 1727 estu.
902 1651 1140 1720 Matth.
1193 1674 1289 1730 vl,
1333 1653 1373 1718 9
1447 1652 1709 1717 :Pater
1764 1657 2016 1729 noster,
2070 1647 2196 1736 qui

634 1789 699 1833 es
757 1767 828 1833 in
892 1759 1101 1829 coelis.
1151 1783 1185 1824 α
1236 1758 1465 1838 Dixit,
1521 1780 1553 1820 ι
1623 1777 1765 1822 non
1824 1753 1965 1821 oris
2027 1753 2192 1821 ssatu

630 1895 873 1941 vocem
917 1864 1303 1944 formando,
1358 1863 1476 1931 scd
1523 1884 1728 1952 opere
1768 1860 2122 1950 implendo
2170 1884 2186 1929 ε

631 2000 832 2046 suum
874 1973 1057 2041 enim
1111 1970 1360 2054 dicere,
1413 1968 1632 2037 facere
1680 1976 1806 2035 est.
1853 1965 1932 2033 In
2001 1966 2187 2034 Psal.

628 2107 844 2165 xxxii,
895 2084 935 2147 9
998 2101 1013 2148 :
1071 2078 1299 2156 Dixit,
1377 2087 1440 2145 et
1512 2078 1707 2166 sacta
1779 2082 1966 2141 sunt.
2029 2074 2187 2159 Vel,

631 2218 665 2258 α
700 2192 908 2273 discit,
971 2215 1004 2250 υ
1066 2187 1131 2254 id
1179 2193 1308 2264 est,
1371 2184 1442 2250 in
1489 2190 1742 2250 aeterno
1798 2181 2013 2249 verbo
2064 2204 2190 2249 suo

628 2296 993 2372 ordinavit,
1068 2301 1135 2361 et
1198 2292 1295 2360 sic
1361 2288 1757 2379 complebit.
1830 2286 2189 2356 Ordinatio

628 2413 812 2480 enim
871 2406 1018 2493 ejus
1052 2411 1308 2470 aeterna
1336 2421 1528 2469 cassa
1558 2421 1706 2467 esse
1737 2421 1877 2466 non
1910 2400 2184 2489 poterit.

628 2520 912 2587 Numer.
949 2533 1137 2592 xxin,
1182 2509 1259 2576 19
1295 2508 1492 2576 :Non
1513 2514 1609 2573 est
1635 2508 1814 2574 Deus
1835 2507 2041 2596 quasi
2066 2504 2188 2572 leo·

625 2652 760 2706 mo,
798 2634 872 2691 ut
903 2620 1300 2694 mentiatur,
1333 2638 1453 2683 neo
1500 2625 1576 2682 ut
1618 2614 1817 2703 filius
1853 2612 2181 2693 lzominiS,

627 2744 703 2803 u!
749 2736 1071 2800 mutetur.
1134 2724 1340 2792 Dixit
1387 2744 1547 2812 erqo
1613 2730 1677 2788 et
1729 2742 1865 2787 non
1896 2721 2111 2809 saciet
2146 2719 2187 2786 Ρ

629 2843 893 2911 locutus
930 2843 1051 2918 est,
1083 2841 1148 2899 et
1187 2853 1321 2897 non
1387 2825 1767 2920 implebit?
1821 2826 2035 2907 Quasi
2087 2828 2185 2895 di-

625 2958 808 3021 ceret
852 2969 867 3014 :
904 2942 1058 3011 Non
1089 2948 1192 3009 est
1227 2937 1578 3030 possibile.
1623 2935 1762 3005 Sed
1797 2939 2178 3008 secundum

622 3058 950 3126 lecturam
1008 3047 1186 3117 hanc
1243 3045 1537 3114 sumitur
1583 3042 1786 3112 Pater
1849 3067 2178 3135 persona-

623 3168 817 3236 liter:
850 3155 1224 3229 secundum
1255 3153 1461 3223 aliam
1482 3152 1954 3222 essentialiter.
1983 3181 2018 3221 ι
2041 3158 2183 3225 Do·

622 3273 807 3339 mino
847 3287 1018 3342 me0,
1055 3289 1089 3326 ιο
1132 3259 1397 3328 homini
1429 3258 1724 3339 Christo,
1766 3262 1885 3350 qui
1927 3283 2180 3329 secun-

622 3378 783 3445 dum
818 3369 1001 3465 quod
1042 3367 1280 3448 hom0,
1323 3368 1450 3435 etsi
1483 3388 1621 3433 non
1682 3387 1807 3456 per
1861 3367 1928 3432 id
1989 3368 2173 3458 quod

618 3483 855 3557 homo,
934 3474 1052 3543 sed
1135 3496 1256 3565 per
1319 3471 1452 3541 hoc
1535 3471 1721 3563 quod
1779 3470 2176 3542 humanitas

2290 1339 2557 1407 ponam
2608 1318 2919 1385 inimicos
2975 1327 3151 1403 tuos,
3207 1345 3241 1382 »
3297 1342 3536 1387 omnes
3590 1321 3847 1390 scilicet

2302 1423 2636 1502 infideles,
2686 1427 3172 1515 praeordinatos
3214 1437 3442 1496 tamen
3483 1430 3567 1497 ad
3602 1431 3842 1509 vitam,

2307 1559 2340 1600 «
2380 1533 2764 1602 scabellum
2812 1535 3070 1626 pedum
3131 1546 3435 1621 tuorum,
3490 1562 3523 1603 n
3610 1537 3847 1628 subje-

2303 1648 2447 1709 ctos
2479 1640 2735 1710 scilicet
2773 1643 2906 1710 tuis
2943 1643 3253 1732 pedibuS,
3306 1643 3370 1711 id
3412 1652 3537 1725 est,
3580 1652 3848 1713 aeternoe

2303 1751 2641 1819 divinitati
2705 1760 2869 1832 tuae,
2930 1776 3078 1844 quae
3137 1754 3369 1821 omnia
3434 1757 3721 1824 sustinet
3786 1766 3853 1825 et

2301 1866 2660 1928 sustentat.
2715 1859 2820 1926 Ad
2880 1859 3091 1929 Hebr.
3155 1885 3202 1947 1,
3264 1863 3302 1930 3
3358 1884 3373 1932 ε
3420 1866 3854 1957 Portansque

2300 1968 2535 2034 onmia
2600 1965 2798 2034 verbo
2856 1969 3130 2035 virtutis
3173 1991 3338 2037 suae.
3404 1969 3611 2051 Quasi
3664 1972 3852 2041 dice-

2300 2079 2402 2141 ret
2446 2096 2461 2141 :
2515 2072 2795 2142 Occulta
2835 2076 2920 2143 sit
2970 2075 3317 2162 exaltatio,
3380 2104 3411 2142 ιι
3453 2076 3662 2147 donec
3695 2108 3728 2143 »
3774 2080 3848 2148 in

2299 2179 2434 2248 fine
2484 2182 2750 2266 mundi,
2811 2184 3086 2273 quando
3137 2206 3374 2253 omnes
3415 2194 3614 2253 erunt
3684 2187 3845 2255 sub-

2291 2288 2456 2378 jecti
2500 2312 2516 2356 :
2561 2296 2627 2357 et
2656 2290 2982 2380 tuncjam
3028 2312 3166 2358 non
3205 2290 3501 2382 amplius
3533 2294 3845 2385 regnabit

2299 2397 2368 2463 in
2410 2397 2704 2481 occulto,
2755 2397 2939 2488 quod
3004 2407 3106 2466 est
3153 2399 3661 2490 quodammodo
3711 2403 3835 2470 im-

2296 2501 2589 2591 perfecte
2648 2525 2955 2594 regnare,
3024 2504 3140 2571 sed
3197 2513 3449 2596 aperte.
3513 2505 3543 2572 I
3591 2507 3677 2575 ad
3705 2507 3844 2576 Co-

2296 2608 2504 2678 rinth.
2556 2633 2701 2690 xm,
2769 2612 2848 2679 10
2900 2635 2916 2680 ε
2982 2613 3155 2682 Cum
3194 2615 3447 2682 venerit
3482 2616 3674 2705 quod
3689 2640 3843 2708 per-

2291 2718 2553 2806 sectum
2587 2730 2713 2796 est,
2766 2719 3212 2787 evacuabitur
3264 2722 3453 2811 quod
3497 2746 3583 2789 ex
3635 2734 3842 2815 parte

2293 2835 2413 2893 est.
2475 2825 2560 2893 Et
2615 2827 2713 2895 sic
2785 2827 3078 2895 sumitur
3146 2828 3354 2896 donzec
3412 2830 3710 2922 proprie,
3771 2840 3840 2900 et

2291 2934 2623 3003 usitatiori
2657 2935 2888 3004 modo.

2377 3040 2508 3110 Vel
2568 3044 2665 3112 sic
2706 3066 2723 3111 ι
2762 3070 2796 3110 α
2825 3044 2999 3114 Sede
3043 3069 3086 3112 a
3135 3045 3395 3115 dextris
3433 3048 3600 3116 meis
3630 3049 3839 3119 donec

2283 3172 2542 3240 ponam
2593 3152 2904 3220 inimicos
2959 3163 3112 3221 tuos
3157 3152 3536 3224 scabellum
3578 3156 3836 3249 pedum

2289 3266 2657 3339 tuorum.»
2711 3261 2778 3329 id
2833 3270 2961 3346 est,
3008 3262 3334 3353 quamdiu
3405 3286 3657 3356 ponam
3712 3287 3831 3334 eos

2287 3364 2687 3445 scabellum,
2757 3376 2824 3435 et
2890 3367 3021 3436 hoc
3072 3371 3200 3436 erit
3254 3370 3685 3440 aeternaliter.
3745 3372 3834 3439 Et

2285 3473 2384 3540 sic
2421 3497 2579 3542 cum
2619 3479 2964 3568 praecessit
2996 3475 3244 3545 Christi
3301 3479 3620 3570 dignitaS,
3662 3480 3832 3549 sub-

617 3587 956 3660 divinitati
1021 3591 1124 3650 est
1183 3580 1375 3649 unita
1455 3581 1524 3648 in
1580 3602 1690 3658 ee,
1754 3578 1925 3647 alias
1994 3581 2174 3650 filius
2275 3578 2592 3671 jungitur
2647 3581 2995 3674 dignitatis
3058 3585 3203 3675 ejus
3260 3586 3622 3655 aeternitas.
3696 3587 3829 3657 Da-

616 3707 793 3768 esset
858 3699 1153 3771 tantum,
1251 3712 1392 3758 non
1472 3686 1832 3756 Dominus.
1921 3687 2167 3761 Matth.

613 3828 775 3882 xxii,
847 3802 931 3870 45
985 3819 1001 3866 :
1061 3799 1146 3868 Si
1207 3794 1446 3865 David
1486 3804 1683 3862 vocat
1707 3817 1864 3862 eum
1919 3798 2174 3864 Domi.

613 3936 805 3995 num,
856 3905 1196 4002 quomodo
1240 3904 1442 3993 filius
1491 3903 1646 3993 ejus
1688 3904 1843 3973 est?
1897 3904 2166 3996 supple,

612 4028 902 4088 tantum.
938 4010 1145 4092 Quasi
1176 4009 1433 4078 diceret
1464 4030 1480 4075 :
1509 4006 1664 4075 Non
1694 4006 1886 4075 tieret
1915 4006 2070 4077 hoc.

698 4260 732 4295 α
773 4227 971 4299 Sede.
1000 4252 1035 4288 a
1105 4223 1234 4294 llic
1296 4221 1699 4291 secundum.
1781 4222 1997 4304 Quasi
2055 4227 2167 4297 di-

601 4344 781 4408 ceret
832 4356 849 4402 τ
894 4329 1074 4412 Quid
1122 4329 1465 4399 Dominus
1521 4328 1724 4398 Pater
1793 4329 1965 4400 dixit
2014 4333 2166 4404 Do-

602 4446 791 4515 mino
868 4440 1046 4509 tuo?
1120 4436 1269 4507 lloc
1337 4457 1357 4506 ε

2285 3686 2446 3758 niel.
2508 3712 2628 3774 vu,
2696 3691 2775 3757 ¹4
2834 3713 2850 3757 ε
2913 3693 3224 3760 Potestas
3278 3693 3458 3782 ejus,
3519 3704 3826 3786 potestas

2278 3801 2560 3871 aetema,
2619 3817 2773 3887 quoe
2815 3818 2950 3862 non
2996 3799 3376 3886 auferetur,
3427 3809 3492 3865 et
3532 3822 3822 3888 regnum

2280 3898 2462 3989 ejus,
2480 3901 2672 3991 quod
2690 3924 2824 3969 non
2841 3913 3335 3994 corrumpetur.
3357 3904 3471 3973 Sic
3495 3906 3825 3998 accipitur

2277 4007 2488 4077 donec
2524 4010 2597 4077 in
2632 4009 2867 4078 multis
2930 4010 3096 4079 locis
3145 4010 3534 4104 Scripturas.
3578 4014 3607 4082 1
3647 4014 3816 4108 neg.

2277 4136 2377 4199 ιιι,
2409 4116 2449 4183 2
2480 4124 2547 4184 et
2575 4116 2645 4195 3,
2677 4114 2828 4185 lleli
2861 4140 2999 4185 non
3036 4126 3301 4209 poterat
3336 4119 3565 4191 videre
3594 4120 3821 4192 lucer-

2275 4244 2462 4302 nam,
2551 4221 2771 4292 douec
2835 4224 3448 4315 exstingueretur¹,
3534 4227 3603 4297 id
3685 4237 3812 4309 est,

2273 4328 2605 4420 quamdiu
2641 4313 2930 4405 lucebat.
2967 4341 3034 4400 et
3072 4332 3368 4402 ardebat.
3412 4334 3523 4414 Et,
3566 4334 3808 4407 Matth.

1416 4463 1452 4500 α
1522 4436 1699 4506 Sede
1769 4459 1814 4504 a
1892 4438 2160 4511 dextris
2270 4456 2318 4514 ι,
2387 4439 2498 4515 25,
2590 4436 2848 4528 Joseph
2912 4447 3167 4522 autem,
3242 4441 3351 4508 vir
3428 4440 3603 4529 ejus,
3673 4465 3811 4511 non

600 4553 791 4631 meis,
864 4576 896 4610 »ι
948 4545 1018 4612 iu
1064 4540 1450 4636 potioribus
1514 4539 1717 4611 bonis
1782 4545 1980 4625 meis,
2036 4547 2157 4618 sed
2264 4542 2707 4633 coquoscebat
2772 4568 2923 4612 eam
2987 4545 3196 4614 donec
3259 4549 3527 4640 peperit
3569 4548 3807 4639 filium

594 4659 817 4729 adhuc
871 4651 1249 4722 occultatis.
1285 4649 1701 4742 Apocal.1v,
1744 4654 1784 4719 2
1861 4674 1879 4720 :
1941 4655 2154 4726 Sedes
2260 4672 2467 4718 suum
2527 4652 3095 4745 primoqenilum,
3147 4653 3214 4721 id
3278 4640 3405 4737 e⁰st,
3474 4657 3803 4747 quamdiu

584 4768 816 4859 posita
890 4769 1038 4827 erat
1110 4761 1181 4826 in
1255 4756 1451 4840 coelo,
1534 4768 1599 4827 et
1659 4781 1868 4851 super
1918 4762 2146 4831 sedem
2258 4779 2401 4826 non
2429 4758 2714 4850 peperit.

583 4875 846 4943 sedens.
889 4868 1039 4937 lloc
1079 4868 1335 4936 factum
1390 4867 1516 4935 fuit
1580 4867 1653 4934 in
1699 4869 1848 4957 ejus
1895 4891 2146 4939 ascen-

585 4985 802 5053 sione.
846 4976 1052 5047 Marc.
1101 4998 1242 5056 xvt,
1294 4978 1373 5043 19
1418 4977 1883 5068 :Assumptus
1921 4988 2022 5047 est
2067 4980 2141 5048 in
2245 4996 2506 5066 ponam
2602 4977 2915 5044 inimicos
2987 4998 3012 5045 .·

2251 5082 2527 5174 quando
2555 5104 2878 5175 posuero,
2920 5091 3048 5152 etc.
3094 5085 3249 5154 Non
3304 5086 3620 5177 coqnovit
3664 5087 3798 5155 do-

581 5093 855 5168 ea’lum,
895 5096 962 5154 et
986 5084 1173 5153 sedet
1201 5108 1243 5152 a
1286 5084 1546 5152 dextris
1574 5084 1731 5152 Dei.
1777 5083 1888 5155 Ad
1915 5085 2132 5159 llebr.

2347 4866 2491 4938 Nec
2563 4869 2874 4960 sequitur
2935 4870 3007 4938 iu
3064 4867 3197 4949 bis,
3272 4871 3529 4941 Sede...
3591 4872 3804 4943 donec

3079 4998 3242 5069 ergo
3305 5000 3447 5047 non
3532 4979 3799 5050 sedebis

643 5358 771 5415 ¹Sic
789 5352 972 5415 babet
989 5349 1233 5425 Vulgata
1247 5335 1320 5408 e'x
1338 5351 1630 5409 D.Fillion
1650 5350 1779 5424 (Ed.
1797 5353 2128 5431 Letouzey):
2241 5346 2447 5405 micent
2476 5353 2541 5405 in
2570 5348 2773 5421 templo
2801 5350 3041 5408 Domini.
3088 5349 3194 5422 (Cf.
3224 5355 3398 5408 notas
3424 5353 3461 5408 8
3487 5356 3549 5410 et
3574 5354 3607 5410 2
3635 5372 3789 5429 ιιι-ω-

562 5452 590 5508 1
622 5451 759 5522 [teg.
791 5460 879 5510 ιιι,
926 5444 964 5497 2
992 5443 1052 5497 et
1077 5441 1108 5495 3
1143 5454 1158 5495 :
1190 5440 1321 5497 Heli
1364 5440 1593 5511 jacebat
1641 5441 1701 5497 in
1741 5440 1859 5499 loco
1901 5459 2025 5515 suo,
2073 5453 2127 5504 et
2239 5436 2386 5494 clari
2428 5437 2629 5514 operis
2664 5439 2761 5496 cui
2804 5437 3016 5496 titulus
3072 5438 3151 5497 La
3199 5439 3400 5498 Sainte
3456 5442 3640 5515 Bible,
3691 5445 3792 5503 Le-

563 5538 706 5596 ocula·
749 5534 871 5607 qius
912 5529 1313 5601 caliyatoerant,
1361 5547 1460 5586 nee
1496 5536 1724 5603 poterae
1764 5532 1953 5591 videre
1979 5552 2003 5594 .·
2033 5537 2124 5593 lu-

562 5644 726 5685 cerna
759 5621 858 5682 Dei
883 5621 1177 5691 antequam
1225 5622 1673 5689 exstinqueretur
1718 5618 1944 5678 Samuel
1985 5625 2122 5681 dor-

2238 5525 2548 5598 thielieux,
2576 5527 2603 5583 1
2631 5528 2771 5601 Reg.
2808 5544 2883 5596 ιιι,
2914 5545 2975 5602 p.
3003 5527 3153 5598 244).
