5008 6329
580 313 705 382 398
1574 311 1660 378 D.
1714 309 1913 376 ALB.
1967 308 2185 376 MAG.
2239 309 2443 378 ORD.
2495 314 2791 384 PRAED.

573 489 879 555 Ministri
897 487 1030 554 Dei
1065 485 1289 576 nostri
1348 507 1369 549 .·
1422 481 1692 550 dicetur
1748 479 1966 548 vobis.
2047 478 2140 548 Ut
2250 485 2431 551 enim
2510 493 3008 553 convertentur.
3100 488 3186 555 Et
3247 486 3379 554 hoc
3436 512 3468 552 α
3498 494 3781 577 propter

575 597 833 664 dicatur
852 594 1051 661 vobis
1082 594 1287 660 etiam
1315 592 1487 660 illud
1536 591 1786 659 IPetr.
1811 592 2138 670 11,9:Vos
2242 592 2496 673 David,
2536 618 2568 660 ιι
2632 593 2697 661 id
2744 602 2868 678 est,
2927 602 3199 685 propter
3258 595 3595 682 meipsum
3644 615 3780 659 ser-

572 706 726 772 estis
751 725 964 793 qenus
990 703 1303 786 electum,
1377 703 1612 794 reqale
1645 701 2130 770 sacerdotium.
2240 719 2403 765 vum
2454 708 2675 782 tuum,
2709 701 2816 767 cui
2868 700 3259 791 promisisti,
3317 696 3413 763 Ill
3473 697 3641 786 Reg.
3679 719 3772 776 xx,

572 840 606 876 α
643 811 1051 889 Induantur‚
1089 838 1123 873 »
1159 820 1284 880 ate
1306 834 1459 879 eam
1490 811 1781 899 desuper
1807 808 2134 874 influente
2245 806 2324 870 12
2356 813 2421 871 et
2465 807 2544 873 13
2580 829 2595 871 :
2669 809 3138 874 Verumtamen
3197 807 3266 873 in
3334 803 3573 871 diebus
3639 804 3777 869 tuis

567 943 688 1011 per
710 919 1036 1011 Spiritum
1059 928 1397 997 sanctum,
1437 918 1872 1008 «justitiam,
1908 922 2130 980 »tam·
2237 932 2372 978 non
2399 914 2684 1001 faciam,
2728 915 2979 983 scilicet
3033 938 3172 982 non
3239 914 3624 1004 dispergam
3666 933 3776 978 re-

571 1048 774 1117 quam
813 1026 1168 1118 pulchram
1215 1034 1504 1093 vestem.
1548 1022 1712 1088 Luc.
1756 1042 1949 1101 xx1v,
1984 1018 2123 1087 49:
2235 1041 2448 1111 gnum
2507 1028 2806 1102 tuum,...
2858 1031 3140 1112 propter
3189 1022 3444 1099 David,
3502 1041 3772 1087 servum

568 1136 805 1205 Sedete
832 1137 903 1203 in
932 1137 1228 1214 civitate,
1280 1130 1733 1223 quoadusque
1776 1129 2126 1197 induami-

567 1244 643 1312 ni
666 1245 914 1311 virtute
950 1266 1035 1309 ex
1063 1243 1234 1321 alte,
1270 1239 1528 1308 scilicet
1547 1239 1837 1328 justitia,
1876 1246 1954 1305 ut
1972 1261 2129 1329 pos-

568 1350 703 1417 sint
739 1339 957 1416 dicere
990 1346 1157 1414 illud
1212 1345 1371 1423 Job‚
1425 1367 1615 1423 xxix,
1657 1345 1737 1411 14
1774 1366 1790 1413 :
1830 1343 2125 1413 Justitia

568 1457 853 1524 indutus
892 1478 1070 1523 sum.
1133 1454 1300 1523 Haec
1374 1454 1708 1522 vestitura
1774 1459 1873 1520 est
1928 1451 2122 1520 fortis

569 1572 933 1631 armatura.
968 1563 1075 1630 Ad
1106 1562 1403 1630 Roman.
1456 1584 1604 1637 xm,
1663 1563 1743 1627 12
1789 1582 1805 1627 :
1849 1560 2123 1627 Indua-

564 1694 722 1739 mur
749 1693 948 1739 arma
979 1672 1176 1738 lucis,
1215 1668 1287 1736 Si
1320 1671 1418 1737 sic
1439 1677 1666 1737 essent
1695 1666 1912 1733 induti
1935 1665 2122 1733 Prae-

564 1776 706 1855 lati,
750 1776 920 1845 bene
960 1778 1136 1844 irent
1199 1775 1482 1842 subditi.
1536 1771 1721 1840 Psal.
1758 1794 1938 1847 nxiv,
1979 1772 2061 1837 14
2095 1793 2110 1837 :

561 1884 801 1952 Induti
834 1893 997 1950 sunt
1034 1884 1278 1949 arietes
1322 1883 1580 1964 ovium,
1627 1877 1897 1947 Praelati
1930 1876 2117 1945 scili-

562 2001 667 2061 cet
695 1991 1095 2058 indumento
1119 1991 1427 2080 justitiae,
1452 1998 1517 2056 et
1555 1987 1775 2056 valles
1795 1984 2118 2054 abunda-

566 2100 732 2168 bunt
775 2102 1152 2190 frumento,
1215 2097 1285 2166 id
1314 2106 1442 2177 est,
1477 2096 1736 2164 subditi
1784 2102 1851 2163 et
1881 2095 2117 2162 humi-

559 2208 679 2277 les.

649 2344 683 2380 α
716 2319 810 2383 Et
835 2316 1056 2384 sancti
1075 2316 1205 2398 tui,
1242 2340 1274 2375 »
1340 2314 1615 2402 ipsimet
1643 2313 1759 2402 qui
1791 2309 2112 2379 sacerdo-

558 2434 657 2493 tes
685 2433 843 2492 sunt
871 2424 1056 2500 dicti,
1095 2446 1129 2487 ι
1164 2421 1533 2498 exsultent,
1566 2446 1599 2481 υ
1648 2418 1954 2487 interiori
1992 2416 2116 2484 lae-

556 2534 701 2602 titia
746 2555 869 2624 pro
937 2530 1384 2600 conversione
1437 2528 1761 2597 Gentium
1830 2525 2108 2618 perfusi.

555 2640 883 2709 Proverb.
946 2663 1043 2722 xi,
1106 2641 1185 2706 10
1233 2661 1249 2705 :
1310 2638 1395 2706 In
1445 2636 1639 2704 bonis
1718 2634 2108 2724 justorum,

554 2748 638 2815 ad
661 2746 861 2814 tidem
882 2767 1401 2822 conversorum,
1433 2739 1821 2809 exsultabit
1839 2741 2102 2813 civitas.

555 2854 892 2942 majorum
925 2853 1147 2919 unitas
1189 2872 1203 2916 :
1250 2852 1349 2919 sic
1417 2871 1453 2917 e
1493 2848 1840 2917 contrario
1890 2845 2109 2914 multa

554 2961 786 3030 laetitia
826 2968 927 3028 est
956 2959 1245 3027 subditis
1277 2958 1362 3026 de
1391 2955 1731 3049 profectu,
1791 2963 1860 3024 et
1896 2953 2117 3045 perle-

552 3071 773 3139 ctione
802 3068 1165 3156 majorum.
1212 3063 1543 3134 Proverb.
1578 3085 1818 3143 xxvm,
1858 3064 1939 3130 12
1974 3084 1990 3131 :
2024 3063 2107 3129 In

553 3179 1009 3246 exsultatione
1063 3175 1457 3266 justorum,
1538 3175 1609 3241 in
1677 3172 2103 3264 praelatione,

553 3285 777 3355 multa
800 3284 1033 3377 qloria
1058 3293 1179 3359 est,
1213 3281 1482 3372 supple,
1525 3278 1986 3349 subditorum.

648 3637 680 3677 α
713 3613 1005 3701 Propter
1034 3608 1292 3686 David,
1338 3629 1614 3676 servum
1642 3617 1868 3674 tuum.
1906 3632 1940 3667 ι»
1974 3603 2104 3673 llic

553 3717 948 3793 secundum,
1003 3719 1071 3784 in
1127 3738 1266 3807 quo
1341 3723 1708 3806 postquam
1784 3711 2104 3781 invitavit

554 3826 922 3896 Dominum
988 3824 1074 3891 ad
1168 3820 1673 3898 aedificandum,
1751 3828 1901 3888 orat
1975 3840 2100 3910 pro

550 3933 742 4026 plebe
788 3932 1097 4012 Judaica,
1160 3954 1242 3999 ne
1302 3930 1388 3999 ab
1452 3928 1739 3998 aedificio
1806 3925 2100 4020 repella-

547 4050 681 4110 tur.

635 4148 813 4216 Dicit
870 4166 1084 4237 ergo:
1149 4143 1265 4212 Sic
1327 4165 1559 4234 surge.
1615 4141 1940 4226 Domine,
2000 4143 2098 4211 sic

546 4254 926 4324 sacerdotes
955 4251 1222 4330 ordina,
1253 4259 1322 4320 et
1358 4249 1728 4318 virtutibus
1759 4247 1970 4340 reple,
2019 4258 2096 4317 ut

541 4362 928 4432 edificetur.
955 4358 1255 4429 Ecclesia
1289 4378 1306 4424 ε
1339 4365 1433 4440 et,
1468 4379 1512 4423 o
1548 4355 1867 4430 Domine.
1895 4381 1930 4422 α
1955 4378 2094 4425 non

541 4481 806 4542 avertas
840 4469 1120 4560 faciem,
1158 4491 1192 4532 s
1234 4466 1732 4557 cognitionem,
1766 4493 1801 4530 α
1838 4465 2098 4536 Christi

541 4565 748 4657 tuis»
781 4600 822 4646 a
855 4574 1137 4652 Judaeis,
1179 4595 1220 4641 a
1249 4571 1503 4664 quibus
1544 4580 1646 4640 est
1675 4572 2088 4643 nasciturus.

539 4685 599 4754 ll
634 4682 855 4753 Pau-al.
897 4703 994 4760 vi,
1025 4680 1115 4747 42
1146 4699 1165 4747 ε
1205 4679 1501 4748 Domine
1526 4679 1737 4757 Deus,
1771 4702 1857 4747 ne
1891 4702 2091 4748 aver-

539 4795 698 4862 teris
726 4791 979 4881 faeiem
1010 4786 1253 4857 christi
1287 4787 1423 4865 tui,
1455 4807 1497 4852 a
1527 4784 1808 4877 reliquis
1834 4787 2091 4857 scilicet

537 4898 766 4972 Israel.
820 4895 1022 4979 Quod
1065 4918 1209 4964 non
1270 4893 1540 4963 iecisset
1596 4895 1729 4962 nisi
1785 4917 1909 4985 per
1973 4916 2091 4963 eos

537 5007 828 5078 stetisset
870 5023 886 5072 ε
946 5001 1064 5070 sed
1147 5000 1545 5091 oppositum
1620 4999 2034 5069 invenerunt
2066 5022 2084 5070 :

535 5113 740 5193 unde,
772 5112 1025 5181 Jerem.
1070 5130 1263 5187 xvm,
1325 5109 1405 5175 Π
1442 5129 1457 5173 :
1516 5108 1819 5175 Dorsum
1859 5117 1924 5174 et
1951 5130 2089 5175 non

533 5222 784 5314 sociem
821 5215 1174 5287 ostendam
1221 5216 1344 5282 eis.
1405 5213 1606 5293 Quod
1664 5213 1919 5284 lactum
1960 5220 2086 5295 est,

537 5330 687 5398 Act.
739 5347 883 5404 xm,
916 5325 1028 5408 46,
1088 5321 1367 5415 quando
1412 5321 1669 5390 dictum
1716 5331 1869 5391 est:
1911 5322 2094 5406 Quo-

537 5439 727 5508 niam
757 5431 1093 5524 repellitis
1130 5428 1416 5499 oerbum
1447 5430 1602 5509 Dei,
1637 5451 1781 5499 ecce
1805 5452 2091 5499 conver-

540 5546 752 5613 timur
770 5538 866 5607 ad
886 5539 1154 5608 Gentes.
1187 5534 1606 5628 Intelligitur
1625 5543 1882 5607 tamem
1905 5534 2093 5629 quod

537 5652 648 5723 hic
675 5650 918 5721 dicitur
945 5644 1262 5726 finaliter,
1289 5644 1474 5737 quod
1502 5646 1729 5739 et-fict.
1756 5646 2090 5740 Reliquiae

2232 1150 2483 1208 meum,
2527 1139 2590 1196 et
2612 1128 2995 1198 Jerusalem
3015 1151 3224 1219 quam
3252 1129 3449 1217 eleqi.

2319 1482 2353 1523 α
2392 1459 2668 1525 Juravit
2729 1460 3056 1527 Dominus
3101 1459 3416 1527 David.»
3485 1458 3616 1525 Hic
3662 1466 3765 1526 est

2224 1566 2523 1633 secunda
2550 1588 2704 1656 pars
2734 1568 2937 1634 totius
2967 1567 3169 1657 hujus
3199 1567 3479 1646 Psalmi,
3517 1569 3588 1635 in
3627 1589 3762 1657 qua
3790 1569 4114 1686 μὸξέξξὼ.

2226 1673 2417 1741 laetus
2497 1676 2737 1743 asserit
2792 1675 3269 1767 complendum
3347 1676 3760 1744 desiderium

2224 1780 2407 1870 quod
2446 1783 2752 1871 superius
2789 1783 3144 1872 expressit,
3195 1782 3562 1851 ostendens
3591 1805 3764 1851 con-

2220 1888 2696 1956 summandam
2752 1888 3118 1958 Ecclesiam
3149 1913 3188 1957 a
3236 1891 3397 1967 Deo,
3444 1899 3512 1959 et
3538 1891 3669 1958 tria
3696 1892 3760 1957 ei

2218 1993 2401 2064 bona
2439 1997 2776 2085 praecipua
2808 1996 3234 2077 conferenda,
3269 2005 3336 2065 et
3379 1996 3759 2065 secundum

2219 2100 2375 2181 hoc,
2433 2099 2579 2169 haec
2605 2123 2761 2191 pars
2806 2101 3023 2170 divisa
3063 2111 3164 2171 est
3207 2105 3279 2169 in
3328 2111 3463 2170 tres
3504 2110 3754 2193 partes.

2220 2208 2452 2277 Primo
2509 2232 2668 2300 ergo
2726 2210 2919 2278 laetus
2983 2212 3220 2279 asserit
3279 2210 3759 2279 conferendam

2219 2314 2534 2384 Ecclesiae
2566 2319 2632 2384 in
2659 2321 2874 2407 capite
2895 2340 3045 2399 suo,
3073 2326 3139 2386 et
3167 2322 3234 2385 in
3256 2342 3327 2387 se
3354 2327 3754 2409 perpetuam

2215 2432 2646 2515 potestatem.
2702 2425 3040 2505 Secundo,
3099 2450 3216 2516 per
3266 2426 3754 2494 abundantiam

2215 2533 2473 2624 gratiae,
2501 2515 2962 2624 intelligentiae
2994 2537 3374 2615 veritatem,
3408 2534 3527 2614 ibi,
3553 2536 3749 2610 3215:

2217 2665 2252 2706 α
2299 2640 2590 2708 Viduam
2617 2642 2795 2732 ejus.
2840 2669 2874 2705 a
2906 2642 3160 2722 Tertio,
3187 2644 3563 2712 sanctitatis
3595 2664 3756 2733 per-

2214 2747 2599 2829 fectionem,
2695 2750 2835 2818 sive
2896 2750 3244 2828 honitatis,
3323 2750 3442 2833 ibi,
3492 2758 3556 2826 ὴ.
3620 2751 3699 2817 16
3733 2771 3749 2818 :

2215 2881 2250 2918 ι
2292 2854 2688 2924 Sacerdotes
2724 2856 2878 2945 ejus
2917 2857 3227 2925 induam.
3266 2881 3300 2922 s

2303 2962 2380 3029 ln
2418 2964 2638 3054 prima
2667 2963 2828 3032 duo,
2883 2963 3143 3043 Primo,
3176 2965 3478 3056 tangitur
3521 2963 3757 3033 divina

2213 3078 2281 3137 et
2309 3068 2507 3137 lirma
2534 3071 2917 3163 promissio.
2963 3069 3301 3151 Secund0,
3360 3071 3443 3141 de
3480 3095 3618 3164 quo
3652 3077 3756 3140 est

2211 3173 2326 3244 illa
2388 3179 2775 3268 promissio,
2852 3176 2971 3258 ibi,
3060 3204 3097 3244 ι
3175 3181 3278 3247 De
3309 3180 3550 3269 fructu
3588 3201 3756 3248 ven-

2212 3284 2357 3350 tris.
2409 3308 2440 3348 n

2300 3391 2375 3459 In
2405 3394 2625 3483 prima
2653 3393 2811 3462 duo.
2847 3394 3106 3465 Primo.
3146 3397 3447 3486 tangitur
3473 3394 3752 3485 promis·

2207 3498 2309 3566 sio
2349 3497 2546 3567 firma
2616 3508 2686 3569 et
2768 3500 3050 3594 stabilis.
3096 3500 3432 3578 Secundo,
3488 3502 3755 3570 irrevo-

2206 3605 2464 3685 cabilis,
2500 3607 2619 3686 ibi,
2663 3636 2698 3672 α
2730 3611 2824 3676 Et
2858 3631 2995 3677 non
3019 3609 3500 3700 frustrabitur.
3550 3633 3584 3674 s

2293 3713 2474 3782 Dicit
2511 3736 2712 3804 ergo:
2750 3713 2862 3783 Sic
2881 3715 3042 3805 petii
3073 3723 3147 3783 ut
3173 3715 3418 3784 domus
3457 3715 3750 3784 aedilice-

2206 3829 2375 3890 tur:
2427 3828 2497 3888 et
2522 3821 2618 3888 sic
2654 3820 2792 3898 flet,
2844 3821 3004 3912 quia
3065 3850 3096 3881 «ι
3138 3823 3496 3905 Dominus,
3546 3850 3577 3883 ιι
3631 3823 3749 3913 qui

2203 3951 2343 3998 non
2374 3929 2721 4006 mentitur,
2775 3928 3112 4019 «juravit
3157 3927 3412 4009 David,
3450 3953 3484 3994 s
3527 3936 3755 3998 mate—

2201 4035 2353 4106 riali
2387 4034 2643 4105 scilicet
2695 4035 2835 4104 filio
2876 4034 3005 4104 lsai
3041 4059 3163 4127 per
3220 4037 3519 4127 seipsum
3582 4060 3754 4128 pro-

2203 4143 2410 4213 misit.
2455 4142 2564 4211 Ad
2593 4141 2800 4211 Ilebr.
2859 4166 2955 4227 vl,
3010 4144 3090 4211 13
3152 4166 3167 4211 :
3232 4144 3577 4229 Quoniam
3624 4167 3752 4213 ne-

2206 4252 2456 4319 minem
2492 4250 2738 4319 habuit
2793 4272 2919 4342 per
2978 4273 3176 4342 quem
3203 4252 3489 4341 juraret
3526 4251 3754 4341 majo-

2204 4382 2374 4439 rem,
2406 4358 2689 4449 juravit
2736 4380 2867 4450 per
2923 4360 3384 4449 semetipsum,
3427 4368 3559 4427 etc.
3600 4358 3753 4427 Hoc

2203 4471 2430 4534 autem
2459 4465 2764 4555 juratum
2801 4461 2951 4544 tuit,
2991 4462 3022 4531 1
3078 4462 3302 4533 Paral.
3336 4486 3500 4545 xvu,
3570 4466 3650 4534 10
3681 4471 3750 4534 et

2200 4596 2342 4667 seq.
2380 4600 2415 4641 α
2455 4575 2554 4644 Et
2604 4597 2737 4642 non
2798 4571 3257 4664 frustrabitur
3309 4595 3492 4655 eum,
3556 4599 3590 4640 s
3635 4572 3747 4643 vel

2199 4681 2439 4776 saltem
2482 4680 2993 4751 commutando.
3024 4679 3179 4749 Alia
3200 4679 3422 4751 littera
3463 4703 3481 4749 ε
3520 4709 3555 4746 ι
3587 4680 3747 4750 Non

2195 4787 2573 4880 poenitebit.
2602 4815 2637 4851 ιο
2683 4785 2929 4879 Supra,
2962 4788 3032 4856 in
3088 4785 3268 4855 Psal.
3319 4809 3453 4864 cix,
3485 4788 3528 4854 4
3563 4789 3749 4857 :Ju-

2199 4894 2378 4962 ravit
2405 4896 2769 4972 Dominus,
2825 4903 2890 4978 et
2942 4915 3076 4962 non
3134 4891 3490 4985 paenitebit
3561 4917 3742 4964 eum.

2197 4999 2418 5093 lneg.
2450 5023 2568 5084 xv,
2591 5003 2717 5070 29:
2757 4999 3239 5092 Triumpbator
3258 5001 3331 5067 in
3366 5000 3593 5068 Israel
3608 5023 3747 5069 non

2190 5122 2448 5203 parcet,
2480 5122 2545 5179 et
2586 5106 3018 5204 poenitudine
3058 5131 3196 5177 non
3223 5109 3562 5198 flectetur.
3604 5106 3747 5176 Nec

2197 5218 2380 5287 enim
2436 5217 2660 5286 ,homo
2728 5224 2829 5284 est
2885 5224 2959 5284 ut
3019 5225 3178 5308 agat
3235 5215 3740 5308 poenitentiam.

2196 5325 2480 5394 Numer.
2514 5347 2700 5400 xxm,
2761 5326 2893 5394 19:
2932 5325 3087 5394 Non
3134 5334 3231 5394 est
3294 5325 3485 5393 Deus
3540 5325 3749 5416 quasi

2195 5434 2423 5517 homo,
2458 5441 2534 5499 ut
2585 5434 2977 5512 mentiatur,
3019 5456 3136 5500 nec
3173 5442 3249 5500 ut
3270 5431 3469 5521 filius
3512 5432 3748 5500 homi-

2196 5542 2331 5621 niS,
2365 5551 2441 5610 ut
2478 5549 2799 5609 mutetur.
