5008 6329
828 2865 1153 2913 Pedi-aniam

856 2928 1058 2979 amu·
1095 2931 1128 2964 a

830 3029 926 3076 bna
951 3027 1148 3074 tremen-

953 3089 1048 3129 tur.

2030 187 2735 261 COMMENTARIUS
2782 186 2880 253 IN
2924 180 3364 253 PSALMUM
3417 179 3523 247 CI.
4351 167 4391 231 7

1177 369 1364 435 «tris
1394 391 1710 437 escarum
1766 366 2141 434 ambitione
2195 365 2516 455 decipiar,
2559 385 2728 453 pau-

1179 505 1212 540 a
1260 501 1414 567 pere
1448 478 1600 546 cibo
1624 484 2013 546 contentus.
2051 502 2083 542 ιι
2125 480 2200 544 Et
2238 474 2558 543 deberent
2586 495 2731 540 esse

1177 585 1489 665 solitarii,
1526 609 1666 652 non
1696 584 2041 653 trahentes
2072 593 2222 676 post
2270 607 2340 652 se
2393 581 2732 650 consortia

1177 699 1565 775 ambitiosa,
1601 705 1665 764 et
1688 697 2052 787 superflua.
2082 699 2431 776 AmoS,v1,
2471 696 2499 759 1
2540 715 2554 758 :
2600 693 2727 767 Vae,

1177 808 1301 898 qui
1329 806 1643 897 opulenti
1682 808 1839 875 estis
1869 810 1938 874 ιἰι
1970 808 2164 884 Sion,
2198 813 2261 871 et
2289 799 2632 889 confiditis
2663 798 2733 863 in

1177 928 1405 983 monte
1461 917 1807 985 Samariae
1847 942 1867 984 :
1909 917 2269 1008 optimates
2316 911 2544 1001 capita
2603 930 2735 997 po-

1165 1025 1535 1117 pulorum,
1564 1024 2022 1116 ingredientes
2032 1019 2424 1115 pompatice
2454 1016 2732 1084 domum

1178 1135 1403 1203 Israel
1419 1137 1448 1203 Ι

1280 1472 1313 1510 α
1352 1448 1518 1512 Tota
1541 1445 1653 1510 die
1671 1440 2201 1533 exprobrabant.
2227 1467 2260 1503 »
2286 1438 2413 1506 Hic
2432 1438 2733 1515 tertium,

1184 1554 1255 1618 in
1315 1573 1451 1641 quo
1510 1550 1818 1639 tangitur
1871 1548 2142 1616 miseria
2210 1544 2605 1635 abjectionis
2671 1550 2736 1609 et

1182 1659 1491 1740 vilitatis,
1565 1679 1720 1749 quae
1783 1665 1884 1725 est
1936 1657 2004 1723 in
2062 1653 2580 1745 exprobratione
2651 1649 2735 1718 ab

1184 1766 1597 1834 adversariis
1636 1765 1810 1834 faeta
1846 1789 1860 1833 :
1907 1774 1970 1832 et
2019 1763 2334 1831 dicuntur
2372 1760 2527 1828 duo.
2592 1758 2739 1825 Pri-

1182 1896 1323 1949 mo,
1388 1872 1707 1963 abjectio,
1769 1881 1837 1940 et
1899 1870 2353 1963 exprobratio.
2394 1865 2732 1949 Secund0,

1182 1984 1355 2049 ratio
1397 2005 1608 2073 quare
1647 1982 2090 2073 exprobrant,
2124 1980 2241 2063 ibi,
2274 1987 2313 2053 5
2355 1979 2427 2044 10
2454 2001 2467 2045 ε
2494 2005 2521 2039 ιι
2555 1976 2736 2061 Quia

1180 2112 1498 2158 emerem.
1540 2116 1573 2154 ιι

1274 2196 1351 2264 1η
1384 2198 1605 2289 prima
1646 2197 1783 2264 duo
1841 2195 2214 2265 secuudum
2276 2192 2516 2262 modos
2565 2189 2737 2258 duos

1181 2306 1669 2397 exprobrandi,
1705 2329 1878 2398 quos
1923 2307 2162 2397 tangit.
2207 2304 2466 2380 Primo,
2510 2308 2735 2391 aperte

1181 2422 1462 2505 propter
1545 2412 1724 2481 mala
1782 2436 1932 2503 quae
1991 2411 2168 2480 fecit.
2232 2408 2574 2486 Secundo,
2617 2428 2737 2475 oc-

1179 2521 1387 2603 culte,
1421 2530 1486 2590 et
1518 2523 1711 2612 quasi
1754 2520 1882 2590 sub
1911 2519 2500 2590 commendatione
2539 2538 2737 2609 prop-

1183 2639 1286 2697 ter
1315 2630 1496 2697 bona
1527 2653 1679 2721 qua?
1738 2629 1993 2703 omisit.
2056 2629 2172 2711 ibi,
2219 2656 2251 2689 α
2297 2629 2389 2694 ΕΙ
2416 2626 2538 2717 qui
2579 2622 2738 2690 lau-

1182 2739 1473 2808 dabant.
1515 2768 1547 2805 ιι

1281 2847 1452 2916 Dicit
1539 2871 1758 2938 ergo:
1806 2846 1920 2914 Si«-
2016 2847 2303 2915 afflictus
2375 2867 2554 2921 sum,
2641 2840 2736 2908 sic

1183 2980 1469 3049 pauper,
1506 2963 1570 3024 et
1600 2956 1809 3024 etiam
1840 2953 2168 3045 abjectus.
2202 2955 2356 3046 quia
2399 2978 2433 3017 a
2477 2948 2741 3020 inimici

1184 3066 1345 3147 mei,
1393 3092 1427 3128 ι
1473 3063 1845 3134 ἀωηιοιιοει.
1888 3062 2129 3133 Matth.
2188 3085 2332 3139 xm,
2401 3060 2486 3128 28
2530 3080 2545 3126 :
2589 3057 2738 3126 lm·-

1184 3174 1406 3240 micus
1441 3172 1645 3240 homo
1684 3170 1810 3240 leoc
1831 3172 2020 3263 fecit.
2069 3169 2149 3237 Et
2198 3168 2360 3239 mali
2397 3166 2735 3245 homines,

1185 3279 1511 3365 haeretici,
1554 3279 1853 3372 tyranni,
1905 3280 2144 3348 iratres
2190 3277 2364 3355 falsi,
2413 3303 2446 3339 ι
2489 3293 2741 3365 etpro-

1184 3389 1558 3460 broverum
1605 3390 1803 3470 milei,
1853 3417 1885 3456 »
1919 3399 1986 3459 et
2035 3389 2163 3459 hoc
2215 3383 2739 3480 improperando

1184 3496 1364 3566 mala
1396 3520 1554 3591 quoe
1616 3498 1824 3589 gessi,
1879 3524 1912 3562 ι
1957 3507 2102 3565 tota
2158 3496 2291 3571 die,
2330 3524 2364 3557 a
2421 3493 2742 3585 frequen-

1183 3614 1311 3685 ter,
1353 3607 1523 3675 etin
1562 3614 1828 3698 aperto.
1864 3602 2049 3674 Psal.
2103 3627 2210 3685 xa,
2262 3607 2303 3672 6
2338 3626 2353 3671 :
2392 3629 2425 3667 ι
2468 3601 2746 3671 Inimici

1185 3715 1321 3782 mei
1374 3714 1706 3782 dia-erunt
1762 3712 1954 3782 mala
2012 3713 2207 3780 milui.
2266 3710 2403 3779 Nec
2461 3711 2736 3787 mirum,

1185 3824 1350 3917 quia
1416 3825 1545 3914 ipsi
1613 3820 1884 3890 Christo
1943 3820 2493 3914 improperabant
2559 3815 2741 3910 quod

1188 3953 1327 4000 non
1366 3938 1512 3998 erat
1543 3928 1800 3998 malum
1861 3930 1930 3998 in
1969 3931 2279 4004 veritate,
2330 3925 2448 3994 sed
2476 3933 2740 3994 tantum

1186 4062 1313 4109 aua
1376 4040 1832 4130 reputatione.
1888 4035 2125 4107 Matth.
2180 4058 2274 4114 ιιι.
2342 4037 2411 4103 ¹1
2461 4037 2745 4121 :Quare

1185 4169 1343 4215 cum
1374 4143 1781 4239 publicanis
1821 4154 1887 4213 et
1940 4141 2407 4237 peccatoribus
2443 4139 2744 4209 mandu-

1186 4263 1301 4323 cat
1356 4253 1689 4343 magister
1715 4252 1981 4321 cester?
2019 4250 2125 4335 Et,
2149 4250 2426 4327 ibidem,
2484 4270 2579 4334 ιιι,
2616 4248 2739 4316 ¹9:

1160 4364 1367 4434 Bcoe
1388 4361 1595 4430 homo
1652 4384 1894 4439 torar.
1929 4370 1993 4429 ee
2036 4370 2314 4454 potator
2368 4359 2535 4426 vini.
2579 4355 2742 4425 Luc.

1188 4492 1312 4550 vu,
1380 4471 1467 4536 39
1512 4491 1530 4538 ε
1574 4469 1706 4538 llic
1763 4470 1829 4536 si
1890 4479 2057 4536 esset
2131 4467 2487 4561 propheta,
2549 4467 2748 4534 sciret

1192 4580 1436 4670 utique
1495 4599 1651 4669 qua·
1711 4586 1776 4644 et
1847 4576 2083 4669 qualis
2138 4585 2234 4643 ese
2288 4573 2544 4643 mulier
2596 4597 2750 4666 que

1190 4689 1423 4779 lanqi!
1448 4710 1634 4769 eum,
1665 4688 1836 4781 quia
1858 4688 2208 4781 peccatrix
2232 4696 2351 4756 est.

1288 4934 1325 4971 a
1380 4907 1476 4975 Ee
1539 4905 1665 4998 qui
1720 4902 2130 4973 laudabant.
2172 4930 2204 4966 ιι
2275 4902 2441 4971 Ecce
2507 4924 2752 4971 secun·

2814 702 2984 757 ,v111,
3023 680 3104 744 12
3153 700 3167 744 :

2838 381 2989 437 suo,
3024 364 3091 423 et
3142 356 3213 421 in
3260 359 3493 443 aperto
3544 344 4061 437 magnificantes
4115 338 4299 404 bona
4337 334 4395 401 si

2839 465 2964 533 feci
3018 463 3270 551 aliqua,
3346 487 3375 523 ιι
3404 458 3767 526 adversum
3812 474 3919 519 me
3944 443 4319 537 jurabant,
4357 467 4391 505 ιι

2840 567 3294 660 conspirando
3358 568 3648 635 latenter
3738 567 3976 629 contra
4034 576 4168 622 me.
4258 551 4390 618 Isa.

3241 677 3492 745 Omnia
3540 694 3693 764 quae
3738 667 4051 759 loquitur
4089 659 4397 754 populus

2840 787 2986 865 iste,
3031 783 3425 872 conjuratio
3483 787 3601 847 est.
3648 778 3779 845 Isa.
3813 797 3911 851 ιιι,
3951 772 4031 837 12
4069 792 4083 835 :
4126 759 4398 854 Popula

2840 917 3052 977 meuS,
3121 893 3335 982 quite
3365 889 3637 957 beatum
3705 885 3967 959 dicunt,
4020 876 4156 968 ipsi
4200 882 4264 938 te
4289 869 4400 937 de-

2841 1003 3129 1093 cipiunt,
3181 998 3268 1066 ad
3301 1008 3369 1067 te
3400 992 3876 1086 decipiendum
3933 984 4246 1057 tendunt.
4277 978 4402 1046 aie->

2840 1119 2916 1178 ut
2955 1118 3020 1178 et
3087 1110 3215 1199 ipsi
3272 1105 3541 1175 Christo
3601 1099 3969 1174 faciebant,
4003 1092 4112 1161 cui
4168 1091 4239 1156 in
4279 1106 4396 1154 ore

2843 1216 3159 1284 dicebant
3215 1211 3407 1291 illud,
3454 1207 3699 1277 Matth.
3762 1227 3931 1282 xxu,
3999 1201 4079 1267 16
4124 1193 4402 1283 :Maqi-

2839 1333 2997 1400 ster,
3040 1322 3293 1389 scimus
3348 1319 3517 1409 quia
3566 1336 3778 1383 verax
3805 1334 3897 1388 es,
3954 1316 4017 1375 et
4046 1304 4232 1372 viam
4272 1298 4403 1368 Dei

2840 1434 2913 1498 in
2961 1431 3246 1497 veritate
3310 1426 3504 1494 doces
3547 1447 3569 1491 .·
3611 1431 3678 1490 et
3734 1416 4024 1489 concilia
4066 1408 4405 1480 faciebant

2839 1540 3153 1623 latenter,
3190 1535 3480 1628 qualiter
3511 1535 3736 1624 ipsum
3768 1526 4132 1620 perderent
4162 1532 4208 1589 ¹.

2934 1895 2968 1934 a
3015 1868 3198 1954 Quia
3250 1867 3564 1933 cinerem.
3615 1887 3646 1925 ιι
3700 1859 3830 1926 Hie
3885 1851 4288 1928 secundum,
4332 1849 4403 1916 in
4530 1880 4661 1949 ιθ

2842 1999 2978 2068 quo
3043 1974 3238 2065 ponit
3295 1972 3595 2039 rationes
3639 1989 3812 2058 quas
3867 1960 4214 2030 habebant
4281 1955 4407 2022 iai-

2841 2084 3001 2151 mici
3023 2077 3507 2171 exprobrandi.
4335 2123 4344 2131 ,

2930 2186 3014 2253 Et
3045 2184 3373 2253 dividitur
3410 2185 3480 2250 in
3529 2181 3699 2248 duas
3741 2184 3993 2268 partes,
4027 2167 4406 2241 secundum

2841 2294 3184 2386 duplicem
3251 2292 3625 2371 miseriam,
3677 2292 3959 2377 propter
4013 2302 4222 2373 quam
4290 2296 4409 2345 ex·

2839 2400 3194 2493 probrant,
3238 2421 3446 2492 quam
3503 2396 3749 2487 tangit.
3808 2392 4044 2459 Prima
4101 2388 4402 2466 miseria,

2841 2534 2991 2602 quoe
3058 2507 3443 2578 voluntarie
3499 2509 3816 2594 suscepta
3871 2507 3998 2567 est.
4073 2494 4409 2564 Videntes

2841 2621 3026 2687 enim
3064 2615 3450 2685 voluntarie
3481 2613 3836 2687 miserum,
3870 2601 4403 2697 exprobrabant.

2845 2722 3187 2800 Secunda,
3230 2744 3270 2787 a
3300 2718 3445 2787 Deo
3504 2724 3784 2807 propter
3810 2718 4168 2804 peccatum
4214 2705 4413 2774 inssi-

2841 2845 2974 2917 cta,
3006 2840 3286 2926 propter
3324 2850 3533 2921 quam
3562 2836 3627 2894 ct
3649 2819 4244 2899 irridebantjbiff.
4286 2817 4357 2884 11
4386 2837 4403 2882 ε

2844 2972 2876 3005 α
2912 2946 2969 3012 Α
3010 2941 3196 3032 facie
3223 2940 3366 3006 irae.
3406 2962 3441 2999 ιι

2933 3049 3012 3119 ln
3078 3049 3301 3142 prima
3345 3046 3508 3123 duo,
3597 3038 3976 3111 secundum
4061 3032 4404 3126 duplicem

2844 3160 3190 3231 miseriam
3230 3155 3718 3225 voluntariam.
3762 3147 3998 3219 Prima
4054 3153 4157 3214 cst
4182 3144 4409 3212 carnis

2843 3267 3304 3340 mortificatio.
3339 3263 3679 3337 Secunda,
3733 3279 3896 3327 vera
3941 3253 4167 3325 cordis
4203 3251 4411 3320 devo·

2844 3379 2966 3458 tio,
3002 3377 3124 3456 ibi,
3171 3404 3204 3440 α
3248 3376 3344 3443 ΕΙ
3366 3384 3612 3465 potum
3653 3387 3910 3436 meum.
3949 3389 3983 3430 ι

2934 3485 3115 3555 Dicit
3170 3502 3380 3575 ergo:
3418 3480 3532 3548 Sic
3590 3472 4182 3568 exprobraverunt
4238 3464 4409 3536 mihi

2844 3594 3105 3665 inimici
3154 3590 3315 3660 mei.
3387 3587 3526 3656 Cur
3577 3584 3761 3653 hoc?
3816 3611 3849 3645 ι·
3883 3580 4092 3666 Quia,
4123 3604 4158 3641 ιι
4200 3597 4413 3669 agens

2845 3700 3348 3797 paenitentiam,
3437 3720 3472 3761 a
3526 3687 3965 3762 comedebam
4050 3704 4336 3777 panem,
4373 3708 4408 3746 ιι

2850 3832 3121 3904 panem,
3184 3808 3495 3899 inquam,
3553 3802 3831 3892 nigrum
3917 3802 3986 3864 et
4059 3812 4409 3885 asperum,

2850 3948 2885 3989 a
2940 3930 3302 4010 tamquam
3401 3915 3698 3981 cinerem
3732 3932 3754 3976 .·
3806 3933 3841 3970 ιι
3949 3902 4104 3997 plua
4201 3921 4413 3992 agenn

2849 4051 3055 4122 quam
3097 4048 3215 4112 rex
3245 4023 3494 4092 Ninive
3541 4019 3660 4111 qui
3699 4012 3980 4085 sedebat
4008 4012 4083 4080 in
4110 4011 4338 4079 cinere
4357 4014 4410 4090 ¹,

2848 4145 2915 4207 et
2944 4155 3153 4227 quam
3189 4129 3351 4214 Job,
3374 4128 3492 4222 qui
3523 4126 3714 4206 dicit,
3744 4121 3956 4203 xu¹‚5
3987 4126 4056 4190 et
4085 4118 4128 4185 6
4160 4139 4177 4185 :
4211 4116 4416 4187 Nunc

2848 4243 3091 4315 oculus
3118 4262 3310 4310 meus
3345 4236 3530 4308 vide!
3577 4243 3666 4302 ee.
3720 4231 3986 4300 Idcirco
4033 4249 4142 4296 me
4194 4247 4419 4319 repre·

2848 4351 3098 4433 hendo,
3130 4360 3195 4419 e!
3238 4368 3372 4440 ayo
3423 4340 3901 4437 paenitentiam
3943 4338 4014 4405 in
4043 4332 4307 4426 favilla
4352 4343 4418 4403 et

2849 4463 3095 4532 cinere.
3127 4456 3481 4526 Poenitena
3518 4451 3706 4520 enim
3758 4445 3964 4516 debet
4007 4445 4110 4512 uti
4151 4443 4234 4512 iia
4263 4462 4417 4535 quae

2852 4568 3041 4663 priua
3070 4572 3264 4635 erant
3293 4562 3356 4630 ei
3411 4551 3930 4630 abominabilia.
3970 4550 4134 4629 Job,
4174 4571 4270 4626 vn,
4305 4548 4346 4616 7
4393 4570 4411 4617 z

2856 4682 3024 4766 Quae
3051 4673 3259 4768 prius
3294 4668 3572 4739 nolebat
3621 4676 3905 4756 tanqere
3952 4660 4195 4730 anima
4232 4679 4412 4736 mea,

2853 4807 3061 4862 nunc.
3093 4803 3245 4875 prae
3281 4777 3638 4871 anqustia,
3669 4769 3808 4842 cibi
3851 4769 3989 4839 mei
4012 4764 4410 4846 suutJtem,

2854 4896 3116 4964 cineres
3154 4896 3312 4958 sunt
3368 4886 3548 4979 ignis
3596 4879 3930 4974 reliquia»,
3983 4886 4051 4948 et
4094 4882 4412 4968 peccato·

2856 5024 3010 5072 rum
3077 4999 3298 5090 signa.
3341 4992 3522 5074 Joel,
3574 5013 3620 5072 ι,
3692 4990 3824 5058 ¹9:
3885 4985 4079 5079 lqnis
4123 4981 4418 5052 comedit
4446 4999 4771 5112 ansam

1198 5012 1391 5085 dum.
1463 5012 1676 5094 Quasi
1722 5010 1973 5081 diceret
2005 5034 2023 5081 ε
2086 5010 2198 5080 Sic
2253 5008 2753 5104 exprobrabant

2854 5109 3159 5205 speciosa
3197 5105 3447 5175 deserti
3485 5127 3508 5172 .·
3546 5110 3614 5172 ct
3652 5099 3736 5169 de
3775 5095 4076 5192 quodam
4108 5102 4412 5188 peccatu,
4441 5104 4769 5220 une-“raaudu-

1198 5128 1434 5213 aperte
1469 5142 1486 5190 :
1523 5149 1560 5186 a
1603 5133 1667 5189 et
1706 5120 1830 5212 qui
1886 5118 2272 5188 laudabant
2300 5141 2430 5203 me,
2457 5142 2492 5184 ι
2526 5118 2596 5186 in
2634 5140 2751 5187 ore

2861 5388 2913 5439 et
2942 5379 3148 5453 abjecit
3180 5377 3564 5434 vestimentum
3593 5388 3751 5431 suum
3802 5388 3835 5427 a
3868 5386 3944 5437 se,
3974 5373 4027 5425 ee
4073 5367 4304 5426 indueus
4340 5373 4419 5423 eat

2861 5487 3039 5540 taceo,
3070 5475 3124 5526 ee
3149 5466 3292 5525 aedit
3322 5468 3380 5522 ὅτι
3404 5466 3610 5521 cinere.

1276 5391 1294 5427 ¹
1325 5387 1408 5446 Cf.
1439 5387 1611 5446 loan.
1642 5405 1723 5454 xi,
1753 5389 1821 5444 47
1853 5394 1914 5444 et
1941 5402 2067 5461 aeq.

1272 5482 1301 5520 ¹
1327 5479 1519 5543 lenm.
1551 5479 1690 5546 ιιι,6
1723 5493 1738 5532 :
1790 5479 1864 5534 Ee
1888 5479 2142 5550 pen-enit
2163 5475 2407 5549 terbum,
2449 5474 2613 5534 sono
2643 5475 2758 5534 aci-

1208 5571 1372 5641 licet,
1403 5567 1482 5626 ad
1509 5559 1693 5638 νοήσω
1728 5565 1924 5622 Ninive
1955 5581 1971 5622 t
2002 5573 2055 5622 et
2092 5566 2333 5622 surra-tl
2359 5564 2428 5622 de
2466 5563 2608 5622 nolte
2631 5580 2755 5634 tao,
