5008 6329
669 402 751 467 22
1628 400 1713 469 D.
1765 400 1965 469 ALB.
2019 398 2237 466 MAG.
2290 397 2500 468 ORD.
2555 396 2852 464 PRAED.

668 574 958 640 Domino
988 576 1129 639 Deo
1151 584 1406 653 nostro,
1440 574 1909 640 misericordia
1958 583 2021 640 et
2043 595 2210 665 pro-

661 681 959 771 pitiatio.
996 679 1273 745 l'enitus
1314 678 1626 746 delendo,
1675 679 1802 746 lsa.
1842 703 2020 756 κων,
2066 682 2150 747 22
2187 704 2202 748 ε

670 788 905 855 Delevi
967 797 1044 853 ut
1110 785 1357 854 nubem
1434 789 1831 877 iniquitates
1906 798 2087 866 tuas,
2150 796 2215 853 et

668 897 866 986 quasi
899 893 1223 962 nebulam
1247 906 1528 987 peccata
1567 905 1712 962 tua.

761 1134 794 1170 α
831 1108 986 1192 Qui.
1050 1132 1085 1173 n
1138 1107 1309 1175 Ecce
1375 1105 1773 1175 secundum.
1844 1105 2054 1187 Quasi
2110 1104 2217 1172 di·-

671 1222 885 1283 ceret:
924 1214 1037 1282 Sic
1073 1213 1380 1291 benedic,
1425 1215 1585 1303 quia
1624 1214 1906 1280 remittit
1954 1211 2213 1303 culpaS,

672 1330 737 1387 et
765 1321 969 1388 etiam
1013 1349 1044 1380 «
1092 1320 1238 1408 qui,
1275 1345 1307 1384 »
1342 1319 1410 1386 id
1439 1328 1565 1403 est,
1609 1321 1769 1409 quia
1800 1318 1913 1387 ille
1950 1347 1982 1381 «
2011 1329 2220 1386 sanat

675 1447 924 1503 omnes,
968 1452 999 1485 »
1039 1446 1177 1491 non
1213 1431 1479 1491 tantum
1511 1423 1799 1515 aliquas,
1846 1448 1880 1490 α
1913 1424 2220 1512 infirmi-

675 1542 843 1599 tates
872 1541 1048 1598 tuas.
1088 1556 1121 1596 1>
1156 1530 1232 1598 ln
1263 1530 1444 1601 Psal.
1478 1555 1693 1611 cxrm,
1737 1533 1801 1611 3,
1829 1530 2044 1599 infra:
2084 1534 2222 1616 Qui

672 1649 874 1707 sanat
932 1640 1254 1706 contritos
1301 1638 1524 1720 corde,
1575 1649 1641 1707 et
1684 1638 1945 1727 alliqat
1991 1661 2221 1707 omnes

676 1748 1107 1815 contritiones
1143 1769 1403 1827 eorum,
1466 1770 1618 1838 quae
1673 1748 2006 1815 derelictae
2062 1758 2222 1816 sunt

678 1879 763 1925 ex
797 1865 1096 1948 peccato.
1134 1854 1248 1924 Sic
1275 1856 1499 1924 sanari
1557 1855 1827 1947 petebat
1861 1856 2217 1936 Jeremias,

679 1985 839 2039 xvu,
889 1963 1007 2031 14:
1042 1963 1234 2032 Sana
1271 1985 1400 2042 me,
1432 1964 1752 2043 Domine,
1793 1974 1857 2030 et
1894 1963 2218 2033 sanabor.

677 2070 1142 2160 Augustinus:
1195 2096 1227 2133 e
1262 2069 1470 2138 Aliud
1508 2080 1609 2138 est
1656 2070 1944 2138 infixum
2009 2069 2222 2138 telum

684 2202 717 2242 e
758 2177 841 2245 de
869 2197 1150 2266 corpore
1188 2175 1484 2258 demere,
1517 2175 1700 2243 aliud
1728 2174 2005 2255 vulnus,
2040 2178 2223 2267 quod

684 2309 717 2349 e
762 2281 1066 2352 relictum
1100 2291 1227 2361 est,
1261 2304 1525 2350 sanare.
1562 2281 1636 2351 ln
1667 2284 1890 2374 primo
1919 2293 2021 2351 est
2058 2306 2228 2374 pro-

681 2420 713 2451 «
758 2390 1046 2481 pitiatio,
1108 2389 1175 2456 in
1241 2388 1540 2457 secundo
1597 2390 1912 2460 salvatio.
1976 2416 2010 2457 ι
2055 2390 2218 2459 Luc.

679 2522 750 2575 x,
792 2498 902 2574 34,
936 2495 1405 2565 Samaritanus
1434 2497 1861 2589 appropiavit
1890 2499 2219 2578 sauciato,

679 2627 830 2675 ecce
867 2604 1257 2697 propitiatio
1302 2604 1638 2674 :vulnera
1692 2606 1840 2694 ejus
1887 2605 2220 2697 alligavit,

681 2736 834 2783 ecce
870 2712 1151 2782 curatio.

781 3054 813 3086 α
852 3026 988 3111 Qui
1024 3023 1299 3092 redimit
1340 3023 1424 3092 de
1468 3025 1773 3096 interitu.
1836 3053 1869 3088 »v
1929 3025 2059 3094 nio
2123 3034 2227 3096 est

690 3136 989 3213 tertium,
1023 3131 1205 3226 quod
1233 3140 1334 3204 est
1370 3131 1744 3226 redemptio
1782 3156 1824 3203 a
1851 3156 2052 3226 poena
2099 3156 2223 3227 pro

687 3241 881 3333 culpa
910 3239 1223 3332 originali
1254 3239 1501 3309 debita.
1537 3239 1745 3321 Quasi
1772 3240 2023 3310 diceret
2063 3263 2080 3310 ε
2111 3241 2226 3310 Sic

683 3347 963 3418 benedic
988 3357 1266 3440 propter
1292 3345 1707 3440 praedicta,et
1727 3349 1935 3417 etiam
1964 3374 1999 3415 ι
2025 3350 2219 3441 qui,-

685 3457 750 3526 id
780 3464 905 3536 est,
946 3458 1103 3548 quia
1151 3454 1264 3525 ille
1322 3456 1718 3545 «Jredimit,
1778 3480 1813 3522 ι
1860 3455 1970 3524 vel
2039 3456 2224 3525 redi-

683 3575 845 3647 met,
870 3593 906 3629 α
937 3566 1149 3633 vitam
1174 3575 1369 3633 tuam
1398 3564 1484 3632 de
1511 3565 1816 3643 interitu,
1852 3590 1886 3631 ι
1938 3565 2022 3634 de
2077 3590 2224 3635 cor·

684 3673 991 3764 ruptione
1033 3693 1239 3764 quam
1303 3672 1583 3741 incurrit
1633 3680 1910 3764 propter
1950 3673 2224 3766 culpam

680 3778 1106 3872 originalem,
1157 3778 1240 3847 de
1288 3800 1422 3870 qua
1471 3778 1738 3858 dicitur,
1782 3778 2093 3871 Sapient.
2125 3803 2220 3860 ix,

687 3890 804 3958 15:
838 3890 1100 3980 Corpus
1138 3886 1330 3979 quod
1360 3888 1828 3979 corrumpitur
1881 3900 2226 3979 aqqravat

681 3998 1010 4065 animam.
1047 3993 1185 4065 Sed
1213 3995 1298 4064 ab
1328 3995 1454 4064 hac
1481 3994 1807 4088 redempti
1837 4018 2079 4065 sumus
2108 4019 2228 4088 per

681 4104 929 4173 Christi
972 4103 1463 4196 sanguinem,1
1506 4104 1685 4174 l‘etr.
1736 4127 1785 4187 ι,
1848 4107 1930 4174 18
1986 4114 2055 4175 et
2100 4107 2220 4176 ¹9:

685 4213 837 4282 Non
904 4210 1468 4304 corruptibilibus
1548 4235 1722 4282 auro
1766 4212 1878 4281 vel
1940 4223 2224 4306 arqento

683 4317 1014 4411 redempti
1048 4319 1207 4387 estis
1240 4319 1325 4389 de
1374 4342 1554 4389 vana
1597 4329 1819 4389 vestra
1864 4343 2226 4391 eonversa-

681 4428 864 4496 tione
908 4437 1215 4519 paterne
1252 4427 1674 4511 traditionis,
1754 4428 1881 4498 sed
1921 4430 2223 4522 pretioso

678 4534 1013 4626 sanquine
1088 4535 1292 4632 quasi
1343 4534 1514 4626 aqni
1554 4534 1995 4605 immaculati
2022 4537 2228 4608 Clu-i-

678 4643 793 4723 sti,
816 4651 882 4712 et
917 4643 1461 4712 incontaminati.
1501 4643 1701 4723 Osee,
1750 4665 1898 4725 xm,
1936 4644 2018 4713 14
2060 4665 2077 4712 ε
2122 4646 2227 4714 De

682 4771 893 4817 manu
919 4751 1161 4820 mortis
1187 4748 1492 4820 liberabo
1518 4773 1654 4837 eos,
1686 4750 1772 4820 de
1798 4761 2016 4821 morte
2049 4752 2228 4822 redi-

684 4876 868 4924 mam
904 4879 1036 4925 eos.

780 5102 814 5136 ιι
858 5072 998 5159 Qui
1020 5083 1323 5142 coronat.
1372 5102 1405 5136 n
1437 5073 1607 5143 Ecce
1636 5083 1980 5166 quartum.
2012 5075 2225 5157 Quasi

690 5179 975 5253 diceret:
1023 5178 1103 5247 Et
1146 5177 1235 5247 ob
1283 5178 1414 5248 hoc
1467 5178 1791 5249 benedic:
1828 5206 1864 5247 ι
1903 5183 2054 5273 qui,
2085 5211 2120 5246 ιο
2156 5183 2225 5251 id

691 5296 816 5367 est,
856 5285 1014 5379 quia
1045 5284 1157 5355 ille
1189 5311 1224 5352 ι
1264 5296 1540 5354 coronat
1576 5296 1664 5368 te,
1721 5312 1756 5354 n
1804 5297 1962 5378 post
2015 5298 2231 5358 tenta·

763 5551 780 5587 ⁸
811 5549 991 5607 Exod.
1015 5567 1149 5620 xxv,
1177 5551 1246 5606 23
1275 5554 1335 5630 et
1360 5566 1491 5624 seq.
1516 5564 1533 5607 τ
1559 5550 1756 5608 Facies
1779 5556 1835 5607 et
1888 5566 2132 5610 mensem
2160 5555 2230 5613 de

688 5639 857 5712 Bonis
880 5641 1109 5700 setim...
1146 5642 1217 5698 Et
1257 5641 1541 5698 inaurabis
1571 5657 1692 5698 eam
1718 5656 1860 5698 auro
1879 5640 2186 5716 purissima
2206 5660 2228 5702 .·

688 5733 963 5805 [aciesque
991 5731 1081 5788 illi
1132 5730 1340 5789 labium
1395 5749 1625 5790 aureum
1674 5748 1781 5807 per
1822 5732 2144 5808 circuitum,
2173 5744 2229 5795 et

2319 572 2589 638 tionum
2621 571 3003 643 victoriam,
3041 591 3177 635 non
3229 567 3364 634 tuis
3411 564 3695 643 meritis,
3754 562 3873 632 sed

2324 703 2357 743 e
2402 680 2474 744 in
2532 677 3004 744 misericordia
3087 684 3151 742 et
3204 671 3765 741 miserationibus
3834 697 3865 732 »

2319 786 2485 852 suiS.
2524 784 2987 851 Misericordia
3019 782 3301 849 refertur
3328 781 3522 871 quasi
3591 777 3676 845 ad
3707 775 3879 844 affe-

2321 899 2534 972 ctum,
2570 892 2911 958 miseratio
2934 890 3019 957 ad
3049 888 3373 957 officium.
3410 885 3650 954 Jacob.
3687 885 3825 963 1,12
3860 906 3875 952 ε

2320 1001 2581 1066 Beatus
2600 999 2707 1065 vir
2745 999 2867 1086 qui
2900 997 3145 1086 suffert
3173 995 3640 1071 tentationem,
3713 1013 3877 1082 quo-

2322 1106 2516 1172 niam
2566 1126 2724 1172 cum
2773 1102 3109 1194 probatus
3149 1103 3390 1192 suerit,
3442 1100 3729 1190 accipiet
3771 1120 3878 1166 co-

2325 1237 2570 1283 ronam
2599 1216 2777 1282 vitae.
2825 1213 3111 1303 Propter
3141 1211 3270 1278 hoc
3308 1208 3575 1277 dicebat
3619 1206 3875 1276 Paulus

2323 1323 2783 1391 tentationum
2821 1323 3059 1399 victor,
3105 1318 3167 1385 Π
3205 1317 3289 1386 ad
3316 1315 3617 1384 Timoth.
3663 1340 3755 1399 iv,
3790 1318 3872 1385 8:

2324 1434 2408 1502 In
2448 1431 2715 1523 reliquo
2783 1431 3077 1521 reposita
3110 1437 3205 1495 est
3246 1427 3423 1493 milei
3470 1449 3722 1494 corona
3758 1425 3883 1515 ju-

2321 1541 2555 1621 stitiae,
2600 1547 2667 1605 et
2703 1538 3026 1605 victoriae.
3065 1535 3320 1602 Cantic.
3358 1535 3539 1612 1v,8:
3601 1534 3758 1599 Veni
3803 1531 3886 1598 de

2326 1645 2620 1724 Libano,
2654 1646 2829 1722 veni,
2865 1642 3320 1711 coronaberis.
3393 1639 3664 1709 Corona
3737 1636 3887 1730 glo-

2330 1754 2447 1821 riae
2476 1754 2535 1820 si
2576 1753 2777 1819 suerit
2835 1751 2918 1819 de
2975 1748 3370 1839 simpliciter
3398 1745 3769 1830 salvandiS‚
3803 1745 3885 1813 de

2329 1885 2466 1954 qua
2497 1859 2782 1952 Apocal.
2827 1861 3011 1938 111,st
3046 1880 3062 1925 ε
3102 1861 3270 1926 Tene
3319 1856 3508 1948 quod
3544 1854 3774 1930 babes.
3811 1864 3888 1922 ut

2327 1992 2527 2037 nemo
2592 1968 2888 2059 accipiat
2949 1986 3270 2033 coronam
3346 1973 3567 2031 tuam.
3620 1960 3888 2030 Corona

2329 2078 2569 2170 gloriae
2602 2083 2668 2144 et
2698 2074 3006 2153 honoris,
3040 2076 3096 2140 si
3127 2072 3323 2141 suerit
3348 2071 3428 2139 de
3451 2069 3889 2161 privilegian-

2330 2186 2460 2264 dis,
2521 2193 2803 2275 martyr,
2845 2184 3068 2274 virgo,
3126 2180 3232 2249 vel
3277 2179 3705 2272 praedicator.
3782 2174 3884 2244 De

2329 2302 2645 2385 utraque,
2679 2294 2746 2359 in
2781 2288 2960 2358 l‘sal.
2996 2312 3140 2369 vin,
3181 2290 3222 2355 6
3264 2310 3279 2354 :
3323 2286 3568 2357 Gloria
3635 2293 3700 2352 et
3758 2283 3890 2350 bo-

2328 2422 2494 2467 nore
2530 2398 2876 2467 coronasti
2900 2417 3080 2474 eum,
3116 2394 3433 2463 Domine.
3463 2391 3683 2459 Exod.
3718 2411 3883 2473 xxv,

2330 2508 2442 2587 28,
2477 2516 2547 2576 et
2575 2528 2750 2598 seq„
2814 2503 3039 2595 Super
3096 2523 3404 2570 mensam
3464 2501 3687 2592 posita
3745 2504 3888 2566 erat

2329 2636 2565 2693 aurea,
2599 2620 2665 2683 et
2695 2608 2976 2680 aureola
3015 2610 3059 2674 ⁸.

2426 2956 2460 2997 e
2508 2929 2648 3014 Qui
2697 2926 2913 3018 replet
2962 2926 3033 2993 in
3074 2924 3288 2992 bonis.
3330 2949 3362 2985 ι
3407 2921 3536 2990 Hic
3564 2920 3881 3012 quintum

2330 3035 2767 3111 beneficium,
2803 3034 2872 3101 in
2903 3054 3040 3123 quo
3070 3029 3385 3098 dicuntur
3421 3026 3584 3095 duo.
3620 3025 3881 3109 Primo,

2331 3143 2552 3235 tangit
2649 3139 3081 3211 beneficium.
3182 3134 3526 3213 Secundo,
3602 3131 3886 3203 modum

2331 3250 2702 3322 exhibendi
2735 3252 2985 3341 ipsum,
3028 3245 3147 3329 ibi,
3207 3271 3240 3311 e
3319 3243 3809 3313 ltmovabitur.
3841 3269 3873 3305 ι

2421 3359 2599 3428 Dicit
2666 3377 2874 3449 ergo:
2914 3353 3030 3424 Sic
3076 3352 3360 3422 benedic
3418 3360 3700 3446 propter
3752 3348 3887 3419 hoc

2332 3467 2582 3545 Deum,
2618 3490 2654 3531 ι
2695 3465 2844 3557 qui,
2874 3491 2909 3526 ιο
2954 3462 3021 3530 id
3060 3470 3186 3535 est,
3221 3461 3380 3552 quia
3438 3458 3552 3527 ille
3585 3487 3621 3523 α
3673 3456 3889 3551 replet

2332 3572 2750 3641 desiderium
2816 3579 3042 3652 tuum,
3075 3597 3107 3629 υ
3146 3591 3285 3637 non
3344 3568 3412 3637 in
3472 3566 3699 3646 malis,
3731 3587 3885 3657 quae

2331 3688 2487 3774 post
2527 3702 2828 3773 pugnam
2860 3675 3048 3747 nulla
3075 3676 3361 3744 omnino
3392 3675 3642 3767 poterit
3682 3670 3883 3750 velle,

2331 3789 2449 3858 aed
2483 3814 2519 3855 ι
2554 3789 2626 3856 in
2657 3786 2872 3857 bonis.
2904 3814 2936 3850 ι
2989 3781 3316 3853 Proverb.
3361 3805 3454 3860 xi,
3507 3783 3594 3852 23
3635 3803 3652 3850 :
3705 3781 3894 3851 Desi-

2334 3896 2604 3964 derium
2624 3894 2988 3984 justorum
3027 3913 3226 3960 omne
3266 3890 3520 3958 bonum
3574 3899 3696 3957 est.
3747 3886 3895 3956 lm-

2336 4000 2549 4094 plebit
2605 3998 3023 4069 intellectum
3101 3994 3489 4089 splendore,
3575 4002 3646 4063 et
3714 3993 3891 4072 luce.

2335 4110 2468 4180 lsa.
2502 4131 2689 4188 ινιιι,
2727 4110 2799 4178 ¹1
2833 4104 3203 4198 :Implebit
3224 4103 3714 4197 splendoribus
3740 4101 3892 4170 ani·

2336 4240 2524 4289 mam
2564 4227 2785 4297 tuam,
2816 4225 2884 4285 et
2908 4237 3064 4284 ossa
3100 4223 3225 4282 tua
3278 4210 3624 4282 liberabit.
3705 4210 3893 4281 Affe-

2334 4334 2524 4396 ctum
2588 4323 2950 4403 suavitate,
2993 4319 3324 4391 Proverb.
3383 4342 3531 4400 xm,
3599 4320 3642 4387 2
3703 4341 3722 4387 ε
3790 4320 3897 4388 De

2331 4436 2576 4526 {ructu
2630 4431 2772 4500 oris
2828 4430 2948 4497 sui
3018 4428 3222 4496 bomo
3267 4426 3648 4495 satiabitur
3671 4425 3887 4494 bonis.

2425 4540 2628 4622 Quod
2682 4540 2741 4609 si
2815 4538 3088 4632 quaeris,
3165 4534 3458 4627 qualiter
3536 4533 3670 4604 hoc
3735 4535 3893 4604 netz

2336 4647 2791 4742 Respondent

2434 4786 2468 4819 α
2523 4751 2992 4826 Renovabitur
3034 4749 3370 4839 juventus
3441 4759 3594 4834 tua,
3657 4775 3692 4817 n
3741 4771 3894 4842 quae

2335 4887 2522 4935 nunc
2585 4862 2774 4932 vadit
2818 4857 3304 4930 veterascendo
3357 4880 3373 4926 ε
3407 4865 3476 4927 et
3543 4855 3703 4937 hoc,
3746 4886 3780 4920 ιι
3814 4866 3895 4924 ut

2337 4971 2598 5064 aquile
2629 4995 2664 5037 n
2707 4976 3127 5038 renovantur
3170 4989 3187 5035 ε
3236 4964 3373 5041 vel.
3425 4973 3502 5034 ut
3565 4964 3895 5053 juventus

2336 5077 2602 5169 oequiloe
2634 5082 3027 5156 renovatur,
3069 5095 3191 5166 per
3219 5070 3735 5140 renovationem
3770 5071 3896 5139 sci·

2338 5184 2497 5254 licet
2552 5181 2864 5252 habetur.
2926 5177 3385 5251 Renovaberis
3440 5179 3627 5247 enim
3665 5179 3895 5248 anima

2339 5300 2407 5361 et
2434 5313 2747 5383 corpore,
2777 5289 2887 5359 Ad
2923 5285 3174 5379 Ephes.
3208 5307 3304 5364 ιν,
3336 5285 3461 5355 23:
3506 5286 3636 5354 24:
3678 5286 3897 5355 Reno·

2340 5558 2452 5631 ipsi
2479 5556 2629 5614 labio
2686 5569 2945 5613 caronam
3003 5551 3373 5611 interrasilem
3429 5552 3603 5609 altam
3654 5558 3898 5624 quatuor

2337 5646 2540 5719 divitis
2569 5663 2592 5701 .·
2616 5651 2670 5702 et
2693 5659 2862 5718 super
2886 5642 3070 5711 ittam,
3111 5643 3345 5700 alteram
3399 5655 3663 5698 cannam
3691 5654 3896 5696 aureo·

2342 5740 2474 5798 lant.
