<?xml version="1.0" encoding="UTF-8"?>
<!DOCTYPE html PUBLIC "-//W3C//DTD XHTML 1.0 Transitional//EN"
    "http://www.w3.org/TR/xhtml1/DTD/xhtml1-transitional.dtd">
<html xmlns="http://www.w3.org/1999/xhtml" xml:lang="en" lang="en">
 <head>
  <title>
</title>
<meta http-equiv="Content-Type" content="text/html;charset=utf-8" />
  <meta name='ocr-system' content='tesseract 3.04.00' />
  <meta name='ocr-capabilities' content='ocr_page ocr_carea ocr_par ocr_line ocrx_word'/>
</head>
<body>
  <div class='ocr_page' id='page_1' title='image "balbertimagnira02chgoog_0145.png"; bbox 0 0 5008 6329; ppageno 0'>
   <div class='ocr_carea' id='block_1_1' title="bbox 1997 277 3598 358">
    <p class='ocr_par' dir='ltr' id='par_1_1' title="bbox 1997 277 3598 358">
     <span class='ocr_line' id='line_1_1' title="bbox 1997 277 3598 358; baseline 0.009 -14"><span class='ocrx_word' id='word_1_1' title='bbox 1997 277 2708 351; x_wconf 85' lang='lat' dir='ltr'><strong>COMMENTARIUS</strong></span> <span class='ocrx_word' id='word_1_2' title='bbox 2757 284 2848 350; x_wconf 90' lang='lat' dir='ltr'><strong>IN</strong></span> <span class='ocrx_word' id='word_1_3' title='bbox 2899 285 3336 356; x_wconf 82' lang='lat' dir='ltr'><strong>PSALMUM</strong></span> <span class='ocrx_word' id='word_1_4' title='bbox 3388 290 3598 358; x_wconf 89' lang='lat' dir='ltr'><strong>CVll.</strong></span> 
     </span>
    </p>
   </div>
   <div class='ocr_carea' id='block_1_2' title="bbox 1093 442 2744 2806">
    <p class='ocr_par' dir='ltr' id='par_1_2' title="bbox 1093 442 2744 2806">
     <span class='ocr_line' id='line_1_2' title="bbox 1192 442 2739 534; baseline 0.009 -28"><span class='ocrx_word' id='word_1_5' title='bbox 1192 442 1403 508; x_wconf 77' lang='lat' dir='ltr'><strong>lectus</strong></span> <span class='ocrx_word' id='word_1_6' title='bbox 1457 465 1648 509; x_wconf 81' lang='lat' dir='ltr'><strong>meus</strong></span> <span class='ocrx_word' id='word_1_7' title='bbox 1705 446 2067 534; x_wconf 73' lang='lat' dir='ltr'><strong>candidus,</strong></span> <span class='ocrx_word' id='word_1_8' title='bbox 2133 451 2372 521; x_wconf 88' lang='lat' dir='ltr'><strong>decore</strong></span> <span class='ocrx_word' id='word_1_9' title='bbox 2431 456 2739 521; x_wconf 89' lang='lat' dir='ltr'><strong>omnium</strong></span> 
     </span>
     <span class='ocr_line' id='line_1_3' title="bbox 1186 550 2739 651; baseline 0.009 -38"><span class='ocrx_word' id='word_1_10' title='bbox 1186 550 1545 630; x_wconf 84' lang='lat' dir='ltr'><strong>virtutum,</strong></span> <span class='ocrx_word' id='word_1_11' title='bbox 1590 561 1654 617; x_wconf 83' lang='lat' dir='ltr'><strong>el</strong></span> <span class='ocrx_word' id='word_1_12' title='bbox 1683 555 2132 644; x_wconf 79' lang='lat' dir='ltr'><strong>rubicundus,</strong></span> <span class='ocrx_word' id='word_1_13' title='bbox 2176 560 2536 629; x_wconf 79' lang='lat' dir='ltr'>tolerantia</span> <span class='ocrx_word' id='word_1_14' title='bbox 2588 584 2739 651; x_wconf 87' lang='lat' dir='ltr'><strong>pas·</strong></span> 
     </span>
     <span class='ocr_line' id='line_1_4' title="bbox 1188 656 2744 752; baseline 0.008 -32"><span class='ocrx_word' id='word_1_15' title='bbox 1188 656 1486 723; x_wconf 90' lang='lat' dir='ltr'><strong>sionum.</strong></span> <span class='ocrx_word' id='word_1_16' title='bbox 1530 657 1657 726; x_wconf 90' lang='lat' dir='ltr'><strong>Hic</strong></span> <span class='ocrx_word' id='word_1_17' title='bbox 1709 664 1946 750; x_wconf 86' lang='lat' dir='ltr'><strong>procul</strong></span> <span class='ocrx_word' id='word_1_18' title='bbox 1986 666 2192 734; x_wconf 89' lang='lat' dir='ltr'><strong>dubio</strong></span> <span class='ocrx_word' id='word_1_19' title='bbox 2241 668 2744 752; x_wconf 79' lang='lat' dir='ltr'><strong>resurrexitse-</strong></span> 
     </span>
     <span class='ocr_line' id='line_1_5' title="bbox 1188 763 2734 855; baseline 0.006 -25"><span class='ocrx_word' id='word_1_20' title='bbox 1188 763 1487 831; x_wconf 88' lang='lat' dir='ltr'><strong>cundum</strong></span> <span class='ocrx_word' id='word_1_21' title='bbox 1547 788 1824 838; x_wconf 86' lang='lat' dir='ltr'><strong>omnem</strong></span> <span class='ocrx_word' id='word_1_22' title='bbox 1862 772 2214 842; x_wconf 83' lang='lat' dir='ltr'><strong>lecturam.</strong></span> <span class='ocrx_word' id='word_1_23' title='bbox 2278 772 2474 855; x_wconf 83' lang='lat' dir='ltr'><strong>Osee,</strong></span> <span class='ocrx_word' id='word_1_24' title='bbox 2528 774 2734 854; x_wconf 74' lang='lat' dir='ltr'><strong>v1,3:</strong></span> 
     </span>
     <span class='ocr_line' id='line_1_6' title="bbox 1191 872 2741 970; baseline 0.008 -35"><span class='ocrx_word' id='word_1_25' title='bbox 1191 872 1409 955; x_wconf 78' lang='lat' dir='ltr'><strong>Quasi</strong></span> <span class='ocrx_word' id='word_1_26' title='bbox 1455 872 1852 946; x_wconf 81' lang='lat' dir='ltr'><em>diluculum</em></span> <span class='ocrx_word' id='word_1_27' title='bbox 1886 888 2323 970; x_wconf 68' lang='lat' dir='ltr'><strong>praeparatus</strong></span> <span class='ocrx_word' id='word_1_28' title='bbox 2372 889 2468 945; x_wconf 78' lang='lat' dir='ltr'><strong>est</strong></span> <span class='ocrx_word' id='word_1_29' title='bbox 2516 902 2741 969; x_wconf 72' lang='lat' dir='ltr'><strong>cyres-</strong></span> 
     </span>
     <span class='ocr_line' id='line_1_7' title="bbox 1183 980 2742 1078; baseline 0.008 -33"><span class='ocrx_word' id='word_1_30' title='bbox 1183 1002 1302 1046; x_wconf 78' lang='lat' dir='ltr'><strong>sus</strong></span> <span class='ocrx_word' id='word_1_31' title='bbox 1338 980 1518 1070; x_wconf 77' lang='lat' dir='ltr'><strong>ejus·</strong></span> <span class='ocrx_word' id='word_1_32' title='bbox 1563 983 1648 1052; x_wconf 87' lang='lat' dir='ltr'><strong>Et</strong></span> <span class='ocrx_word' id='word_1_33' title='bbox 1688 996 1791 1054; x_wconf 84' lang='lat' dir='ltr'><strong>est</strong></span> <span class='ocrx_word' id='word_1_34' title='bbox 1833 997 2339 1076; x_wconf 79' lang='lat' dir='ltr'><strong>argumentum,</strong></span> <span class='ocrx_word' id='word_1_35' title='bbox 2394 988 2579 1078; x_wconf 90' lang='lat' dir='ltr'><strong>quod</strong></span> <span class='ocrx_word' id='word_1_36' title='bbox 2630 1013 2742 1058; x_wconf 88' lang='lat' dir='ltr'><strong>re·-</strong></span> 
     </span>
     <span class='ocr_line' id='line_1_8' title="bbox 1186 1094 2735 1188; baseline 0.007 -32"><span class='ocrx_word' id='word_1_37' title='bbox 1186 1094 1512 1161; x_wconf 85' lang='lat' dir='ltr'><strong>surrectio</strong></span> <span class='ocrx_word' id='word_1_38' title='bbox 1560 1094 1690 1163; x_wconf 88' lang='lat' dir='ltr'><strong>fuit</strong></span> <span class='ocrx_word' id='word_1_39' title='bbox 1727 1096 1798 1161; x_wconf 91' lang='lat' dir='ltr'><strong>in</strong></span> <span class='ocrx_word' id='word_1_40' title='bbox 1855 1117 2082 1163; x_wconf 87' lang='lat' dir='ltr'><strong>mane.</strong></span> <span class='ocrx_word' id='word_1_41' title='bbox 2131 1094 2267 1164; x_wconf 87' lang='lat' dir='ltr'><strong>Sed</strong></span> <span class='ocrx_word' id='word_1_42' title='bbox 2315 1106 2541 1188; x_wconf 86' lang='lat' dir='ltr'><strong>potest</strong></span> <span class='ocrx_word' id='word_1_43' title='bbox 2579 1100 2735 1182; x_wconf 87' lang='lat' dir='ltr'><strong>dici,</strong></span> 
     </span>
     <span class='ocr_line' id='line_1_9' title="bbox 1184 1200 2728 1294; baseline 0.008 -28"><span class='ocrx_word' id='word_1_44' title='bbox 1184 1200 1371 1288; x_wconf 89' lang='lat' dir='ltr'><strong>quod</strong></span> <span class='ocrx_word' id='word_1_45' title='bbox 1399 1201 2075 1294; x_wconf 64' lang='lat' dir='ltr'><strong>loquiturJquantum</strong></span> <span class='ocrx_word' id='word_1_46' title='bbox 2116 1206 2202 1274; x_wconf 86' lang='lat' dir='ltr'><strong>ad</strong></span> <span class='ocrx_word' id='word_1_47' title='bbox 2241 1208 2728 1278; x_wconf 87' lang='lat' dir='ltr'><strong>manifestatio-</strong></span> 
     </span>
     <span class='ocr_line' id='line_1_10' title="bbox 1185 1312 2738 1407; baseline 0.008 -34"><span class='ocrx_word' id='word_1_48' title='bbox 1185 1330 1343 1376; x_wconf 87' lang='lat' dir='ltr'><strong>nem</strong></span> <span class='ocrx_word' id='word_1_49' title='bbox 1410 1312 1950 1397; x_wconf 76' lang='lat' dir='ltr'><strong>resurrectioni5‚</strong></span> <span class='ocrx_word' id='word_1_50' title='bbox 2028 1336 2167 1381; x_wconf 91' lang='lat' dir='ltr'><strong>non</strong></span> <span class='ocrx_word' id='word_1_51' title='bbox 2245 1325 2576 1407; x_wconf 88' lang='lat' dir='ltr'><strong>quantum</strong></span> <span class='ocrx_word' id='word_1_52' title='bbox 2653 1318 2738 1385; x_wconf 88' lang='lat' dir='ltr'><strong>ad</strong></span> 
     </span>
     <span class='ocr_line' id='line_1_11' title="bbox 1182 1419 2736 1516; baseline 0.006 -33"><span class='ocrx_word' id='word_1_53' title='bbox 1182 1419 1487 1507; x_wconf 89' lang='lat' dir='ltr'><strong>corporis</strong></span> <span class='ocrx_word' id='word_1_54' title='bbox 1519 1420 2082 1508; x_wconf 87' lang='lat' dir='ltr'><strong>resumptionem.</strong></span> <span class='ocrx_word' id='word_1_55' title='bbox 2135 1422 2276 1490; x_wconf 89' lang='lat' dir='ltr'><strong>Nec</strong></span> <span class='ocrx_word' id='word_1_56' title='bbox 2323 1425 2504 1492; x_wconf 85' lang='lat' dir='ltr'><strong>valet</strong></span> <span class='ocrx_word' id='word_1_57' title='bbox 2553 1425 2736 1516; x_wconf 89' lang='lat' dir='ltr'><strong>quod</strong></span> 
     </span>
     <span class='ocr_line' id='line_1_12' title="bbox 1183 1522 2738 1621; baseline 0.005 -31"><span class='ocrx_word' id='word_1_58' title='bbox 1183 1523 1415 1591; x_wconf 88' lang='lat' dir='ltr'><strong>dicunt</strong></span> <span class='ocrx_word' id='word_1_59' title='bbox 1442 1522 1677 1615; x_wconf 84' lang='lat' dir='ltr'><strong>aliqui,</strong></span> <span class='ocrx_word' id='word_1_60' title='bbox 1725 1527 1909 1617; x_wconf 91' lang='lat' dir='ltr'><strong>quod</strong></span> <span class='ocrx_word' id='word_1_61' title='bbox 1939 1529 2164 1596; x_wconf 81' lang='lat' dir='ltr'><strong>media</strong></span> <span class='ocrx_word' id='word_1_62' title='bbox 2192 1539 2389 1597; x_wconf 89' lang='lat' dir='ltr'><strong>nocte</strong></span> <span class='ocrx_word' id='word_1_63' title='bbox 2420 1531 2738 1621; x_wconf 78' lang='lat' dir='ltr'><strong>spoliavit</strong></span> 
     </span>
     <span class='ocr_line' id='line_1_13' title="bbox 1183 1631 2736 1729; baseline 0.006 -33"><span class='ocrx_word' id='word_1_64' title='bbox 1183 1631 1549 1709; x_wconf 78' lang='lat' dir='ltr'><strong>infernum,</strong></span> <span class='ocrx_word' id='word_1_65' title='bbox 1621 1642 1689 1699; x_wconf 91' lang='lat' dir='ltr'><strong>et</strong></span> <span class='ocrx_word' id='word_1_66' title='bbox 1756 1635 1825 1702; x_wconf 91' lang='lat' dir='ltr'><strong>in</strong></span> <span class='ocrx_word' id='word_1_67' title='bbox 1894 1658 2140 1704; x_wconf 88' lang='lat' dir='ltr'><strong>aurora</strong></span> <span class='ocrx_word' id='word_1_68' title='bbox 2207 1640 2525 1719; x_wconf 83' lang='lat' dir='ltr'><strong>surrexit,</strong></span> <span class='ocrx_word' id='word_1_69' title='bbox 2577 1639 2736 1729; x_wconf 92' lang='lat' dir='ltr'><strong>quia</strong></span> 
     </span>
     <span class='ocr_line' id='line_1_14' title="bbox 1181 1740 2737 1837; baseline 0.006 -32"><span class='ocrx_word' id='word_1_70' title='bbox 1181 1740 1513 1809; x_wconf 81' lang='lat' dir='ltr'><strong>Proverl).</strong></span> <span class='ocrx_word' id='word_1_71' title='bbox 1571 1765 1760 1821; x_wconf 78' lang='lat' dir='ltr'><strong>xxxt,</strong></span> <span class='ocrx_word' id='word_1_72' title='bbox 1826 1746 1933 1822; x_wconf 77' lang='lat'><strong>15,</strong></span> <span class='ocrx_word' id='word_1_73' title='bbox 1995 1745 2242 1813; x_wconf 88' lang='lat' dir='ltr'><strong>dicitur</strong></span> <span class='ocrx_word' id='word_1_74' title='bbox 2297 1756 2525 1837; x_wconf 86' lang='lat' dir='ltr'><strong>aperte</strong></span> <span class='ocrx_word' id='word_1_75' title='bbox 2572 1770 2586 1814; x_wconf 85' lang='lat'><strong>:</strong></span> <span class='ocrx_word' id='word_1_76' title='bbox 2635 1752 2737 1815; x_wconf 86' lang='lat' dir='ltr'><strong>De</strong></span> 
     </span>
     <span class='ocr_line' id='line_1_15' title="bbox 1180 1851 2737 1923; baseline 0.004 -9"><span class='ocrx_word' id='word_1_77' title='bbox 1180 1859 1370 1916; x_wconf 83' lang='lat' dir='ltr'><strong>nocte</strong></span> <span class='ocrx_word' id='word_1_78' title='bbox 1439 1852 1766 1918; x_wconf 74' lang='lat' dir='ltr'><strong>surrexit.</strong></span> <span class='ocrx_word' id='word_1_79' title='bbox 1848 1851 2185 1920; x_wconf 86' lang='lat' dir='ltr'>Dominus</span> <span class='ocrx_word' id='word_1_80' title='bbox 2245 1855 2428 1921; x_wconf 89' lang='lat' dir='ltr'><strong>enim</strong></span> <span class='ocrx_word' id='word_1_81' title='bbox 2508 1855 2737 1923; x_wconf 78' lang='lat' dir='ltr'><strong>divisit</strong></span> 
     </span>
     <span class='ocr_line' id='line_1_16' title="bbox 1181 1960 2734 2053; baseline 0.005 -30"><span class='ocrx_word' id='word_1_82' title='bbox 1181 1965 1474 2048; x_wconf 89' lang='lat' dir='ltr'><strong>tempus,</strong></span> <span class='ocrx_word' id='word_1_83' title='bbox 1536 1967 1802 2027; x_wconf 90' lang='lat' dir='ltr'><strong>tantum</strong></span> <span class='ocrx_word' id='word_1_84' title='bbox 1861 1960 2031 2028; x_wconf 88' lang='lat' dir='ltr'><strong>dans</strong></span> <span class='ocrx_word' id='word_1_85' title='bbox 2099 1962 2336 2052; x_wconf 78' lang='lat' dir='ltr'><strong>quieti,</strong></span> <span class='ocrx_word' id='word_1_86' title='bbox 2399 1971 2734 2053; x_wconf 91' lang='lat' dir='ltr'><strong>quantum</strong></span> 
     </span>
     <span class='ocr_line' id='line_1_17' title="bbox 1179 2062 2735 2153; baseline 0.004 -24"><span class='ocrx_word' id='word_1_87' title='bbox 1179 2062 1446 2131; x_wconf 89' lang='lat' dir='ltr'><strong>labori:</strong></span> <span class='ocrx_word' id='word_1_88' title='bbox 1482 2071 1545 2131; x_wconf 87' lang='lat' dir='ltr'><strong>et</strong></span> <span class='ocrx_word' id='word_1_89' title='bbox 1609 2064 1752 2153; x_wconf 87' lang='lat' dir='ltr'><strong>ipse</strong></span> <span class='ocrx_word' id='word_1_90' title='bbox 1803 2071 1945 2132; x_wconf 93' lang='lat' dir='ltr'><strong>tota</strong></span> <span class='ocrx_word' id='word_1_91' title='bbox 2001 2065 2108 2134; x_wconf 87' lang='lat' dir='ltr'><strong>die</strong></span> <span class='ocrx_word' id='word_1_92' title='bbox 2154 2066 2370 2145; x_wconf 82' lang='lat' dir='ltr'><strong>Jovis,</strong></span> <span class='ocrx_word' id='word_1_93' title='bbox 2418 2077 2482 2135; x_wconf 89' lang='lat' dir='ltr'><strong>et</strong></span> <span class='ocrx_word' id='word_1_94' title='bbox 2541 2077 2735 2137; x_wconf 88' lang='lat' dir='ltr'><strong>nocte</strong></span> 
     </span>
     <span class='ocr_line' id='line_1_18' title="bbox 1178 2171 2738 2261; baseline 0.003 -23"><span class='ocrx_word' id='word_1_95' title='bbox 1178 2171 1487 2261; x_wconf 73' lang='lat' dir='ltr'><strong>sequenti</strong></span> <span class='ocrx_word' id='word_1_96' title='bbox 1519 2171 1855 2261; x_wconf 77' lang='lat' dir='ltr'><strong>vigilavit,</strong></span> <span class='ocrx_word' id='word_1_97' title='bbox 1890 2180 1955 2240; x_wconf 88' lang='lat' dir='ltr'><strong>et</strong></span> <span class='ocrx_word' id='word_1_98' title='bbox 2007 2174 2089 2242; x_wconf 90' lang='lat' dir='ltr'><strong>de</strong></span> <span class='ocrx_word' id='word_1_99' title='bbox 2135 2174 2242 2241; x_wconf 88' lang='lat' dir='ltr'><strong>die</strong></span> <span class='ocrx_word' id='word_1_100' title='bbox 2289 2173 2578 2244; x_wconf 84' lang='lat' dir='ltr'><strong>Veneris</strong></span> <span class='ocrx_word' id='word_1_101' title='bbox 2618 2199 2738 2243; x_wconf 89' lang='lat' dir='ltr'><strong>no-</strong></span> 
     </span>
     <span class='ocr_line' id='line_1_19' title="bbox 1177 2278 2737 2372; baseline 0.003 -26"><span class='ocrx_word' id='word_1_102' title='bbox 1177 2301 1334 2346; x_wconf 86' lang='lat' dir='ltr'><strong>vom</strong></span> <span class='ocrx_word' id='word_1_103' title='bbox 1375 2278 1586 2348; x_wconf 86' lang='lat' dir='ltr'><strong>horis.</strong></span> <span class='ocrx_word' id='word_1_104' title='bbox 1639 2279 1916 2358; x_wconf 83' lang='lat' dir='ltr'><strong>Quievit</strong></span> <span class='ocrx_word' id='word_1_105' title='bbox 1956 2305 2120 2372; x_wconf 85' lang='lat' dir='ltr'><strong>ergo</strong></span> <span class='ocrx_word' id='word_1_106' title='bbox 2161 2292 2474 2351; x_wconf 86' lang='lat' dir='ltr'><strong>mortuus</strong></span> <span class='ocrx_word' id='word_1_107' title='bbox 2522 2285 2737 2351; x_wconf 84' lang='lat' dir='ltr'><strong>tribus</strong></span> 
     </span>
     <span class='ocr_line' id='line_1_20' title="bbox 1180 2386 2726 2476; baseline 0.005 -23"><span class='ocrx_word' id='word_1_108' title='bbox 1180 2386 1369 2453; x_wconf 88' lang='lat' dir='ltr'><strong>horis</strong></span> <span class='ocrx_word' id='word_1_109' title='bbox 1410 2408 1562 2476; x_wconf 78' lang='lat' dir='ltr'><strong>quae</strong></span> <span class='ocrx_word' id='word_1_110' title='bbox 1594 2386 1940 2456; x_wconf 73' lang='lat' dir='ltr'><strong>restabant</strong></span> <span class='ocrx_word' id='word_1_111' title='bbox 1986 2388 2068 2457; x_wconf 90' lang='lat' dir='ltr'><strong>de</strong></span> <span class='ocrx_word' id='word_1_112' title='bbox 2108 2389 2217 2458; x_wconf 91' lang='lat' dir='ltr'><strong>die</strong></span> <span class='ocrx_word' id='word_1_113' title='bbox 2260 2389 2399 2468; x_wconf 89' lang='lat' dir='ltr'><strong>illa,</strong></span> <span class='ocrx_word' id='word_1_114' title='bbox 2444 2399 2510 2458; x_wconf 92' lang='lat' dir='ltr'><strong>et</strong></span> <span class='ocrx_word' id='word_1_115' title='bbox 2559 2391 2726 2460; x_wconf 89' lang='lat' dir='ltr'><strong>duo-</strong></span> 
     </span>
     <span class='ocr_line' id='line_1_21' title="bbox 1093 2494 2737 2588; baseline 0.004 -28"><span class='ocrx_word' id='word_1_116' title='bbox 1093 2584 1096 2587; x_wconf 10' lang='lat'><em>*</em></span> <span class='ocrx_word' id='word_1_117' title='bbox 1179 2494 1400 2562; x_wconf 82' lang='lat' dir='ltr'><strong>decim</strong></span> <span class='ocrx_word' id='word_1_118' title='bbox 1440 2494 1521 2562; x_wconf 90' lang='lat' dir='ltr'><strong>de</strong></span> <span class='ocrx_word' id='word_1_119' title='bbox 1553 2504 1750 2563; x_wconf 82' lang='lat' dir='ltr'><strong>nocte</strong></span> <span class='ocrx_word' id='word_1_120' title='bbox 1781 2498 2116 2588; x_wconf 73' lang='lat' dir='ltr'><strong>sequenti,</strong></span> <span class='ocrx_word' id='word_1_121' title='bbox 2150 2505 2217 2565; x_wconf 90' lang='lat' dir='ltr'><strong>et</strong></span> <span class='ocrx_word' id='word_1_122' title='bbox 2264 2498 2624 2568; x_wconf 87' lang='lat' dir='ltr'><strong>duodecim</strong></span> <span class='ocrx_word' id='word_1_123' title='bbox 2654 2499 2737 2567; x_wconf 90' lang='lat' dir='ltr'><strong>de</strong></span> 
     </span>
     <span class='ocr_line' id='line_1_22' title="bbox 1181 2601 2739 2687; baseline 0.004 -18"><span class='ocrx_word' id='word_1_124' title='bbox 1181 2603 1289 2670; x_wconf 90' lang='lat' dir='ltr'><strong>die</strong></span> <span class='ocrx_word' id='word_1_125' title='bbox 1328 2601 1617 2683; x_wconf 87' lang='lat' dir='ltr'><strong>sabbati,</strong></span> <span class='ocrx_word' id='word_1_126' title='bbox 1651 2612 1717 2673; x_wconf 91' lang='lat' dir='ltr'><strong>et</strong></span> <span class='ocrx_word' id='word_1_127' title='bbox 1755 2630 1873 2674; x_wconf 83' lang='lat' dir='ltr'><strong>sex</strong></span> <span class='ocrx_word' id='word_1_128' title='bbox 1903 2606 1986 2674; x_wconf 89' lang='lat' dir='ltr'><strong>de</strong></span> <span class='ocrx_word' id='word_1_129' title='bbox 2015 2613 2240 2687; x_wconf 88' lang='lat' dir='ltr'><strong>nocte,</strong></span> <span class='ocrx_word' id='word_1_130' title='bbox 2274 2614 2336 2676; x_wconf 90' lang='lat' dir='ltr'><strong>et</strong></span> <span class='ocrx_word' id='word_1_131' title='bbox 2367 2615 2527 2676; x_wconf 89' lang='lat' dir='ltr'><strong>sunt</strong></span> <span class='ocrx_word' id='word_1_132' title='bbox 2557 2616 2739 2676; x_wconf 90' lang='lat' dir='ltr'><strong>utro-</strong></span> 
     </span>
     <span class='ocr_line' id='line_1_23' title="bbox 1186 2710 2731 2806; baseline 0.003 -29"><span class='ocrx_word' id='word_1_133' title='bbox 1186 2710 1389 2795; x_wconf 83' lang='lat' dir='ltr'><strong>bique</strong></span> <span class='ocrx_word' id='word_1_134' title='bbox 1449 2735 1698 2781; x_wconf 78' lang='lat' dir='ltr'><strong>novem</strong></span> <span class='ocrx_word' id='word_1_135' title='bbox 1747 2721 1813 2781; x_wconf 86' lang='lat' dir='ltr'><strong>et</strong></span> <span class='ocrx_word' id='word_1_136' title='bbox 1860 2714 2102 2805; x_wconf 79' lang='lat' dir='ltr'><strong>viginti</strong></span> <span class='ocrx_word' id='word_1_137' title='bbox 2162 2724 2458 2806; x_wconf 89' lang='lat' dir='ltr'><strong>quatuor</strong></span> <span class='ocrx_word' id='word_1_138' title='bbox 2525 2715 2731 2785; x_wconf 78' lang='lat' dir='ltr'><strong>horae.</strong></span> 
     </span>
    </p>
   </div>
   <div class='ocr_carea' id='block_1_3' title="bbox 1170 3040 2742 5407">
    <p class='ocr_par' dir='ltr' id='par_1_3' title="bbox 1182 3040 2742 3673">
     <span class='ocr_line' id='line_1_24' title="bbox 1281 3040 2739 3136; baseline 0.006 -30"><span class='ocrx_word' id='word_1_139' title='bbox 1281 3067 1314 3106; x_wconf 72' lang='grc' dir='ltr'>ι</span> <span class='ocrx_word' id='word_1_140' title='bbox 1355 3040 1746 3131; x_wconf 77' lang='lat' dir='ltr'><strong>Confilebor</strong></span> <span class='ocrx_word' id='word_1_141' title='bbox 1773 3041 1901 3111; x_wconf 83' lang='lat' dir='ltr'><strong>libi</strong></span> <span class='ocrx_word' id='word_1_142' title='bbox 1938 3042 2009 3110; x_wconf 85' lang='lat' dir='ltr'><strong>in</strong></span> <span class='ocrx_word' id='word_1_143' title='bbox 2040 3045 2421 3136; x_wconf 76' lang='lat' dir='ltr'><strong>popuIiS.-»</strong></span> <span class='ocrx_word' id='word_1_144' title='bbox 2464 3045 2591 3115; x_wconf 84' lang='lat' dir='ltr'><strong>llic</strong></span> <span class='ocrx_word' id='word_1_145' title='bbox 2628 3070 2739 3115; x_wconf 84' lang='lat' dir='ltr'><strong>se-</strong></span> 
     </span>
     <span class='ocr_line' id='line_1_25' title="bbox 1187 3151 2742 3244; baseline 0.004 -26"><span class='ocrx_word' id='word_1_146' title='bbox 1187 3151 1513 3230; x_wconf 87' lang='lat' dir='ltr'><strong>cundum,</strong></span> <span class='ocrx_word' id='word_1_147' title='bbox 1560 3152 1629 3220; x_wconf 88' lang='lat' dir='ltr'><strong>in</strong></span> <span class='ocrx_word' id='word_1_148' title='bbox 1669 3175 1807 3244; x_wconf 82' lang='lat' dir='ltr'><strong>quo</strong></span> <span class='ocrx_word' id='word_1_149' title='bbox 1839 3152 2170 3243; x_wconf 91' lang='lat' dir='ltr'><strong>promittit</strong></span> <span class='ocrx_word' id='word_1_150' title='bbox 2217 3177 2290 3222; x_wconf 88' lang='lat' dir='ltr'><strong>se</strong></span> <span class='ocrx_word' id='word_1_151' title='bbox 2323 3155 2390 3222; x_wconf 89' lang='lat' dir='ltr'><strong>in</strong></span> <span class='ocrx_word' id='word_1_152' title='bbox 2427 3155 2571 3224; x_wconf 84' lang='lat' dir='ltr'><strong>suis</strong></span> <span class='ocrx_word' id='word_1_153' title='bbox 2600 3156 2742 3225; x_wconf 86' lang='lat' dir='ltr'><strong>lau-</strong></span> 
     </span>
     <span class='ocr_line' id='line_1_26' title="bbox 1184 3257 2738 3353; baseline 0.003 -28"><span class='ocrx_word' id='word_1_154' title='bbox 1184 3257 1504 3326; x_wconf 85' lang='lat' dir='ltr'><strong>daturum</strong></span> <span class='ocrx_word' id='word_1_155' title='bbox 1540 3283 1555 3328; x_wconf 74' lang='grc' dir='ltr'>ε</span> <span class='ocrx_word' id='word_1_156' title='bbox 1593 3266 1659 3326; x_wconf 86' lang='lat' dir='ltr'><strong>et</strong></span> <span class='ocrx_word' id='word_1_157' title='bbox 1686 3266 2059 3348; x_wconf 81' lang='lat' dir='ltr'><strong>tanguntur</strong></span> <span class='ocrx_word' id='word_1_158' title='bbox 2094 3259 2255 3328; x_wconf 78' lang='lat' dir='ltr'><strong>duo,</strong></span> <span class='ocrx_word' id='word_1_159' title='bbox 2293 3260 2555 3345; x_wconf 84' lang='lat' dir='ltr'><strong>Primo,</strong></span> <span class='ocrx_word' id='word_1_160' title='bbox 2594 3286 2738 3353; x_wconf 89' lang='lat' dir='ltr'><strong>pro·</strong></span> 
     </span>
     <span class='ocr_line' id='line_1_27' title="bbox 1186 3365 2732 3450; baseline 0.004 -17"><span class='ocrx_word' id='word_1_161' title='bbox 1186 3365 1393 3435; x_wconf 88' lang='lat' dir='ltr'><strong>mittit</strong></span> <span class='ocrx_word' id='word_1_162' title='bbox 1448 3390 1520 3436; x_wconf 85' lang='lat' dir='ltr'><strong>se</strong></span> <span class='ocrx_word' id='word_1_163' title='bbox 1569 3365 2004 3435; x_wconf 88' lang='lat' dir='ltr'><strong>laudaturum</strong></span> <span class='ocrx_word' id='word_1_164' title='bbox 2062 3370 2131 3436; x_wconf 87' lang='lat' dir='ltr'><strong>in</strong></span> <span class='ocrx_word' id='word_1_165' title='bbox 2170 3368 2342 3438; x_wconf 87' lang='lat' dir='ltr'><strong>aliis.</strong></span> <span class='ocrx_word' id='word_1_166' title='bbox 2391 3369 2732 3450; x_wconf 85' lang='lat' dir='ltr'><strong>Secundo,</strong></span> 
     </span>
     <span class='ocr_line' id='line_1_28' title="bbox 1182 3474 2732 3564; baseline 0.002 -22"><span class='ocrx_word' id='word_1_167' title='bbox 1182 3474 1538 3564; x_wconf 78' lang='lat' dir='ltr'><strong>subjungit</strong></span> <span class='ocrx_word' id='word_1_168' title='bbox 1615 3475 1950 3541; x_wconf 89' lang='lat' dir='ltr'><strong>rationem</strong></span> <span class='ocrx_word' id='word_1_169' title='bbox 2007 3474 2255 3556; x_wconf 87' lang='lat' dir='ltr'><strong>laudis,</strong></span> <span class='ocrx_word' id='word_1_170' title='bbox 2313 3475 2429 3559; x_wconf 89' lang='lat' dir='ltr'><strong>ibi,</strong></span> <span class='ocrx_word' id='word_1_171' title='bbox 2489 3485 2551 3553; x_wconf 59' lang='grc' dir='ltr'><strong>ὲ.</strong></span> <span class='ocrx_word' id='word_1_172' title='bbox 2615 3481 2655 3546; x_wconf 79' lang='lat'>5</span> <span class='ocrx_word' id='word_1_173' title='bbox 2718 3501 2732 3545; x_wconf 75' lang='grc' dir='ltr'><strong><em>ε</em></strong></span> 
     </span>
     <span class='ocr_line' id='line_1_29' title="bbox 1185 3583 2618 3673; baseline 0.005 -26"><span class='ocrx_word' id='word_1_174' title='bbox 1185 3608 1218 3647; x_wconf 73' lang='grc' dir='ltr'>ι</span> <span class='ocrx_word' id='word_1_175' title='bbox 1257 3583 1440 3668; x_wconf 78' lang='lat' dir='ltr'><strong>Quia</strong></span> <span class='ocrx_word' id='word_1_176' title='bbox 1479 3605 1737 3673; x_wconf 68' lang='lat' dir='ltr'><strong>nunqua</strong></span> <span class='ocrx_word' id='word_1_177' title='bbox 1766 3591 1864 3649; x_wconf 81' lang='lat' dir='ltr'><strong>est</strong></span> <span class='ocrx_word' id='word_1_178' title='bbox 1900 3583 2367 3653; x_wconf 75' lang='lat' dir='ltr'><strong>misericordia</strong></span> <span class='ocrx_word' id='word_1_179' title='bbox 2396 3596 2545 3654; x_wconf 79' lang='lat' dir='ltr'><strong>tua.</strong></span> <span class='ocrx_word' id='word_1_180' title='bbox 2586 3614 2618 3653; x_wconf 66' lang='grc' dir='ltr'><strong><em>ι</em></strong></span> 
     </span>
    </p>

    <p class='ocr_par' dir='ltr' id='par_1_4' title="bbox 1170 3687 2740 5407">
     <span class='ocr_line' id='line_1_30' title="bbox 1277 3687 2739 3785; baseline 0.005 -32"><span class='ocrx_word' id='word_1_181' title='bbox 1277 3688 1351 3756; x_wconf 90' lang='lat' dir='ltr'><strong>ln</strong></span> <span class='ocrx_word' id='word_1_182' title='bbox 1410 3688 1631 3779; x_wconf 89' lang='lat' dir='ltr'><strong>prima</strong></span> <span class='ocrx_word' id='word_1_183' title='bbox 1679 3687 1999 3756; x_wconf 87' lang='lat' dir='ltr'><strong>dicuntur</strong></span> <span class='ocrx_word' id='word_1_184' title='bbox 2048 3688 2212 3758; x_wconf 89' lang='lat' dir='ltr'><strong>duo.</strong></span> <span class='ocrx_word' id='word_1_185' title='bbox 2276 3690 2537 3774; x_wconf 81' lang='lat' dir='ltr'><strong>Primo,</strong></span> <span class='ocrx_word' id='word_1_186' title='bbox 2587 3716 2739 3785; x_wconf 89' lang='lat' dir='ltr'><strong>pro-</strong></span> 
     </span>
     <span class='ocr_line' id='line_1_31' title="bbox 1182 3794 2740 3892; baseline 0.004 -28"><span class='ocrx_word' id='word_1_187' title='bbox 1182 3796 1391 3864; x_wconf 86' lang='lat' dir='ltr'><strong>mittit</strong></span> <span class='ocrx_word' id='word_1_188' title='bbox 1418 3819 1491 3864; x_wconf 86' lang='lat' dir='ltr'><strong>se</strong></span> <span class='ocrx_word' id='word_1_189' title='bbox 1521 3794 1956 3864; x_wconf 86' lang='lat' dir='ltr'><strong>laudaturum</strong></span> <span class='ocrx_word' id='word_1_190' title='bbox 2006 3819 2148 3865; x_wconf 90' lang='lat' dir='ltr'><strong>ore.</strong></span> <span class='ocrx_word' id='word_1_191' title='bbox 2194 3796 2539 3884; x_wconf 86' lang='lat' dir='ltr'><strong>Secundo,</strong></span> <span class='ocrx_word' id='word_1_192' title='bbox 2582 3824 2740 3892; x_wconf 86' lang='lat' dir='ltr'><strong>ope-</strong></span> 
     </span>
     <span class='ocr_line' id='line_1_32' title="bbox 1182 3903 2244 3995; baseline 0 -22"><span class='ocrx_word' id='word_1_193' title='bbox 1182 3929 1279 3986; x_wconf 90' lang='lat' dir='ltr'><strong>re,</strong></span> <span class='ocrx_word' id='word_1_194' title='bbox 1315 3904 1434 3985; x_wconf 90' lang='lat' dir='ltr'><strong>ibi,</strong></span> <span class='ocrx_word' id='word_1_195' title='bbox 1474 3930 1510 3972; x_wconf 71' lang='grc' dir='ltr'>ι</span> <span class='ocrx_word' id='word_1_196' title='bbox 1549 3906 1647 3974; x_wconf 80' lang='lat' dir='ltr'><strong>Ee</strong></span> <span class='ocrx_word' id='word_1_197' title='bbox 1670 3903 1981 3995; x_wconf 80' lang='lat' dir='ltr'><strong>psallam</strong></span> <span class='ocrx_word' id='word_1_198' title='bbox 2018 3904 2170 3974; x_wconf 79' lang='lat' dir='ltr'><strong>tibi.</strong></span> <span class='ocrx_word' id='word_1_199' title='bbox 2209 3932 2244 3973; x_wconf 69' lang='grc' dir='ltr'>ι</span> 
     </span>
     <span class='ocr_line' id='line_1_33' title="bbox 1205 4011 2739 4106; baseline 0.006 -26"><span class='ocrx_word' id='word_1_200' title='bbox 1205 4075 1206 4080; x_wconf 75' lang='grc'>,</span> <span class='ocrx_word' id='word_1_201' title='bbox 1270 4013 1450 4083; x_wconf 86' lang='lat' dir='ltr'><strong>Dicit</strong></span> <span class='ocrx_word' id='word_1_202' title='bbox 1485 4036 1652 4106; x_wconf 83' lang='lat' dir='ltr'><strong>ergo</strong></span> <span class='ocrx_word' id='word_1_203' title='bbox 1698 4036 1715 4082; x_wconf 75' lang='grc' dir='ltr'><strong><em>ε</em></strong></span> <span class='ocrx_word' id='word_1_204' title='bbox 1771 4011 1886 4082; x_wconf 85' lang='lat' dir='ltr'><strong>Sic</strong></span> <span class='ocrx_word' id='word_1_205' title='bbox 1932 4023 2210 4106; x_wconf 82' lang='lat' dir='ltr'><strong>paratus</strong></span> <span class='ocrx_word' id='word_1_206' title='bbox 2265 4038 2418 4086; x_wconf 79' lang='lat' dir='ltr'><strong>sum</strong></span> <span class='ocrx_word' id='word_1_207' title='bbox 2472 4021 2543 4087; x_wconf 89' lang='lat' dir='ltr'><strong>in</strong></span> <span class='ocrx_word' id='word_1_208' title='bbox 2598 4043 2739 4089; x_wconf 87' lang='lat' dir='ltr'><strong>me·</strong></span> 
     </span>
     <span class='ocr_line' id='line_1_34' title="bbox 1177 4120 2739 4213; baseline 0.002 -23"><span class='ocrx_word' id='word_1_209' title='bbox 1177 4123 1370 4213; x_wconf 86' lang='lat' dir='ltr'><strong>ipso:</strong></span> <span class='ocrx_word' id='word_1_210' title='bbox 1408 4129 1474 4188; x_wconf 87' lang='lat' dir='ltr'><strong>ot</strong></span> <span class='ocrx_word' id='word_1_211' title='bbox 1528 4121 1763 4200; x_wconf 87' lang='lat' dir='ltr'><strong>etiam,</strong></span> <span class='ocrx_word' id='word_1_212' title='bbox 1814 4148 1846 4182; x_wconf 74' lang='grc' dir='ltr'>ι</span> <span class='ocrx_word' id='word_1_213' title='bbox 1892 4120 2263 4210; x_wconf 80' lang='lat' dir='ltr'><strong>confitebor</strong></span> <span class='ocrx_word' id='word_1_214' title='bbox 2287 4123 2442 4204; x_wconf 79' lang='lat' dir='ltr'><strong>tibi,</strong></span> <span class='ocrx_word' id='word_1_215' title='bbox 2500 4127 2739 4194; x_wconf 85' lang='lat' dir='ltr'><strong>Domi-</strong></span> 
     </span>
     <span class='ocr_line' id='line_1_35' title="bbox 1176 4225 2735 4319; baseline 0.004 -23"><span class='ocrx_word' id='word_1_216' title='bbox 1176 4253 1283 4306; x_wconf 81' lang='lat' dir='ltr'><strong>ne,</strong></span> <span class='ocrx_word' id='word_1_217' title='bbox 1330 4254 1364 4293; x_wconf 69' lang='lat' dir='ltr'>n</span> <span class='ocrx_word' id='word_1_218' title='bbox 1424 4225 1852 4297; x_wconf 76' lang='lat' dir='ltr'><strong>confessione</strong></span> <span class='ocrx_word' id='word_1_219' title='bbox 1888 4227 2163 4319; x_wconf 30' lang='lat' dir='ltr'><strong>alaudis»,</strong></span> <span class='ocrx_word' id='word_1_220' title='bbox 2223 4238 2287 4299; x_wconf 89' lang='lat' dir='ltr'><strong>et</strong></span> <span class='ocrx_word' id='word_1_221' title='bbox 2353 4230 2510 4314; x_wconf 83' lang='lat' dir='ltr'><strong>hoe,</strong></span> <span class='ocrx_word' id='word_1_222' title='bbox 2567 4263 2600 4296; x_wconf 75' lang='grc' dir='ltr'><strong>α</strong></span> <span class='ocrx_word' id='word_1_223' title='bbox 2665 4235 2735 4301; x_wconf 80' lang='lat' dir='ltr'><strong>in</strong></span> 
     </span>
     <span class='ocr_line' id='line_1_36' title="bbox 1170 4336 2738 4433; baseline 0.004 -27"><span class='ocrx_word' id='word_1_224' title='bbox 1170 4338 1482 4431; x_wconf 80' lang='lat' dir='ltr'><strong>populis,</strong></span> <span class='ocrx_word' id='word_1_225' title='bbox 1562 4363 1597 4399; x_wconf 75' lang='grc' dir='ltr'><strong>ιο</strong></span> <span class='ocrx_word' id='word_1_226' title='bbox 1660 4336 1829 4405; x_wconf 79' lang='lat' dir='ltr'><strong>mihi</strong></span> <span class='ocrx_word' id='word_1_227' title='bbox 1896 4337 2209 4407; x_wconf 82' lang='lat' dir='ltr'><strong>subditis.</strong></span> <span class='ocrx_word' id='word_1_228' title='bbox 2284 4340 2357 4410; x_wconf 79' lang='lat' dir='ltr'><strong>si</strong></span> <span class='ocrx_word' id='word_1_229' title='bbox 2434 4342 2738 4433; x_wconf 88' lang='lat' dir='ltr'><strong>loquitur</strong></span> 
     </span>
     <span class='ocr_line' id='line_1_37' title="bbox 1177 4444 2734 4540; baseline 0.003 -25"><span class='ocrx_word' id='word_1_230' title='bbox 1177 4445 1511 4522; x_wconf 81' lang='lat' dir='ltr'><strong>Christus,</strong></span> <span class='ocrx_word' id='word_1_231' title='bbox 1547 4445 1617 4512; x_wconf 90' lang='lat' dir='ltr'><strong>in</strong></span> <span class='ocrx_word' id='word_1_232' title='bbox 1646 4444 1992 4513; x_wconf 76' lang='lat' dir='ltr'><strong>conversis</strong></span> <span class='ocrx_word' id='word_1_233' title='bbox 2020 4467 2062 4513; x_wconf 88' lang='lat' dir='ltr'><strong>a</strong></span> <span class='ocrx_word' id='word_1_234' title='bbox 2091 4468 2228 4528; x_wconf 87' lang='lat' dir='ltr'><strong>me,</strong></span> <span class='ocrx_word' id='word_1_235' title='bbox 2257 4456 2323 4516; x_wconf 90' lang='lat' dir='ltr'><strong>et</strong></span> <span class='ocrx_word' id='word_1_236' title='bbox 2359 4471 2483 4540; x_wconf 89' lang='lat' dir='ltr'><strong>per</strong></span> <span class='ocrx_word' id='word_1_237' title='bbox 2510 4473 2734 4520; x_wconf 86' lang='lat' dir='ltr'><strong>meam</strong></span> 
     </span>
     <span class='ocr_line' id='line_1_38' title="bbox 1178 4550 2738 4643; baseline 0.004 -22"><span class='ocrx_word' id='word_1_238' title='bbox 1178 4554 1586 4632; x_wconf 82' lang='lat' dir='ltr'><strong>doctrinam,</strong></span> <span class='ocrx_word' id='word_1_239' title='bbox 1641 4560 1706 4620; x_wconf 90' lang='lat' dir='ltr'><strong>et</strong></span> <span class='ocrx_word' id='word_1_240' title='bbox 1745 4574 1868 4643; x_wconf 87' lang='lat' dir='ltr'><strong>per</strong></span> <span class='ocrx_word' id='word_1_241' title='bbox 1904 4550 2156 4622; x_wconf 86' lang='lat' dir='ltr'><strong>bonam</strong></span> <span class='ocrx_word' id='word_1_242' title='bbox 2197 4554 2434 4624; x_wconf 78' lang='lat' dir='ltr'><strong>vitam.</strong></span> <span class='ocrx_word' id='word_1_243' title='bbox 2471 4555 2589 4626; x_wconf 87' lang='lat' dir='ltr'><strong>Sic</strong></span> <span class='ocrx_word' id='word_1_244' title='bbox 2629 4558 2738 4627; x_wconf 92' lang='lat' dir='ltr'><strong>lo-</strong></span> 
     </span>
     <span class='ocr_line' id='line_1_39' title="bbox 1178 4662 2731 4755; baseline 0.005 -25"><span class='ocrx_word' id='word_1_245' title='bbox 1178 4665 1413 4755; x_wconf 83' lang='lat' dir='ltr'><strong>quitur</strong></span> <span class='ocrx_word' id='word_1_246' title='bbox 1457 4662 1712 4750; x_wconf 68' lang='lat' dir='ltr'><strong>justus»,</strong></span> <span class='ocrx_word' id='word_1_247' title='bbox 1753 4684 1986 4754; x_wconf 87' lang='lat' dir='ltr'><strong>supra,</strong></span> <span class='ocrx_word' id='word_1_248' title='bbox 2045 4663 2113 4732; x_wconf 88' lang='lat' dir='ltr'><strong>in</strong></span> <span class='ocrx_word' id='word_1_249' title='bbox 2147 4662 2329 4733; x_wconf 81' lang='lat' dir='ltr'><strong>Psal.</strong></span> <span class='ocrx_word' id='word_1_250' title='bbox 2384 4688 2553 4751; x_wconf 77' lang='lat' dir='ltr'><strong>xvu,</strong></span> <span class='ocrx_word' id='word_1_251' title='bbox 2593 4670 2679 4736; x_wconf 81' lang='lat'><strong>50</strong></span> <span class='ocrx_word' id='word_1_252' title='bbox 2712 4689 2731 4738; x_wconf 75' lang='lat' dir='ltr'><strong>t</strong></span> 
     </span>
     <span class='ocr_line' id='line_1_40' title="bbox 1181 4766 2733 4859; baseline 0.002 -19"><span class='ocrx_word' id='word_1_253' title='bbox 1181 4767 1576 4858; x_wconf 74' lang='lat' dir='ltr'><strong>confitebor</strong></span> <span class='ocrx_word' id='word_1_254' title='bbox 1611 4766 1742 4835; x_wconf 80' lang='lat' dir='ltr'><strong>tibi</strong></span> <span class='ocrx_word' id='word_1_255' title='bbox 1788 4770 1859 4836; x_wconf 79' lang='lat' dir='ltr'><strong>in</strong></span> <span class='ocrx_word' id='word_1_256' title='bbox 1905 4770 2327 4841; x_wconf 80' lang='lat' dir='ltr'><strong>notionibus.</strong></span> <span class='ocrx_word' id='word_1_257' title='bbox 2374 4771 2503 4843; x_wconf 80' lang='lat' dir='ltr'><strong>lsa.</strong></span> <span class='ocrx_word' id='word_1_258' title='bbox 2550 4797 2733 4859; x_wconf 79' lang='lat' dir='ltr'><strong>xux,</strong></span> 
     </span>
     <span class='ocr_line' id='line_1_41' title="bbox 1178 4873 2730 4969; baseline 0.003 -23"><span class='ocrx_word' id='word_1_259' title='bbox 1178 4880 1265 4946; x_wconf 83' lang='lat'><strong>22</strong></span> <span class='ocrx_word' id='word_1_260' title='bbox 1297 4899 1315 4945; x_wconf 77' lang='lat' dir='ltr'><strong>t</strong></span> <span class='ocrx_word' id='word_1_261' title='bbox 1351 4875 1467 4945; x_wconf 81' lang='lat' dir='ltr'><strong>Ad</strong></span> <span class='ocrx_word' id='word_1_262' title='bbox 1483 4873 1784 4968; x_wconf 82' lang='lat' dir='ltr'><strong>populos</strong></span> <span class='ocrx_word' id='word_1_263' title='bbox 1817 4875 2141 4946; x_wconf 66' lang='lat' dir='ltr'><strong>exaltabo</strong></span> <span class='ocrx_word' id='word_1_264' title='bbox 2167 4880 2446 4969; x_wconf 75' lang='lat' dir='ltr'><strong>siqnum</strong></span> <span class='ocrx_word' id='word_1_265' title='bbox 2477 4904 2730 4959; x_wconf 79' lang='lat' dir='ltr'><strong>meum,</strong></span> 
     </span>
     <span class='ocr_line' id='line_1_42' title="bbox 1179 4981 2736 5059; baseline 0.001 -5"><span class='ocrx_word' id='word_1_266' title='bbox 1179 4994 1257 5054; x_wconf 88' lang='lat' dir='ltr'><strong>ut</strong></span> <span class='ocrx_word' id='word_1_267' title='bbox 1283 4983 1369 5053; x_wconf 87' lang='lat' dir='ltr'><strong>ad</strong></span> <span class='ocrx_word' id='word_1_268' title='bbox 1415 4982 1688 5051; x_wconf 87' lang='lat' dir='ltr'><strong>laudem</strong></span> <span class='ocrx_word' id='word_1_269' title='bbox 1738 4981 1861 5051; x_wconf 80' lang='lat' dir='ltr'><strong>Dei</strong></span> <span class='ocrx_word' id='word_1_270' title='bbox 1902 4994 2296 5056; x_wconf 81' lang='lat' dir='ltr'><strong>convertam</strong></span> <span class='ocrx_word' id='word_1_271' title='bbox 2340 4987 2517 5058; x_wconf 87' lang='lat' dir='ltr'><strong>illos.</strong></span> <span class='ocrx_word' id='word_1_272' title='bbox 2565 5015 2598 5056; x_wconf 71' lang='grc' dir='ltr'><strong>α</strong></span> <span class='ocrx_word' id='word_1_273' title='bbox 2642 4992 2736 5059; x_wconf 79' lang='grc' dir='ltr'><strong>ΕΙ</strong></span> 
     </span>
     <span class='ocr_line' id='line_1_43' title="bbox 1174 5093 2734 5184; baseline 0.005 -26"><span class='ocrx_word' id='word_1_274' title='bbox 1174 5093 1512 5184; x_wconf 80' lang='lat' dir='ltr'><strong>psallam,</strong></span> <span class='ocrx_word' id='word_1_275' title='bbox 1551 5116 1586 5157; x_wconf 70' lang='grc' dir='ltr'>ι</span> <span class='ocrx_word' id='word_1_276' title='bbox 1637 5113 1869 5181; x_wconf 87' lang='lat' dir='ltr'><strong>opere,</strong></span> <span class='ocrx_word' id='word_1_277' title='bbox 1905 5120 1939 5156; x_wconf 77' lang='grc' dir='ltr'><strong>α</strong></span> <span class='ocrx_word' id='word_1_278' title='bbox 1989 5093 2063 5161; x_wconf 81' lang='lat' dir='ltr'><strong>in</strong></span> <span class='ocrx_word' id='word_1_279' title='bbox 2092 5095 2516 5177; x_wconf 65' lang='lat' dir='ltr'><strong>tentionibus,</strong></span> <span class='ocrx_word' id='word_1_280' title='bbox 2577 5128 2610 5160; x_wconf 86' lang='lat'>»</span> <span class='ocrx_word' id='word_1_281' title='bbox 2651 5100 2734 5167; x_wconf 91' lang='lat' dir='ltr'><strong>ad</strong></span> 
     </span>
     <span class='ocr_line' id='line_1_44' title="bbox 1182 5198 2729 5291; baseline 0.005 -22"><span class='ocrx_word' id='word_1_282' title='bbox 1182 5202 1516 5270; x_wconf 84' lang='lat' dir='ltr'><strong>honorem</strong></span> <span class='ocrx_word' id='word_1_283' title='bbox 1546 5208 1769 5276; x_wconf 88' lang='lat' dir='ltr'><strong>tuum,</strong></span> <span class='ocrx_word' id='word_1_284' title='bbox 1804 5207 1870 5267; x_wconf 88' lang='lat' dir='ltr'><strong>et</strong></span> <span class='ocrx_word' id='word_1_285' title='bbox 1915 5198 2231 5291; x_wconf 82' lang='lat' dir='ltr'><strong>gloriam.</strong></span> <span class='ocrx_word' id='word_1_286' title='bbox 2277 5206 2429 5274; x_wconf 88' lang='lat' dir='ltr'><strong>Act.</strong></span> <span class='ocrx_word' id='word_1_287' title='bbox 2485 5229 2556 5290; x_wconf 86' lang='lat' dir='ltr'><strong>x,</strong></span> <span class='ocrx_word' id='word_1_288' title='bbox 2592 5207 2677 5276; x_wconf 70' lang='lat'><strong>45</strong></span> <span class='ocrx_word' id='word_1_289' title='bbox 2712 5230 2729 5276; x_wconf 68' lang='grc' dir='ltr'><em>τ</em></span> 
     </span>
     <span class='ocr_line' id='line_1_45' title="bbox 1184 5309 2736 5407; baseline 0.003 -29"><span class='ocrx_word' id='word_1_290' title='bbox 1184 5310 1818 5402; x_wconf 79' lang='lat' dir='ltr'><strong>Obstupuerunt...,</strong></span> <span class='ocrx_word' id='word_1_291' title='bbox 1842 5309 2011 5399; x_wconf 84' lang='lat' dir='ltr'><strong>quia</strong></span> <span class='ocrx_word' id='word_1_292' title='bbox 2041 5319 2105 5377; x_wconf 77' lang='lat' dir='ltr'><strong>et</strong></span> <span class='ocrx_word' id='word_1_293' title='bbox 2131 5311 2201 5378; x_wconf 80' lang='lat' dir='ltr'><strong>in</strong></span> <span class='ocrx_word' id='word_1_294' title='bbox 2231 5314 2541 5382; x_wconf 66' lang='lat' dir='ltr'><strong>notiones</strong></span> <span class='ocrx_word' id='word_1_295' title='bbox 2563 5339 2736 5407; x_wconf 75' lang='lat' dir='ltr'><strong>qro-</strong></span> 
     </span>
    </p>
   </div>
   <div class='ocr_carea' id='block_1_4' title="bbox 1066 5414 2270 5510">
    <p class='ocr_par' dir='ltr' id='par_1_5' title="bbox 1066 5414 2270 5510">
     <span class='ocr_line' id='line_1_46' title="bbox 1066 5414 2270 5510; baseline 0.002 -26"><span class='ocrx_word' id='word_1_296' title='bbox 1066 5438 1076 5447; x_wconf 89' lang='lat'><strong>·</strong></span> <span class='ocrx_word' id='word_1_297' title='bbox 1182 5418 1282 5484; x_wconf 80' lang='lat' dir='ltr'><strong>lia</strong></span> <span class='ocrx_word' id='word_1_298' title='bbox 1312 5417 1623 5510; x_wconf 75' lang='lat' dir='ltr'><strong>Spiritus</strong></span> <span class='ocrx_word' id='word_1_299' title='bbox 1648 5414 1872 5484; x_wconf 69' lang='lat' dir='ltr'><strong>saucii</strong></span> <span class='ocrx_word' id='word_1_300' title='bbox 1896 5416 2120 5507; x_wconf 78' lang='lat' dir='ltr'><strong>effusa</strong></span> <span class='ocrx_word' id='word_1_301' title='bbox 2148 5428 2270 5486; x_wconf 80' lang='lat' dir='ltr'><strong>est.</strong></span> 
     </span>
    </p>
   </div>
   <div class='ocr_carea' id='block_1_5' title="bbox 1182 5522 2729 5724">
    <p class='ocr_par' dir='ltr' id='par_1_6' title="bbox 1182 5522 2729 5724">
     <span class='ocr_line' id='line_1_47' title="bbox 1291 5522 2729 5616; baseline 0.005 -24"><span class='ocrx_word' id='word_1_302' title='bbox 1291 5522 1423 5593; x_wconf 75' lang='lat' dir='ltr'><strong>Vel</strong></span> <span class='ocrx_word' id='word_1_303' title='bbox 1453 5525 1551 5594; x_wconf 84' lang='lat' dir='ltr'><strong>sic</strong></span> <span class='ocrx_word' id='word_1_304' title='bbox 1577 5532 1810 5616; x_wconf 55' lang='lat' dir='ltr'><strong>potest,</strong></span> <span class='ocrx_word' id='word_1_305' title='bbox 1841 5522 1975 5615; x_wconf 84' lang='lat' dir='ltr'><strong>legi</strong></span> <span class='ocrx_word' id='word_1_306' title='bbox 2020 5547 2037 5590; x_wconf 73' lang='lat' dir='ltr'><em>z</em></span> <span class='ocrx_word' id='word_1_307' title='bbox 2076 5553 2108 5588; x_wconf 86' lang='lat'>«</span> <span class='ocrx_word' id='word_1_308' title='bbox 2147 5525 2538 5616; x_wconf 76' lang='lat' dir='ltr'><strong>confitebor</strong></span> <span class='ocrx_word' id='word_1_309' title='bbox 2577 5529 2729 5611; x_wconf 77' lang='lat' dir='ltr'><strong>tibi,</strong></span> 
     </span>
     <span class='ocr_line' id='line_1_48' title="bbox 1182 5629 2729 5724; baseline 0.001 -19"><span class='ocrx_word' id='word_1_310' title='bbox 1182 5660 1224 5705; x_wconf 94' lang='lat' dir='ltr'><strong>o</strong></span> <span class='ocrx_word' id='word_1_311' title='bbox 1261 5633 1576 5711; x_wconf 79' lang='lat' dir='ltr'><strong>Domine,</strong></span> <span class='ocrx_word' id='word_1_312' title='bbox 1612 5633 1682 5699; x_wconf 84' lang='lat' dir='ltr'><strong>in</strong></span> <span class='ocrx_word' id='word_1_313' title='bbox 1703 5629 2014 5724; x_wconf 73' lang='lat' dir='ltr'><strong>populiS,</strong></span> <span class='ocrx_word' id='word_1_314' title='bbox 2059 5658 2094 5699; x_wconf 70' lang='grc' dir='ltr'>ι</span> <span class='ocrx_word' id='word_1_315' title='bbox 2154 5632 2285 5703; x_wconf 89' lang='lat' dir='ltr'><strong>boc</strong></span> <span class='ocrx_word' id='word_1_316' title='bbox 2330 5642 2457 5714; x_wconf 88' lang='lat' dir='ltr'><strong>est,</strong></span> <span class='ocrx_word' id='word_1_317' title='bbox 2499 5659 2729 5707; x_wconf 86' lang='lat' dir='ltr'><strong>coram</strong></span> 
     </span>
    </p>
   </div>
   <div class='ocr_carea' id='block_1_6' title="bbox 4279 295 4402 361">
    <p class='ocr_par' dir='ltr' id='par_1_7' title="bbox 4279 295 4402 361">
     <span class='ocr_line' id='line_1_49' title="bbox 4279 295 4402 361; baseline 0.024 -3"><span class='ocrx_word' id='word_1_318' title='bbox 4279 295 4402 361; x_wconf 79' lang='lat'><strong>135</strong></span> 
     </span>
    </p>
   </div>
   <div class='ocr_carea' id='block_1_7' title="bbox 2840 455 4401 2267">
    <p class='ocr_par' dir='ltr' id='par_1_8' title="bbox 2840 455 4401 2267">
     <span class='ocr_line' id='line_1_50' title="bbox 2848 455 4397 552; baseline 0.004 -32"><span class='ocrx_word' id='word_1_319' title='bbox 2848 455 3146 544; x_wconf 81' lang='lat' dir='ltr'><strong>populiS,</strong></span> <span class='ocrx_word' id='word_1_320' title='bbox 3200 468 3265 524; x_wconf 88' lang='lat' dir='ltr'><strong>et</strong></span> <span class='ocrx_word' id='word_1_321' title='bbox 3335 460 3401 523; x_wconf 87' lang='lat' dir='ltr'><strong>in</strong></span> <span class='ocrx_word' id='word_1_322' title='bbox 3442 468 3677 549; x_wconf 88' lang='lat' dir='ltr'><strong>aperto</strong></span> <span class='ocrx_word' id='word_1_323' title='bbox 3724 483 3738 527; x_wconf 92' lang='lat'>:</span> <span class='ocrx_word' id='word_1_324' title='bbox 3790 486 3822 526; x_wconf 75' lang='grc' dir='ltr'>α</span> <span class='ocrx_word' id='word_1_325' title='bbox 3870 473 3935 529; x_wconf 83' lang='lat' dir='ltr'><strong>el</strong></span> <span class='ocrx_word' id='word_1_326' title='bbox 3975 464 4309 552; x_wconf 83' lang='lat' dir='ltr'><strong>psallam,</strong></span> <span class='ocrx_word' id='word_1_327' title='bbox 4365 487 4397 526; x_wconf 67' lang='lat' dir='ltr'>n</span> 
     </span>
     <span class='ocr_line' id='line_1_51' title="bbox 2846 561 4399 655; baseline 0.005 -29"><span class='ocrx_word' id='word_1_328' title='bbox 2846 561 3026 655; x_wconf 85' lang='lat' dir='ltr'><strong>bona</strong></span> <span class='ocrx_word' id='word_1_329' title='bbox 3069 563 3338 644; x_wconf 79' lang='lat' dir='ltr'><strong>faciam,</strong></span> <span class='ocrx_word' id='word_1_330' title='bbox 3396 591 3430 631; x_wconf 86' lang='lat'>«</span> <span class='ocrx_word' id='word_1_331' title='bbox 3476 568 3547 634; x_wconf 77' lang='lat' dir='ltr'><strong>in</strong></span> <span class='ocrx_word' id='word_1_332' title='bbox 3608 568 4030 647; x_wconf 75' lang='lat' dir='ltr'><strong>nationibuS,</strong></span> <span class='ocrx_word' id='word_1_333' title='bbox 4079 596 4112 632; x_wconf 91' lang='lat'>»</span> <span class='ocrx_word' id='word_1_334' title='bbox 4173 592 4399 636; x_wconf 89' lang='lat' dir='ltr'><strong>coram</strong></span> 
     </span>
     <span class='ocr_line' id='line_1_52' title="bbox 2844 669 4401 751; baseline 0.006 -19"><span class='ocrx_word' id='word_1_335' title='bbox 2844 669 3259 739; x_wconf 87' lang='lat' dir='ltr'><strong>nationibus.</strong></span> <span class='ocrx_word' id='word_1_336' title='bbox 3326 672 3536 751; x_wconf 84' lang='lat' dir='ltr'><strong>Quasi</strong></span> <span class='ocrx_word' id='word_1_337' title='bbox 3598 675 3851 744; x_wconf 84' lang='lat' dir='ltr'><strong>diceret</strong></span> <span class='ocrx_word' id='word_1_338' title='bbox 3903 700 3918 743; x_wconf 89' lang='lat'>:</span> <span class='ocrx_word' id='word_1_339' title='bbox 3974 676 4217 745; x_wconf 88' lang='lat' dir='ltr'><strong>Coram</strong></span> <span class='ocrx_word' id='word_1_340' title='bbox 4272 675 4401 741; x_wconf 84' lang='lat' dir='ltr'><strong>Ju-</strong></span> 
     </span>
     <span class='ocr_line' id='line_1_53' title="bbox 2847 778 4392 864; baseline 0.005 -20"><span class='ocrx_word' id='word_1_341' title='bbox 2847 778 3031 856; x_wconf 67' lang='lat' dir='ltr'><strong>danis,</strong></span> <span class='ocrx_word' id='word_1_342' title='bbox 3097 789 3161 846; x_wconf 84' lang='lat' dir='ltr'><strong>et</strong></span> <span class='ocrx_word' id='word_1_343' title='bbox 3202 780 3585 849; x_wconf 86' lang='lat' dir='ltr'><strong>Gentilibus</strong></span> <span class='ocrx_word' id='word_1_344' title='bbox 3636 784 4016 852; x_wconf 79' lang='lat' dir='ltr'><strong>confitebor</strong></span> <span class='ocrx_word' id='word_1_345' title='bbox 4071 786 4191 850; x_wconf 88' lang='lat' dir='ltr'><strong>tibi</strong></span> <span class='ocrx_word' id='word_1_346' title='bbox 4251 807 4392 864; x_wconf 91' lang='lat' dir='ltr'><strong>ore,</strong></span> 
     </span>
     <span class='ocr_line' id='line_1_54' title="bbox 2845 888 4398 978; baseline 0.001 -23"><span class='ocrx_word' id='word_1_347' title='bbox 2845 896 2911 955; x_wconf 88' lang='lat' dir='ltr'><strong>et</strong></span> <span class='ocrx_word' id='word_1_348' title='bbox 2952 911 3176 978; x_wconf 82' lang='lat' dir='ltr'><strong>opere.</strong></span> <span class='ocrx_word' id='word_1_349' title='bbox 3244 888 3375 955; x_wconf 85' lang='lat' dir='ltr'><strong>Isa.</strong></span> <span class='ocrx_word' id='word_1_350' title='bbox 3441 913 3551 968; x_wconf 72' lang='grc' dir='ltr'><strong>ιιι,</strong></span> <span class='ocrx_word' id='word_1_351' title='bbox 3603 893 3683 959; x_wconf 77' lang='grc'><strong>15</strong></span> <span class='ocrx_word' id='word_1_352' title='bbox 3728 915 3742 958; x_wconf 90' lang='lat'><strong>:</strong></span> <span class='ocrx_word' id='word_1_353' title='bbox 3793 891 4059 977; x_wconf 79' lang='lat' dir='ltr'><strong>Quibus</strong></span> <span class='ocrx_word' id='word_1_354' title='bbox 4112 915 4246 958; x_wconf 81' lang='lat' dir='ltr'><strong>non</strong></span> <span class='ocrx_word' id='word_1_355' title='bbox 4302 900 4398 958; x_wconf 78' lang='lat' dir='ltr'><strong>est</strong></span> 
     </span>
     <span class='ocr_line' id='line_1_55' title="bbox 2842 995 4397 1087; baseline 0.001 -26"><span class='ocrx_word' id='word_1_356' title='bbox 2842 1005 3209 1062; x_wconf 79' lang='lat' dir='ltr'><strong>narratum</strong></span> <span class='ocrx_word' id='word_1_357' title='bbox 3241 995 3325 1061; x_wconf 77' lang='lat' dir='ltr'><strong>cle</strong></span> <span class='ocrx_word' id='word_1_358' title='bbox 3355 1018 3428 1062; x_wconf 85' lang='lat' dir='ltr'><strong>eo</strong></span> <span class='ocrx_word' id='word_1_359' title='bbox 3471 996 3816 1076; x_wconf 80' lang='lat' dir='ltr'><strong>viderunt,</strong></span> <span class='ocrx_word' id='word_1_360' title='bbox 3869 999 4213 1087; x_wconf 85' lang='lat' dir='ltr'><strong>justorum</strong></span> <span class='ocrx_word' id='word_1_361' title='bbox 4263 996 4397 1064; x_wconf 90' lang='lat' dir='ltr'><strong>bo-</strong></span> 
     </span>
     <span class='ocr_line' id='line_1_56' title="bbox 2844 1101 4398 1190; baseline 0.003 -25"><span class='ocrx_word' id='word_1_362' title='bbox 2844 1122 3002 1166; x_wconf 87' lang='lat' dir='ltr'><strong>nam</strong></span> <span class='ocrx_word' id='word_1_363' title='bbox 3046 1101 3258 1165; x_wconf 86' lang='lat' dir='ltr'><strong>vitam</strong></span> <span class='ocrx_word' id='word_1_364' title='bbox 3296 1110 3411 1167; x_wconf 85' lang='lat' dir='ltr'><strong>:et</strong></span> <span class='ocrx_word' id='word_1_365' title='bbox 3459 1103 3582 1190; x_wconf 87' lang='lat' dir='ltr'><strong>qui</strong></span> <span class='ocrx_word' id='word_1_366' title='bbox 3638 1124 3774 1169; x_wconf 80' lang='lat' dir='ltr'><strong>non</strong></span> <span class='ocrx_word' id='word_1_367' title='bbox 3823 1102 4217 1183; x_wconf 82' lang='lat' dir='ltr'><strong>audierunt,</strong></span> <span class='ocrx_word' id='word_1_368' title='bbox 4278 1124 4398 1190; x_wconf 86' lang='lat' dir='ltr'><strong>per</strong></span> 
     </span>
     <span class='ocr_line' id='line_1_57' title="bbox 2841 1205 4396 1299; baseline 0.002 -27"><span class='ocrx_word' id='word_1_369' title='bbox 2841 1205 3421 1295; x_wconf 68' lang='lat' dir='ltr'><strong>praedicationem,</strong></span> <span class='ocrx_word' id='word_1_370' title='bbox 3500 1208 3950 1299; x_wconf 81' lang='lat' dir='ltr'><strong>contemplati</strong></span> <span class='ocrx_word' id='word_1_371' title='bbox 4005 1217 4190 1289; x_wconf 82' lang='lat' dir='ltr'><strong>sunt,</strong></span> <span class='ocrx_word' id='word_1_372' title='bbox 4260 1210 4396 1275; x_wconf 86' lang='lat' dir='ltr'><strong>mi-</strong></span> 
     </span>
     <span class='ocr_line' id='line_1_58' title="bbox 2844 1314 4389 1404; baseline 0.003 -25"><span class='ocrx_word' id='word_1_373' title='bbox 2844 1336 2988 1380; x_wconf 90' lang='lat' dir='ltr'><strong>ram</strong></span> <span class='ocrx_word' id='word_1_374' title='bbox 3038 1322 3427 1381; x_wconf 84' lang='lat' dir='ltr'><strong>sanctorum</strong></span> <span class='ocrx_word' id='word_1_375' title='bbox 3477 1318 3970 1404; x_wconf 84' lang='lat' dir='ltr'><strong>operationem.</strong></span> <span class='ocrx_word' id='word_1_376' title='bbox 4023 1314 4262 1383; x_wconf 89' lang='lat' dir='ltr'><strong>Matth.</strong></span> <span class='ocrx_word' id='word_1_377' title='bbox 4320 1339 4389 1396; x_wconf 87' lang='lat' dir='ltr'><strong>v,</strong></span> 
     </span>
     <span class='ocr_line' id='line_1_59' title="bbox 2848 1422 4393 1492; baseline 0.001 -4"><span class='ocrx_word' id='word_1_378' title='bbox 2848 1422 2925 1488; x_wconf 81' lang='lat'><strong>16</strong></span> <span class='ocrx_word' id='word_1_379' title='bbox 2962 1445 2975 1489; x_wconf 90' lang='lat'>:</span> <span class='ocrx_word' id='word_1_380' title='bbox 3014 1423 3130 1490; x_wconf 89' lang='lat' dir='ltr'><strong>Sic</strong></span> <span class='ocrx_word' id='word_1_381' title='bbox 3162 1422 3387 1490; x_wconf 77' lang='lat' dir='ltr'><strong>luceat</strong></span> <span class='ocrx_word' id='word_1_382' title='bbox 3419 1423 3547 1490; x_wconf 75' lang='lat' dir='ltr'><strong>lux</strong></span> <span class='ocrx_word' id='word_1_383' title='bbox 3574 1434 3796 1491; x_wconf 80' lang='lat' dir='ltr'><strong>vestra</strong></span> <span class='ocrx_word' id='word_1_384' title='bbox 3834 1446 4067 1492; x_wconf 87' lang='lat' dir='ltr'><strong>coram</strong></span> <span class='ocrx_word' id='word_1_385' title='bbox 4104 1424 4393 1491; x_wconf 77' lang='lat' dir='ltr'><strong>homiui-</strong></span> 
     </span>
     <span class='ocr_line' id='line_1_60' title="bbox 2844 1531 4383 1624; baseline 0.001 -27"><span class='ocrx_word' id='word_1_386' title='bbox 2844 1531 2990 1609; x_wconf 76' lang='lat' dir='ltr'><strong>bus,</strong></span> <span class='ocrx_word' id='word_1_387' title='bbox 3072 1541 3148 1598; x_wconf 86' lang='lat' dir='ltr'><strong>ul</strong></span> <span class='ocrx_word' id='word_1_388' title='bbox 3180 1532 3457 1598; x_wconf 76' lang='lat' dir='ltr'><strong>rideant</strong></span> <span class='ocrx_word' id='word_1_389' title='bbox 3485 1557 3691 1624; x_wconf 79' lang='lat' dir='ltr'><strong>opera</strong></span> <span class='ocrx_word' id='word_1_390' title='bbox 3723 1543 3946 1603; x_wconf 77' lang='lat' dir='ltr'><strong>vestra</strong></span> <span class='ocrx_word' id='word_1_391' title='bbox 3978 1533 4175 1601; x_wconf 81' lang='lat' dir='ltr'><strong>bona.</strong></span> <span class='ocrx_word' id='word_1_392' title='bbox 4216 1532 4383 1600; x_wconf 86' lang='lat' dir='ltr'><strong>Tob.</strong></span> 
     </span>
     <span class='ocr_line' id='line_1_61' title="bbox 2840 1640 4390 1722; baseline 0.001 -17"><span class='ocrx_word' id='word_1_393' title='bbox 2840 1662 2958 1716; x_wconf 73' lang='lat' dir='ltr'><strong>xii,</strong></span> <span class='ocrx_word' id='word_1_394' title='bbox 2995 1640 3035 1702; x_wconf 82' lang='lat' dir='ltr'><strong>t&#39;»</strong></span> <span class='ocrx_word' id='word_1_395' title='bbox 3086 1663 3101 1706; x_wconf 77' lang='grc' dir='ltr'><em>τ</em></span> <span class='ocrx_word' id='word_1_396' title='bbox 3157 1640 3544 1707; x_wconf 73' lang='grc' dir='ltr'><strong>ΙΙωιοιΙὶεἰίε</strong></span> <span class='ocrx_word' id='word_1_397' title='bbox 3580 1644 3803 1709; x_wconf 84' lang='lat' dir='ltr'><strong>Deum</strong></span> <span class='ocrx_word' id='word_1_398' title='bbox 3853 1642 4028 1722; x_wconf 88' lang='lat' dir='ltr'><strong>coeli,</strong></span> <span class='ocrx_word' id='word_1_399' title='bbox 4063 1652 4125 1708; x_wconf 82' lang='lat' dir='ltr'><strong>et</strong></span> <span class='ocrx_word' id='word_1_400' title='bbox 4161 1663 4390 1709; x_wconf 88' lang='lat' dir='ltr'><strong>coram</strong></span> 
     </span>
     <span class='ocr_line' id='line_1_62' title="bbox 2841 1744 4386 1836; baseline 0.002 -24"><span class='ocrx_word' id='word_1_401' title='bbox 2841 1744 3157 1812; x_wconf 75' lang='lat' dir='ltr'><strong>omnibus</strong></span> <span class='ocrx_word' id='word_1_402' title='bbox 3188 1747 3567 1814; x_wconf 76' lang='lat' dir='ltr'><strong>viventibus</strong></span> <span class='ocrx_word' id='word_1_403' title='bbox 3604 1750 4027 1836; x_wconf 81' lang='lat' dir='ltr'><strong>confitemini</strong></span> <span class='ocrx_word' id='word_1_404' title='bbox 4055 1751 4138 1815; x_wconf 83' lang='lat' dir='ltr'><strong>ei.</strong></span> <span class='ocrx_word' id='word_1_405' title='bbox 4191 1747 4386 1827; x_wconf 85' lang='lat' dir='ltr'><strong>Item,</strong></span> 
     </span>
     <span class='ocr_line' id='line_1_63' title="bbox 2844 1852 4385 1939; baseline 0.003 -20"><span class='ocrx_word' id='word_1_406' title='bbox 2844 1854 2910 1920; x_wconf 88' lang='lat' dir='ltr'><strong>iu</strong></span> <span class='ocrx_word' id='word_1_407' title='bbox 2981 1852 3242 1920; x_wconf 68' lang='lat' dir='ltr'><strong>,luda-is</strong></span> <span class='ocrx_word' id='word_1_408' title='bbox 3318 1854 3627 1923; x_wconf 85' lang='lat' dir='ltr'><strong>Christus</strong></span> <span class='ocrx_word' id='word_1_409' title='bbox 3707 1857 3933 1924; x_wconf 82' lang='lat' dir='ltr'><strong>verbis</strong></span> <span class='ocrx_word' id='word_1_410' title='bbox 4008 1857 4385 1939; x_wconf 83' lang='lat' dir='ltr'><strong>confitetur,</strong></span> 
     </span>
     <span class='ocr_line' id='line_1_64' title="bbox 2841 1959 4387 2053; baseline 0.003 -27"><span class='ocrx_word' id='word_1_411' title='bbox 2841 1963 3001 2051; x_wconf 88' lang='lat' dir='ltr'><strong>quia</strong></span> <span class='ocrx_word' id='word_1_412' title='bbox 3057 1959 3310 2029; x_wconf 88' lang='lat' dir='ltr'><strong>habent</strong></span> <span class='ocrx_word' id='word_1_413' title='bbox 3350 1962 3519 2053; x_wconf 78' lang='lat' dir='ltr'><strong>legis</strong></span> <span class='ocrx_word' id='word_1_414' title='bbox 3565 1962 3800 2045; x_wconf 78' lang='lat' dir='ltr'><strong>verba,</strong></span> <span class='ocrx_word' id='word_1_415' title='bbox 3855 1987 4007 2053; x_wconf 67' lang='lat' dir='ltr'><strong>quae</strong></span> <span class='ocrx_word' id='word_1_416' title='bbox 4047 1963 4387 2031; x_wconf 86' lang='lat' dir='ltr'><strong>Christum</strong></span> 
     </span>
     <span class='ocr_line' id='line_1_65' title="bbox 2840 2070 4389 2163; baseline 0.001 -27"><span class='ocrx_word' id='word_1_417' title='bbox 2840 2078 3085 2137; x_wconf 90' lang='lat' dir='ltr'><strong>sonant</strong></span> <span class='ocrx_word' id='word_1_418' title='bbox 3120 2070 3287 2137; x_wconf 89' lang='lat' dir='ltr'><strong>:sed</strong></span> <span class='ocrx_word' id='word_1_419' title='bbox 3334 2073 3404 2137; x_wconf 89' lang='lat' dir='ltr'><strong>in</strong></span> <span class='ocrx_word' id='word_1_420' title='bbox 3450 2070 3782 2139; x_wconf 88' lang='lat' dir='ltr'><strong>Gentibus</strong></span> <span class='ocrx_word' id='word_1_421' title='bbox 3840 2071 4169 2163; x_wconf 84' lang='lat' dir='ltr'><strong>psallitur,</strong></span> <span class='ocrx_word' id='word_1_422' title='bbox 4232 2073 4389 2162; x_wconf 88' lang='lat' dir='ltr'><strong>quia</strong></span> 
     </span>
     <span class='ocr_line' id='line_1_66' title="bbox 2840 2175 3740 2267; baseline 0.003 -25"><span class='ocrx_word' id='word_1_423' title='bbox 2840 2175 3038 2244; x_wconf 82' lang='lat' dir='ltr'><strong>bonis</strong></span> <span class='ocrx_word' id='word_1_424' title='bbox 3070 2178 3388 2266; x_wconf 78' lang='lat' dir='ltr'><strong>operibus</strong></span> <span class='ocrx_word' id='word_1_425' title='bbox 3422 2177 3740 2267; x_wconf 89' lang='lat' dir='ltr'><strong>repletur.</strong></span> 
     </span>
    </p>
   </div>
   <div class='ocr_carea' id='block_1_8' title="bbox 2843 2501 4398 3132">
    <p class='ocr_par' dir='ltr' id='par_1_9' title="bbox 2843 2501 4398 3026">
     <span class='ocr_line' id='line_1_67' title="bbox 2936 2501 4389 2590; baseline 0.006 -25"><span class='ocrx_word' id='word_1_426' title='bbox 2936 2527 2966 2564; x_wconf 70' lang='grc' dir='ltr'><strong>α</strong></span> <span class='ocrx_word' id='word_1_427' title='bbox 3008 2501 3189 2583; x_wconf 75' lang='lat' dir='ltr'><strong>(luia</strong></span> <span class='ocrx_word' id='word_1_428' title='bbox 3240 2525 3496 2590; x_wconf 71' lang='lat' dir='ltr'><strong>neuqua</strong></span> <span class='ocrx_word' id='word_1_429' title='bbox 3551 2512 3672 2569; x_wconf 81' lang='lat' dir='ltr'><strong>est.</strong></span> <span class='ocrx_word' id='word_1_430' title='bbox 3721 2529 3753 2568; x_wconf 65' lang='grc' dir='ltr'><strong><em>ι</em></strong></span> <span class='ocrx_word' id='word_1_431' title='bbox 3819 2502 3946 2572; x_wconf 85' lang='lat' dir='ltr'><strong>llic</strong></span> <span class='ocrx_word' id='word_1_432' title='bbox 3990 2506 4389 2587; x_wconf 84' lang='lat' dir='ltr'><strong>secundum,</strong></span> 
     </span>
     <span class='ocr_line' id='line_1_68' title="bbox 2844 2610 4389 2704; baseline 0.004 -30"><span class='ocrx_word' id='word_1_433' title='bbox 2844 2610 3014 2675; x_wconf 88' lang='lat' dir='ltr'><strong>ratio</strong></span> <span class='ocrx_word' id='word_1_434' title='bbox 3046 2619 3112 2676; x_wconf 77' lang='lat' dir='ltr'><strong>et</strong></span> <span class='ocrx_word' id='word_1_435' title='bbox 3141 2634 3344 2677; x_wconf 84' lang='lat' dir='ltr'><strong>causa</strong></span> <span class='ocrx_word' id='word_1_436' title='bbox 3376 2610 3596 2678; x_wconf 88' lang='lat' dir='ltr'><strong>laudis</strong></span> <span class='ocrx_word' id='word_1_437' title='bbox 3630 2634 3644 2679; x_wconf 72' lang='grc' dir='ltr'><strong><em>ε</em></strong></span> <span class='ocrx_word' id='word_1_438' title='bbox 3682 2621 3748 2680; x_wconf 90' lang='lat' dir='ltr'><strong>et</strong></span> <span class='ocrx_word' id='word_1_439' title='bbox 3781 2615 4086 2702; x_wconf 77' lang='lat' dir='ltr'><strong>tangitur</strong></span> <span class='ocrx_word' id='word_1_440' title='bbox 4121 2614 4389 2704; x_wconf 82' lang='lat' dir='ltr'><strong>duplex.</strong></span> 
     </span>
     <span class='ocr_line' id='line_1_69' title="bbox 2846 2716 4398 2813; baseline 0.005 -30"><span class='ocrx_word' id='word_1_441' title='bbox 2846 2716 3099 2793; x_wconf 82' lang='lat' dir='ltr'><strong>Prima,</strong></span> <span class='ocrx_word' id='word_1_442' title='bbox 3165 2720 3628 2787; x_wconf 79' lang='lat' dir='ltr'><strong>misericordia</strong></span> <span class='ocrx_word' id='word_1_443' title='bbox 3690 2722 3755 2788; x_wconf 86' lang='lat' dir='ltr'><strong>in</strong></span> <span class='ocrx_word' id='word_1_444' title='bbox 3805 2723 4108 2813; x_wconf 81' lang='lat' dir='ltr'><strong>Angelos</strong></span> <span class='ocrx_word' id='word_1_445' title='bbox 4144 2725 4398 2791; x_wconf 79' lang='lat' dir='ltr'><strong>confir-</strong></span> 
     </span>
     <span class='ocr_line' id='line_1_70' title="bbox 2843 2826 4395 2921; baseline 0.003 -28"><span class='ocrx_word' id='word_1_446' title='bbox 2843 2836 3048 2893; x_wconf 82' lang='lat' dir='ltr'><strong>mata.</strong></span> <span class='ocrx_word' id='word_1_447' title='bbox 3126 2826 3466 2905; x_wconf 65' lang='lat' dir='ltr'><strong>Secunda,</strong></span> <span class='ocrx_word' id='word_1_448' title='bbox 3528 2830 3779 2895; x_wconf 75' lang='lat' dir='ltr'><strong>veritas</strong></span> <span class='ocrx_word' id='word_1_449' title='bbox 3847 2853 3966 2919; x_wconf 89' lang='lat' dir='ltr'><strong>per</strong></span> <span class='ocrx_word' id='word_1_450' title='bbox 4029 2831 4395 2921; x_wconf 81' lang='lat' dir='ltr'><strong>Apostolos</strong></span> 
     </span>
     <span class='ocr_line' id='line_1_71' title="bbox 2843 2935 4391 3026; baseline 0.001 -25"><span class='ocrx_word' id='word_1_451' title='bbox 2843 2944 3139 3011; x_wconf 72' lang='lat' dir='ltr'><strong>ostensa,</strong></span> <span class='ocrx_word' id='word_1_452' title='bbox 3215 2935 3333 3012; x_wconf 88' lang='lat' dir='ltr'><strong>ibi,</strong></span> <span class='ocrx_word' id='word_1_453' title='bbox 3397 2959 3430 2998; x_wconf 72' lang='grc' dir='ltr'>ι</span> <span class='ocrx_word' id='word_1_454' title='bbox 3475 2936 3570 3001; x_wconf 77' lang='grc' dir='ltr'><strong>ΕΙ</strong></span> <span class='ocrx_word' id='word_1_455' title='bbox 3629 2958 3842 3026; x_wconf 80' lang='lat' dir='ltr'><strong>usque</strong></span> <span class='ocrx_word' id='word_1_456' title='bbox 3905 2936 4004 3004; x_wconf 81' lang='lat' dir='ltr'><strong>cul</strong></span> <span class='ocrx_word' id='word_1_457' title='bbox 4063 2937 4293 3005; x_wconf 83' lang='lat' dir='ltr'><strong>nubes.</strong></span> <span class='ocrx_word' id='word_1_458' title='bbox 4359 2964 4391 3003; x_wconf 65' lang='grc' dir='ltr'><strong><em>ι</em></strong></span> 
     </span>
    </p>

    <p class='ocr_par' dir='ltr' id='par_1_10' title="bbox 2936 3040 4394 3132">
     <span class='ocr_line' id='line_1_72' title="bbox 2936 3040 4394 3132; baseline 0.004 -26"><span class='ocrx_word' id='word_1_459' title='bbox 2936 3040 3104 3106; x_wconf 71' lang='lat' dir='ltr'><strong>llicit</strong></span> <span class='ocrx_word' id='word_1_460' title='bbox 3148 3066 3313 3131; x_wconf 75' lang='lat' dir='ltr'><strong>ergo</strong></span> <span class='ocrx_word' id='word_1_461' title='bbox 3367 3064 3382 3107; x_wconf 92' lang='lat'><strong>:</strong></span> <span class='ocrx_word' id='word_1_462' title='bbox 3431 3042 3545 3108; x_wconf 83' lang='lat' dir='ltr'><strong>Sic</strong></span> <span class='ocrx_word' id='word_1_463' title='bbox 3583 3043 3987 3123; x_wconf 85' lang='lat' dir='ltr'><strong>coutitebor,</strong></span> <span class='ocrx_word' id='word_1_464' title='bbox 4031 3054 4096 3112; x_wconf 91' lang='lat' dir='ltr'><strong>et</strong></span> <span class='ocrx_word' id='word_1_465' title='bbox 4132 3046 4394 3132; x_wconf 88' lang='lat' dir='ltr'><strong>justum</strong></span> 
     </span>
    </p>
   </div>
   <div class='ocr_carea' id='block_1_9' title="bbox 2844 3147 4723 3242">
    <p class='ocr_par' dir='ltr' id='par_1_11' title="bbox 2844 3147 4723 3242">
     <span class='ocr_line' id='line_1_73' title="bbox 2844 3147 4723 3242; baseline 0.006 -28"><span class='ocrx_word' id='word_1_466' title='bbox 2844 3154 2941 3214; x_wconf 67' lang='lat' dir='ltr'><strong>est</strong></span> <span class='ocrx_word' id='word_1_467' title='bbox 2976 3170 2991 3212; x_wconf 91' lang='lat'>:</span> <span class='ocrx_word' id='word_1_468' title='bbox 3030 3148 3188 3237; x_wconf 83' lang='lat' dir='ltr'><strong>quia</strong></span> <span class='ocrx_word' id='word_1_469' title='bbox 3230 3147 3693 3217; x_wconf 76' lang='lat' dir='ltr'><strong>misericordia</strong></span> <span class='ocrx_word' id='word_1_470' title='bbox 3728 3157 3871 3233; x_wconf 87' lang='lat' dir='ltr'><strong>tua,</strong></span> <span class='ocrx_word' id='word_1_471' title='bbox 3912 3174 4049 3242; x_wconf 85' lang='lat' dir='ltr'><strong>qua</strong></span> <span class='ocrx_word' id='word_1_472' title='bbox 4096 3151 4394 3242; x_wconf 76' lang='lat' dir='ltr'><strong>Angelos</strong></span> <span class='ocrx_word' id='word_1_473' title='bbox 4440 3178 4723 3236; x_wconf 65' lang='lat' dir='ltr'><strong>ang-uper</strong></span> 
     </span>
    </p>
   </div>
   <div class='ocr_carea' id='block_1_10' title="bbox 2835 3255 4402 5730">
    <p class='ocr_par' dir='ltr' id='par_1_12' title="bbox 2835 3255 4402 4957">
     <span class='ocr_line' id='line_1_74' title="bbox 2847 3255 4396 3350; baseline 0.004 -29"><span class='ocrx_word' id='word_1_474' title='bbox 2847 3257 2911 3321; x_wconf 88' lang='lat' dir='ltr'><strong>in</strong></span> <span class='ocrx_word' id='word_1_475' title='bbox 2958 3255 3137 3320; x_wconf 79' lang='lat' dir='ltr'><strong>buno</strong></span> <span class='ocrx_word' id='word_1_476' title='bbox 3193 3255 3641 3336; x_wconf 75' lang='lat' dir='ltr'><strong>coufirmasti,</strong></span> <span class='ocrx_word' id='word_1_477' title='bbox 3687 3282 3720 3321; x_wconf 72' lang='grc' dir='ltr'>ι</span> <span class='ocrx_word' id='word_1_478' title='bbox 3756 3281 4013 3347; x_wconf 58' lang='lat' dir='ltr'><strong>&#39;itaquo</strong></span> <span class='ocrx_word' id='word_1_479' title='bbox 4052 3269 4147 3325; x_wconf 80' lang='lat' dir='ltr'><strong>cs!</strong></span> <span class='ocrx_word' id='word_1_480' title='bbox 4189 3282 4396 3350; x_wconf 75' lang='lat' dir='ltr'><strong>super</strong></span> 
     </span>
     <span class='ocr_line' id='line_1_75' title="bbox 2842 3363 4386 3457; baseline 0.003 -27"><span class='ocrx_word' id='word_1_481' title='bbox 2842 3364 3065 3438; x_wconf 77' lang='lat' dir='ltr'><strong>roelos,</strong></span> <span class='ocrx_word' id='word_1_482' title='bbox 3144 3391 3175 3428; x_wconf 74' lang='grc' dir='ltr'><strong>ι</strong></span> <span class='ocrx_word' id='word_1_483' title='bbox 3255 3363 3666 3454; x_wconf 71' lang='lat' dir='ltr'><strong>spiritualeS,</strong></span> <span class='ocrx_word' id='word_1_484' title='bbox 3744 3366 4050 3457; x_wconf 80' lang='lat' dir='ltr'><strong>Angelos</strong></span> <span class='ocrx_word' id='word_1_485' title='bbox 4113 3367 4386 3437; x_wconf 87' lang='lat' dir='ltr'><strong>scilicet.</strong></span> 
     </span>
     <span class='ocr_line' id='line_1_76' title="bbox 2846 3470 4398 3564; baseline 0.003 -26"><span class='ocrx_word' id='word_1_486' title='bbox 2846 3470 3026 3540; x_wconf 87' lang='lat' dir='ltr'><strong>l’sal.</strong></span> <span class='ocrx_word' id='word_1_487' title='bbox 3091 3493 3304 3555; x_wconf 76' lang='lat' dir='ltr'><strong>xxxii,</strong></span> <span class='ocrx_word' id='word_1_488' title='bbox 3337 3476 3431 3540; x_wconf 76' lang='lat'><strong>6:</strong></span> <span class='ocrx_word' id='word_1_489' title='bbox 3482 3470 3686 3539; x_wconf 84' lang='lat' dir='ltr'><strong>l&#39;erbo</strong></span> <span class='ocrx_word' id='word_1_490' title='bbox 3743 3475 4031 3541; x_wconf 82' lang='lat' dir='ltr'><strong>Domini</strong></span> <span class='ocrx_word' id='word_1_491' title='bbox 4065 3475 4218 3543; x_wconf 85' lang='lat' dir='ltr'><strong>coeli</strong></span> <span class='ocrx_word' id='word_1_492' title='bbox 4266 3476 4398 3564; x_wconf 82' lang='lat' dir='ltr'><strong>fir-</strong></span> 
     </span>
     <span class='ocr_line' id='line_1_77' title="bbox 2844 3579 4398 3673; baseline 0.004 -27"><span class='ocrx_word' id='word_1_493' title='bbox 2844 3579 3019 3646; x_wconf 81' lang='lat' dir='ltr'><strong>mali</strong></span> <span class='ocrx_word' id='word_1_494' title='bbox 3081 3589 3269 3662; x_wconf 79' lang='lat' dir='ltr'><strong>sunl,</strong></span> <span class='ocrx_word' id='word_1_495' title='bbox 3319 3589 3383 3645; x_wconf 80' lang='lat' dir='ltr'><strong>et</strong></span> <span class='ocrx_word' id='word_1_496' title='bbox 3445 3581 3701 3670; x_wconf 77' lang='lat' dir='ltr'><strong>spiritu</strong></span> <span class='ocrx_word' id='word_1_497' title='bbox 3757 3582 3924 3662; x_wconf 84' lang='lat' dir='ltr'><strong>oris,</strong></span> <span class='ocrx_word' id='word_1_498' title='bbox 3979 3590 4107 3652; x_wconf 84' lang='lat' dir='ltr'><strong>etc.</strong></span> <span class='ocrx_word' id='word_1_499' title='bbox 4150 3582 4398 3673; x_wconf 80' lang='lat' dir='ltr'><strong>Magna</strong></span> 
     </span>
     <span class='ocr_line' id='line_1_78' title="bbox 2842 3689 4398 3781; baseline 0.001 -25"><span class='ocrx_word' id='word_1_500' title='bbox 2842 3689 3076 3764; x_wconf 81' lang='lat' dir='ltr'><strong>etiam,</strong></span> <span class='ocrx_word' id='word_1_501' title='bbox 3156 3709 3293 3777; x_wconf 84' lang='lat' dir='ltr'><strong>qua</strong></span> <span class='ocrx_word' id='word_1_502' title='bbox 3358 3709 3483 3776; x_wconf 81' lang='lat' dir='ltr'><strong>per</strong></span> <span class='ocrx_word' id='word_1_503' title='bbox 3546 3695 3610 3756; x_wconf 88' lang='lat' dir='ltr'><strong>te</strong></span> <span class='ocrx_word' id='word_1_504' title='bbox 3677 3697 3838 3757; x_wconf 87' lang='lat' dir='ltr'><strong>sunt</strong></span> <span class='ocrx_word' id='word_1_505' title='bbox 3904 3690 4220 3781; x_wconf 89' lang='lat' dir='ltr'><strong>reparati.</strong></span> <span class='ocrx_word' id='word_1_506' title='bbox 4290 3690 4398 3758; x_wconf 80' lang='lat' dir='ltr'><strong>Ad</strong></span> 
     </span>
     <span class='ocr_line' id='line_1_79' title="bbox 2845 3795 4401 3886; baseline 0.001 -22"><span class='ocrx_word' id='word_1_507' title='bbox 2845 3795 3096 3886; x_wconf 74' lang='lat' dir='ltr'><strong>preS.</strong></span> <span class='ocrx_word' id='word_1_508' title='bbox 3132 3815 3178 3873; x_wconf 82' lang='grc' dir='ltr'><strong>ι,</strong></span> <span class='ocrx_word' id='word_1_509' title='bbox 3211 3795 3288 3860; x_wconf 80' lang='lat'><strong>¹0</strong></span> <span class='ocrx_word' id='word_1_510' title='bbox 3323 3815 3339 3862; x_wconf 80' lang='lat' dir='ltr'><strong><em>z</em></strong></span> <span class='ocrx_word' id='word_1_511' title='bbox 3377 3795 3788 3862; x_wconf 76' lang='lat' dir='ltr'><strong>Instaurare</strong></span> <span class='ocrx_word' id='word_1_512' title='bbox 3814 3798 4052 3864; x_wconf 82' lang='lat' dir='ltr'><strong>omnia</strong></span> <span class='ocrx_word' id='word_1_513' title='bbox 4110 3798 4178 3864; x_wconf 80' lang='lat' dir='ltr'><strong>iu</strong></span> <span class='ocrx_word' id='word_1_514' title='bbox 4210 3797 4401 3866; x_wconf 77' lang='lat' dir='ltr'><strong>Chri·</strong></span> 
     </span>
     <span class='ocr_line' id='line_1_80' title="bbox 2839 3901 4397 3995; baseline 0.001 -22"><span class='ocrx_word' id='word_1_515' title='bbox 2839 3916 2970 3986; x_wconf 73' lang='grc' dir='ltr'><strong>ειη,</strong></span> <span class='ocrx_word' id='word_1_516' title='bbox 3010 3927 3165 3995; x_wconf 69' lang='lat' dir='ltr'><strong>qua·</strong></span> <span class='ocrx_word' id='word_1_517' title='bbox 3195 3902 3266 3969; x_wconf 84' lang='lat' dir='ltr'><strong>iu</strong></span> <span class='ocrx_word' id='word_1_518' title='bbox 3294 3901 3580 3979; x_wconf 79' lang='lat' dir='ltr'><strong>coelis,et</strong></span> <span class='ocrx_word' id='word_1_519' title='bbox 3606 3927 3762 3995; x_wconf 72' lang='lat' dir='ltr'><strong>quae</strong></span> <span class='ocrx_word' id='word_1_520' title='bbox 3789 3906 3861 3972; x_wconf 79' lang='lat' dir='ltr'><strong>iu</strong></span> <span class='ocrx_word' id='word_1_521' title='bbox 3900 3915 4084 3972; x_wconf 79' lang='lat' dir='ltr'><strong>terro</strong></span> <span class='ocrx_word' id='word_1_522' title='bbox 4109 3916 4293 3984; x_wconf 79' lang='lat' dir='ltr'><strong>suut,</strong></span> <span class='ocrx_word' id='word_1_523' title='bbox 4328 3907 4397 3974; x_wconf 84' lang='lat' dir='ltr'><strong>iu</strong></span> 
     </span>
     <span class='ocr_line' id='line_1_81' title="bbox 2843 4008 4398 4105; baseline 0.002 -26"><span class='ocrx_word' id='word_1_524' title='bbox 2843 4013 3014 4105; x_wconf 79' lang='lat' dir='ltr'><strong>ipso.</strong></span> <span class='ocrx_word' id='word_1_525' title='bbox 3052 4010 3277 4100; x_wconf 80' lang='lat' dir='ltr'><strong>Super</strong></span> <span class='ocrx_word' id='word_1_526' title='bbox 3312 4008 3523 4077; x_wconf 84' lang='lat' dir='ltr'><strong>coelos</strong></span> <span class='ocrx_word' id='word_1_527' title='bbox 3552 4012 3762 4079; x_wconf 87' lang='lat' dir='ltr'><strong>etiam</strong></span> <span class='ocrx_word' id='word_1_528' title='bbox 3802 4019 3903 4081; x_wconf 84' lang='lat' dir='ltr'><strong>est</strong></span> <span class='ocrx_word' id='word_1_529' title='bbox 3936 4013 4398 4082; x_wconf 86' lang='lat' dir='ltr'><strong>misericordia</strong></span> 
     </span>
     <span class='ocr_line' id='line_1_82' title="bbox 2844 4118 4399 4214; baseline 0.003 -26"><span class='ocrx_word' id='word_1_530' title='bbox 2844 4128 2957 4188; x_wconf 91' lang='lat' dir='ltr'><strong>tua</strong></span> <span class='ocrx_word' id='word_1_531' title='bbox 3000 4140 3275 4208; x_wconf 79' lang='lat' dir='ltr'><strong>magna,</strong></span> <span class='ocrx_word' id='word_1_532' title='bbox 3316 4118 3481 4209; x_wconf 89' lang='lat' dir='ltr'><strong>quia</strong></span> <span class='ocrx_word' id='word_1_533' title='bbox 3537 4119 3760 4208; x_wconf 83' lang='lat' dir='ltr'><strong>major</strong></span> <span class='ocrx_word' id='word_1_534' title='bbox 3802 4129 3908 4189; x_wconf 81' lang='lat' dir='ltr'><strong>est</strong></span> <span class='ocrx_word' id='word_1_535' title='bbox 3950 4143 4157 4213; x_wconf 89' lang='lat' dir='ltr'><strong>quam</strong></span> <span class='ocrx_word' id='word_1_536' title='bbox 4209 4146 4399 4214; x_wconf 68' lang='lat' dir='ltr'><strong>quae·</strong></span> 
     </span>
     <span class='ocr_line' id='line_1_83' title="bbox 2841 4229 4396 4321; baseline 0.003 -24"><span class='ocrx_word' id='word_1_537' title='bbox 2841 4250 3161 4319; x_wconf 87' lang='lat' dir='ltr'><strong>cumque,</strong></span> <span class='ocrx_word' id='word_1_538' title='bbox 3214 4234 3282 4294; x_wconf 90' lang='lat' dir='ltr'><strong>et</strong></span> <span class='ocrx_word' id='word_1_539' title='bbox 3346 4249 3943 4321; x_wconf 88' lang='lat' dir='ltr'><strong>quorumcumque</strong></span> <span class='ocrx_word' id='word_1_540' title='bbox 3989 4229 4396 4302; x_wconf 86' lang='lat' dir='ltr'><strong>Sanctorum</strong></span> 
     </span>
     <span class='ocr_line' id='line_1_84' title="bbox 2843 4334 4399 4418; baseline 0.004 -15"><span class='ocrx_word' id='word_1_541' title='bbox 2843 4339 3108 4404; x_wconf 87' lang='lat' dir='ltr'><strong>merita.</strong></span> <span class='ocrx_word' id='word_1_542' title='bbox 3161 4334 3343 4403; x_wconf 68' lang='lat' dir='ltr'><strong>l‘sal.</strong></span> <span class='ocrx_word' id='word_1_543' title='bbox 3377 4340 3535 4418; x_wconf 59' lang='lat' dir='ltr'><strong>axii,</strong></span> <span class='ocrx_word' id='word_1_544' title='bbox 3572 4335 3609 4402; x_wconf 64' lang='lat'>4</span> <span class='ocrx_word' id='word_1_545' title='bbox 3645 4359 3660 4403; x_wconf 75' lang='grc' dir='ltr'><strong><em>ε</em></strong></span> <span class='ocrx_word' id='word_1_546' title='bbox 3696 4337 3952 4406; x_wconf 80' lang='lat' dir='ltr'><strong>Melior</strong></span> <span class='ocrx_word' id='word_1_547' title='bbox 3990 4350 4088 4408; x_wconf 83' lang='lat' dir='ltr'><strong>cs!</strong></span> <span class='ocrx_word' id='word_1_548' title='bbox 4130 4341 4399 4409; x_wconf 73' lang='lat' dir='ltr'><strong>reiiseri-</strong></span> 
     </span>
     <span class='ocr_line' id='line_1_85' title="bbox 2841 4444 4392 4536; baseline 0.004 -24"><span class='ocrx_word' id='word_1_549' title='bbox 2841 4445 3077 4512; x_wconf 84' lang='lat' dir='ltr'><strong>cordia</strong></span> <span class='ocrx_word' id='word_1_550' title='bbox 3134 4455 3259 4512; x_wconf 78' lang='lat' dir='ltr'><strong>tua</strong></span> <span class='ocrx_word' id='word_1_551' title='bbox 3312 4466 3522 4536; x_wconf 74' lang='lat' dir='ltr'><strong>super</strong></span> <span class='ocrx_word' id='word_1_552' title='bbox 3580 4445 3783 4515; x_wconf 71' lang='lat' dir='ltr'><strong>vitas.</strong></span> <span class='ocrx_word' id='word_1_553' title='bbox 3838 4444 3997 4522; x_wconf 84' lang='lat' dir='ltr'><strong>Job,</strong></span> <span class='ocrx_word' id='word_1_554' title='bbox 4070 4470 4162 4529; x_wconf 76' lang='lat' dir='ltr'><strong>ix,</strong></span> <span class='ocrx_word' id='word_1_555' title='bbox 4226 4450 4306 4516; x_wconf 79' lang='lat'><strong>¹5</strong></span> <span class='ocrx_word' id='word_1_556' title='bbox 4376 4473 4392 4518; x_wconf 90' lang='lat'>:</span> 
     </span>
     <span class='ocr_line' id='line_1_86' title="bbox 2846 4549 4392 4644; baseline 0.003 -25"><span class='ocrx_word' id='word_1_557' title='bbox 2846 4553 3009 4637; x_wconf 76' lang='lat' dir='ltr'><strong>Qui,</strong></span> <span class='ocrx_word' id='word_1_558' title='bbox 3039 4551 3315 4618; x_wconf 75' lang='lat' dir='ltr'><strong>etiamsi</strong></span> <span class='ocrx_word' id='word_1_559' title='bbox 3340 4549 3645 4617; x_wconf 76' lang='lat' dir='ltr'><strong>luebuero</strong></span> <span class='ocrx_word' id='word_1_560' title='bbox 3686 4553 4051 4644; x_wconf 81' lang='lat' dir='ltr'><strong>quippiam</strong></span> <span class='ocrx_word' id='word_1_561' title='bbox 4086 4553 4392 4643; x_wconf 79' lang='lat' dir='ltr'><strong>justum,</strong></span> 
     </span>
     <span class='ocr_line' id='line_1_87' title="bbox 2840 4657 4396 4753; baseline 0.002 -25"><span class='ocrx_word' id='word_1_562' title='bbox 2840 4685 2976 4728; x_wconf 80' lang='grc' dir='ltr'><strong>ηυη</strong></span> <span class='ocrx_word' id='word_1_563' title='bbox 3023 4657 3462 4753; x_wconf 76' lang='lat' dir='ltr'><strong>respondebo,</strong></span> <span class='ocrx_word' id='word_1_564' title='bbox 3493 4658 3617 4726; x_wconf 83' lang='lat' dir='ltr'><strong>sed</strong></span> <span class='ocrx_word' id='word_1_565' title='bbox 3650 4682 3879 4728; x_wconf 63' lang='lat' dir='ltr'><strong>&#39;neum</strong></span> <span class='ocrx_word' id='word_1_566' title='bbox 3907 4661 4224 4752; x_wconf 78' lang='lat' dir='ltr'><strong>J&#39;udicem</strong></span> <span class='ocrx_word' id='word_1_567' title='bbox 4272 4664 4396 4731; x_wconf 87' lang='lat' dir='ltr'><strong>de-</strong></span> 
     </span>
     <span class='ocr_line' id='line_1_88' title="bbox 2835 4764 4402 4861; baseline 0.004 -27"><span class='ocrx_word' id='word_1_568' title='bbox 2835 4768 3187 4861; x_wconf 80' lang='lat' dir='ltr'><strong>precabor.</strong></span> <span class='ocrx_word' id='word_1_569' title='bbox 3255 4764 3386 4834; x_wconf 74' lang='lat' dir='ltr'><strong>lsa-</strong></span> <span class='ocrx_word' id='word_1_570' title='bbox 3451 4790 3587 4846; x_wconf 68' lang='grc' dir='ltr'><strong>χιι,</strong></span> <span class='ocrx_word' id='word_1_571' title='bbox 3664 4768 3689 4835; x_wconf 81' lang='lat'>¹</span> <span class='ocrx_word' id='word_1_572' title='bbox 3744 4792 3759 4837; x_wconf 75' lang='grc' dir='ltr'>ε</span> <span class='ocrx_word' id='word_1_573' title='bbox 3810 4771 4099 4838; x_wconf 79' lang='lat' dir='ltr'><strong>Taceonl</strong></span> <span class='ocrx_word' id='word_1_574' title='bbox 4152 4771 4252 4838; x_wconf 82' lang='lat' dir='ltr'><strong>ad</strong></span> <span class='ocrx_word' id='word_1_575' title='bbox 4292 4796 4402 4840; x_wconf 84' lang='lat' dir='ltr'><strong>me</strong></span> 
     </span>
     <span class='ocr_line' id='line_1_89' title="bbox 2842 4877 3275 4957; baseline -0.002 -12"><span class='ocrx_word' id='word_1_576' title='bbox 2842 4877 3114 4957; x_wconf 67' lang='lat' dir='ltr'><strong>insulse,</strong></span> <span class='ocrx_word' id='word_1_577' title='bbox 3147 4883 3275 4945; x_wconf 87' lang='lat' dir='ltr'><strong>etc.</strong></span> 
     </span>
    </p>

    <p class='ocr_par' dir='ltr' id='par_1_13' title="bbox 2840 4983 4401 5730">
     <span class='ocr_line' id='line_1_90' title="bbox 2932 4983 4396 5078; baseline 0.008 -29"><span class='ocrx_word' id='word_1_578' title='bbox 2932 5013 2966 5049; x_wconf 76' lang='grc' dir='ltr'><strong>α</strong></span> <span class='ocrx_word' id='word_1_579' title='bbox 3003 4987 3098 5052; x_wconf 75' lang='grc' dir='ltr'><strong>ΕΙ</strong></span> <span class='ocrx_word' id='word_1_580' title='bbox 3129 5007 3341 5075; x_wconf 78' lang='lat' dir='ltr'><strong>usque</strong></span> <span class='ocrx_word' id='word_1_581' title='bbox 3367 4985 3468 5051; x_wconf 82' lang='lat' dir='ltr'><strong>od</strong></span> <span class='ocrx_word' id='word_1_582' title='bbox 3492 4983 3728 5064; x_wconf 67' lang='grc' dir='ltr'><em>ηηὶιοε,</em></span> <span class='ocrx_word' id='word_1_583' title='bbox 3765 5011 3799 5049; x_wconf 69' lang='lat' dir='ltr'>n</span> <span class='ocrx_word' id='word_1_584' title='bbox 3830 4987 4201 5078; x_wconf 81' lang='lat' dir='ltr'><strong>Apostolos</strong></span> <span class='ocrx_word' id='word_1_585' title='bbox 4241 4998 4396 5060; x_wconf 87' lang='lat' dir='ltr'><strong>tuos</strong></span> 
     </span>
     <span class='ocr_line' id='line_1_91' title="bbox 2840 5093 4391 5176; baseline 0.006 -16"><span class='ocrx_word' id='word_1_586' title='bbox 2840 5093 3122 5172; x_wconf 81' lang='lat' dir='ltr'><strong>scilicet,</strong></span> <span class='ocrx_word' id='word_1_587' title='bbox 3173 5094 3360 5161; x_wconf 76' lang='lat' dir='ltr'><strong>venit</strong></span> <span class='ocrx_word' id='word_1_588' title='bbox 3432 5121 3463 5157; x_wconf 71' lang='grc' dir='ltr'><strong>α</strong></span> <span class='ocrx_word' id='word_1_589' title='bbox 3520 5095 3769 5162; x_wconf 74' lang='lat' dir='ltr'><strong>veritas</strong></span> <span class='ocrx_word' id='word_1_590' title='bbox 3798 5102 3947 5176; x_wconf 76' lang='lat' dir='ltr'><strong>lua,</strong></span> <span class='ocrx_word' id='word_1_591' title='bbox 4003 5125 4038 5163; x_wconf 68' lang='lat' dir='ltr'><em>n</em></span> <span class='ocrx_word' id='word_1_592' title='bbox 4078 5105 4154 5166; x_wconf 90' lang='lat' dir='ltr'><strong>ut</strong></span> <span class='ocrx_word' id='word_1_593' title='bbox 4210 5098 4391 5168; x_wconf 88' lang='lat' dir='ltr'><strong>illam</strong></span> 
     </span>
     <span class='ocr_line' id='line_1_92' title="bbox 2843 5202 4395 5295; baseline 0.005 -25"><span class='ocrx_word' id='word_1_594' title='bbox 2843 5202 3224 5271; x_wconf 77' lang='lat' dir='ltr'><strong>diffundant</strong></span> <span class='ocrx_word' id='word_1_595' title='bbox 3277 5227 3401 5293; x_wconf 90' lang='lat' dir='ltr'><strong>per</strong></span> <span class='ocrx_word' id='word_1_596' title='bbox 3432 5202 3790 5271; x_wconf 88' lang='lat' dir='ltr'><strong>mundum.</strong></span> <span class='ocrx_word' id='word_1_597' title='bbox 3853 5204 4163 5295; x_wconf 83' lang='lat' dir='ltr'><strong>Apostoli</strong></span> <span class='ocrx_word' id='word_1_598' title='bbox 4212 5211 4395 5278; x_wconf 89' lang='lat' dir='ltr'><strong>enim</strong></span> 
     </span>
     <span class='ocr_line' id='line_1_93' title="bbox 2841 5311 4399 5403; baseline 0.004 -23"><span class='ocrx_word' id='word_1_599' title='bbox 2841 5322 3000 5380; x_wconf 89' lang='lat' dir='ltr'><strong>sunt</strong></span> <span class='ocrx_word' id='word_1_600' title='bbox 3055 5311 3295 5389; x_wconf 60' lang='lat' dir='ltr'><strong>nubes»,</strong></span> <span class='ocrx_word' id='word_1_601' title='bbox 3330 5311 3413 5379; x_wconf 90' lang='lat' dir='ltr'><strong>de</strong></span> <span class='ocrx_word' id='word_1_602' title='bbox 3453 5311 3704 5403; x_wconf 84' lang='lat' dir='ltr'><strong>quibus</strong></span> <span class='ocrx_word' id='word_1_603' title='bbox 3750 5315 4234 5384; x_wconf 83' lang='lat' dir='ltr'><strong>comminando</strong></span> <span class='ocrx_word' id='word_1_604' title='bbox 4279 5317 4399 5385; x_wconf 88' lang='lat' dir='ltr'><strong>Ju-</strong></span> 
     </span>
     <span class='ocr_line' id='line_1_94' title="bbox 2841 5418 4401 5503; baseline 0.004 -15"><span class='ocrx_word' id='word_1_605' title='bbox 2841 5420 3006 5488; x_wconf 67' lang='lat' dir='ltr'><strong>da‘m</strong></span> <span class='ocrx_word' id='word_1_606' title='bbox 3036 5419 3197 5489; x_wconf 89' lang='lat' dir='ltr'><strong>dicit</strong></span> <span class='ocrx_word' id='word_1_607' title='bbox 3246 5419 3613 5500; x_wconf 83' lang='lat' dir='ltr'><strong>Dominus,</strong></span> <span class='ocrx_word' id='word_1_608' title='bbox 3664 5418 3793 5491; x_wconf 86' lang='lat' dir='ltr'><strong>lsa.</strong></span> <span class='ocrx_word' id='word_1_609' title='bbox 3825 5445 3897 5503; x_wconf 86' lang='lat' dir='ltr'><strong>v,</strong></span> <span class='ocrx_word' id='word_1_610' title='bbox 3940 5424 3982 5490; x_wconf 80' lang='lat'>0</span> <span class='ocrx_word' id='word_1_611' title='bbox 4025 5445 4041 5490; x_wconf 72' lang='grc' dir='ltr'>ε</span> <span class='ocrx_word' id='word_1_612' title='bbox 4084 5424 4401 5496; x_wconf 76' lang='lat' dir='ltr'><strong>Nubibus</strong></span> 
     </span>
     <span class='ocr_line' id='line_1_95' title="bbox 2842 5526 4393 5624; baseline 0.006 -29"><span class='ocrx_word' id='word_1_613' title='bbox 2842 5526 3216 5610; x_wconf 72' lang='lat' dir='ltr'><strong>ruotzdabo,</strong></span> <span class='ocrx_word' id='word_1_614' title='bbox 3256 5552 3342 5597; x_wconf 78' lang='lat' dir='ltr'><strong>ue</strong></span> <span class='ocrx_word' id='word_1_615' title='bbox 3356 5527 3623 5624; x_wconf 78' lang='lat' dir='ltr'><strong>pluant</strong></span> <span class='ocrx_word' id='word_1_616' title='bbox 3664 5552 3873 5624; x_wconf 83' lang='lat' dir='ltr'><strong>super</strong></span> <span class='ocrx_word' id='word_1_617' title='bbox 3900 5553 4050 5599; x_wconf 86' lang='lat' dir='ltr'><strong>eam</strong></span> <span class='ocrx_word' id='word_1_618' title='bbox 4084 5531 4393 5605; x_wconf 80' lang='lat' dir='ltr'><strong>imbrem.</strong></span> 
     </span>
     <span class='ocr_line' id='line_1_96' title="bbox 2844 5635 4398 5730; baseline 0.005 -26"><span class='ocrx_word' id='word_1_619' title='bbox 2844 5635 2954 5720; x_wconf 83' lang='lat' dir='ltr'><strong>Et,</strong></span> <span class='ocrx_word' id='word_1_620' title='bbox 3006 5659 3115 5721; x_wconf 69' lang='lat' dir='ltr'><strong>Lx,</strong></span> <span class='ocrx_word' id='word_1_621' title='bbox 3161 5638 3254 5706; x_wconf 88' lang='lat'><strong>8:</strong></span> <span class='ocrx_word' id='word_1_622' title='bbox 3295 5638 3434 5723; x_wconf 82' lang='lat' dir='ltr'><strong>Qui</strong></span> <span class='ocrx_word' id='word_1_623' title='bbox 3479 5649 3644 5706; x_wconf 82' lang='lat' dir='ltr'><strong>suu!</strong></span> <span class='ocrx_word' id='word_1_624' title='bbox 3692 5639 3835 5720; x_wconf 77' lang='lat' dir='ltr'><strong>isli,</strong></span> <span class='ocrx_word' id='word_1_625' title='bbox 3894 5639 4020 5730; x_wconf 86' lang='lat' dir='ltr'><strong>qui</strong></span> <span class='ocrx_word' id='word_1_626' title='bbox 4072 5649 4148 5708; x_wconf 80' lang='lat' dir='ltr'><strong>ul</strong></span> <span class='ocrx_word' id='word_1_627' title='bbox 4187 5641 4398 5711; x_wconf 78' lang='lat' dir='ltr'><strong>nubes</strong></span> 
     </span>
    </p>
   </div>
   <div class='ocr_carea' id='block_1_11' title="bbox 4455 3233 4703 3345">
    <p class='ocr_par' dir='ltr' id='par_1_14' title="bbox 4455 3233 4703 3345">
     <span class='ocr_line' id='line_1_97' title="bbox 4455 3233 4703 3279; baseline -0.004 0"><span class='ocrx_word' id='word_1_628' title='bbox 4455 3233 4703 3279; x_wconf 68' lang='lat' dir='ltr'><strong>Christum</strong></span> 
     </span>
     <span class='ocr_line' id='line_1_98' title="bbox 4465 3288 4690 3345; baseline 0.009 -12"><span class='ocrx_word' id='word_1_629' title='bbox 4465 3288 4690 3345; x_wconf 68' lang='grc' dir='ltr'><strong>κριταί.</strong></span> 
     </span>
    </p>
   </div>
  </div>
 </body>
</html>
