5008 6329
611 315 742 382 258

616 489 732 581 39.
787 490 1103 578 Amputa
1143 474 1620 573 opprobrium
1651 493 1899 542 meum
1958 467 2149 562 quod

882 587 1288 680 suspicatus
1355 600 1546 661 sum,
1629 575 1800 669 quia
1895 573 2155 660 iudicia

884 713 1005 763 tua
1031 686 1368 781 jucunda.
2054 738 2057 740 ,

613 827 733 894 40.
792 804 973 871 Ecce
1046 793 1425 885 concupivi
1479 788 1818 862 mandata
1864 805 2036 857 tua:
2081 786 2153 854 in

882 904 1218 998 aequitate
1248 918 1373 972 tua
1401 897 1682 969 vivifica
1719 916 1862 965 me.

1241 1421 1356 1489 HE
1405 1418 1540 1516 (Π)

299 1897 583 1947 mmm-m.
718 1886 754 1923 α
785 1861 1031 1949 Leqem
1092 1874 1272 1945 pone
1332 1849 1532 1928 mihi,
1607 1845 1925 1915 Domine.
1998 1866 2031 1908 ι
2087 1839 2166 1906 In

630 1965 1036 2063 praecedenti
1107 1968 1298 2052 parte
1366 1965 1594 2026 actum
1649 1962 1751 2023 est
1807 1951 1893 2021 ad
1926 1952 2058 2019 hoc
2094 1956 2172 2016 ut

628 2075 946 2146 laudetur
980 2070 1163 2139 Deus
1218 2067 1300 2135 de
1358 2063 1617 2132 meritis
1673 2058 2164 2150 incipientium,

626 2183 739 2253 hic
768 2180 994 2272 agitur
1020 2175 1105 2246 ad
1146 2172 1276 2242 hoc
1301 2174 1528 2263 ipsum
1558 2169 1642 2237 de
1688 2167 1946 2236 meritis
2003 2186 2170 2255 pro-

623 2289 1021 2358 ficientium.
1062 2281 1303 2351 Merita
1341 2276 1846 2370 proficientium
1891 2279 2049 2341 sunt
2100 2271 2170 2338 in

624 2396 868 2468 tribuS.
910 2393 988 2461 In
1024 2389 1342 2460 facilitate
1388 2385 1563 2454 bene
1592 2379 1944 2474 operandi,
1993 2387 2062 2447 et
2102 2379 2171 2445 in

624 2503 978 2574 voluntate
1004 2507 1184 2569 certa
1212 2493 1626 2587 cognitionis
1654 2491 1780 2560 Dei
1802 2498 1871 2559 et
1898 2486 2173 2558 manda·

627 2623 858 2684 torum
880 2611 1051 2699 ejus»,
1075 2614 1141 2677 et
1170 2607 1242 2674 in
1258 2602 1706 2673 delectatione
1737 2599 1961 2689 operis
1979 2596 2166 2665 boni.

632 2721 709 2789 ln
737 2719 959 2811 prima
996 2736 1157 2806 ergo
1188 2714 1415 2803 agitur
1450 2708 1534 2777 de
1570 2706 1873 2798 profectu
1931 2706 1998 2772 in
2047 2702 2176 2771 ha-

626 2827 889 2898 bilitate
943 2824 1114 2892 bene
1170 2816 1524 2910 operandi.
1582 2815 1659 2882 In
1724 2811 2048 2889 secunda.
2090 2809 2171 2879 de

623 2932 933 3028 profectu
963 2932 1031 2998 in
1070 2926 1463 3018 cognitione
1537 2920 1728 2999 boni,
1765 2917 1884 2997 ibi,
1925 2926 1990 2995 γ.
2033 2918 2117 2985 65
2153 2940 2169 2986 :

630 3070 665 3111 ι
707 3042 1098 3112 Bonitatem
1141 3034 1391 3127 fecisti.
1432 3058 1463 3097 ο
1509 3030 1585 3098 ln
1624 3030 1848 3108 tertia,
1887 3025 1974 3095 de
2011 3048 2176 3116 pro-

626 3151 805 3222 fectu
836 3150 908 3219 in
930 3144 1399 3223 delectatione,
1446 3146 1515 3209 et
1545 3157 1780 3206 amore
1823 3134 2014 3216 boni,
2054 3131 2171 3211 ibi,

627 3267 694 3337 ἵ.
729 3259 813 3328 97
850 3278 869 3328 ε
913 3282 948 3323 ι
993 3248 1346 3341 Quomodo
1386 3247 1629 3316 dilexi.
1675 3272 1712 3309 n

721 3366 799 3434 ln
828 3365 1049 3455 prima
1075 3360 1393 3428 dicuntur
1430 3360 1751 3448 quatuor,
1802 3347 2174 3418 secundum

630 3482 927 3567 quatuor
1006 3490 1158 3560 quae
1198 3468 1620 3534 concurrunt
1662 3459 1748 3529 ad
1796 3457 1929 3527 hoc
1994 3456 2178 3547 quod

630 3582 879 3675 aliquis
916 3580 1002 3648 sit
1044 3572 1290 3644 habilis
1355 3570 1439 3639 ad
1495 3569 1786 3639 bonum.
1838 3566 2174 3648 Primum,

628 3688 854 3762 cordis
891 3678 1379 3779 promptitudo.
1418 3674 1838 3752 Secundum,
1880 3671 2179 3740 streuui-

630 3808 736 3869 tas
794 3793 1044 3887 operis.
1106 3787 1438 3864 Tertium,
1509 3784 1581 3851 in
1620 3778 2081 3856 tribulatione,
2121 3777 2177 3844 si

629 3904 873 3995 surgit,
906 3894 1308 3968 consolatio.
1346 3890 1713 3972 Quartum,
1745 3907 2179 3979 perseveran-

630 4014 743 4081 tiae
783 4005 1235 4100 propositum.
1269 3999 1356 4067 Et
1409 3997 1494 4066 de
1548 3995 1657 4065 his
1686 4001 1981 4086 quatuor
2025 3994 2177 4084 agi-

629 4129 742 4190 tur
771 4117 840 4186 in
876 4122 1172 4208 quatuor
1224 4105 1619 4185 octonariis,
1660 4105 1835 4172 sicut
1861 4109 2019 4171 sunt
2046 4123 2178 4168 nu-

627 4232 889 4296 merata
933 4228 1000 4291 et
1037 4211 1423 4288 ordinata¹.

720 4331 797 4400 ln
835 4328 968 4400 hoc
994 4346 1158 4418 ergo
1195 4318 1550 4393 octonario
1588 4317 1817 4410 agitur
1874 4313 1962 4384 de
2027 4335 2177 4381 cor·

625 4440 732 4509 dis
803 4429 1370 4529 promptitudine,
1429 4421 1879 4516 supplicando
1941 4427 2021 4489 ut
2057 4417 2181 4486 de-

628 4555 742 4616 tur
788 4567 807 4615 2
867 4544 938 4612 in
1002 4561 1139 4633 quo
1194 4537 1515 4607 dicuntur
1577 4531 1738 4613 duo,
1806 4527 2177 4600 secundum

628 4653 768 4723 duo
797 4672 954 4744 quae
1008 4637 1428 4719 concurrunt
1452 4641 1541 4711 ad
1596 4638 1731 4710 hoc
1758 4645 1835 4706 ut
1871 4658 1992 4706 cor
2053 4634 2180 4704 ha-

624 4759 954 4830 bilitetur.
988 4754 1297 4823 Primum
1329 4755 1432 4819 est
1458 4746 1676 4840 gratia
1704 4742 2039 4814 inclinans
2095 4741 2180 4809 ad

625 4887 869 4938 verum
906 4862 1191 4932 bonum.
1244 4853 1668 4936 Secundum,
1713 4850 1935 4945 gratia
1979 4870 2180 4918 aver-

621 4998 777 5063 tens
806 4996 848 5043 a
889 4970 1086 5042 vanis
1114 4966 1318 5039 rebus
1356 4971 1425 5035 et
1452 4963 1740 5034 nocivis.
1767 4959 1999 5028 Primo
2016 4979 2178 5048 ergo

1601 301 1684 368 D.
1733 298 1934 365 ALB.
1986 294 2201 363 MAG.
2254 291 2459 360 ORD.
2514 289 2808 358 PRAED.

2349 466 2425 533 In
2463 466 2685 556 prima
2713 463 3032 531 dicuntur
3071 460 3395 550 quinque,
3438 454 3812 524 secundum

2261 576 2564 666 quinque
2604 593 2752 662 quae
2780 570 2973 660 petit,
3036 589 3159 656 per
3214 585 3364 653 quae
3419 583 3537 628 cor
3592 566 3817 649 potest

2261 679 2572 747 inclinari
2610 676 2696 744 ad
2734 676 2995 743 bonum
3025 668 3334 738 faciliter.
3371 665 3683 732 Primum
3714 669 3818 728 cst

2261 787 2484 878 legem
2553 786 2683 853 sibi
2757 783 2945 874 poni.
3039 776 3455 852 Secundum,
3528 771 3819 863 gratiam

2263 894 2408 960 {ieri
2457 889 2543 957 ad
2589 887 3110 978 intelligendum
3166 884 3459 974 positam
3517 887 3587 947 et
3623 899 3819 944 scru-

2263 996 2573 1073 tandum,
2636 995 2756 1071 ibi,
2787 1002 2853 1069 ᾗ.
2899 992 2985 1059 34
3022 1011 3038 1058 t
3089 1016 3122 1055 α
3155 993 3270 1058 Da
3318 987 3493 1054 milei
3539 983 3820 1052 intelle-

2263 1113 2470 1171 ctum.
2525 1126 2561 1167 ι
2619 1099 2947 1176 Tertium,
3016 1095 3104 1164 ad
3131 1092 3649 1164 custodiendum
3715 1092 3823 1157 in-

2263 1211 2627 1289 tellectam,
2660 1209 2781 1293 ibi,
2827 1233 2860 1273 ι
2890 1209 2989 1275 Et
3033 1204 3443 1272 custodiam.
3490 1225 3523 1267 n
3595 1198 3822 1279 Quar-

2263 1330 2438 1400 tum,
2474 1316 2760 1386 conferri
2794 1314 3089 1406 gratiam
3148 1310 3234 1378 ad
3288 1305 3816 1400 proficiendum,

2265 1428 2383 1506 ibi,
2443 1435 2509 1505 ὴ.
2573 1426 2656 1494 35
2703 1448 2719 1493 :
2795 1450 2829 1486 «ι
2895 1419 3139 1490 Deduc
3192 1440 3321 1487 me.
3374 1442 3408 1479 n
3457 1414 3818 1495 Quintum,

2269 1534 2353 1603 ad
2390 1534 2600 1625 gratis
2655 1529 3040 1599 faciendum
3100 1527 3357 1603 omnia,
3401 1523 3523 1608 ibi,
3566 1529 3631 1600 ῒ.
3679 1521 3763 1588 36
3800 1544 3815 1589 :

2272 1668 2306 1709 α
2340 1642 2614 1711 Inclina
2651 1662 2788 1707 cor.
2838 1664 2871 1701 n
3107 1705 3110 1708 ⁴

2357 1750 2437 1818 In
2486 1749 2707 1840 prima
2735 1747 2888 1814 tria.
2922 1745 3185 1823 Primo,
3238 1741 3404 1831 petit
3450 1739 3712 1829 imponi
3738 1740 3828 1805 si-

2268 1858 2338 1925 bi
2369 1857 2617 1947 legem.
2675 1851 3020 1931 Secunde,
3056 1848 3397 1941 specificat
3427 1868 3663 1938 quam,
3696 1845 3819 1928 ibi,

2276 1992 2309 2027 «
2386 1963 2578 2030 Viam
2643 1959 3250 2050 justificationem.
3314 1979 3348 2020 ι
3413 1952 3668 2031 Tertio,
3737 1951 3827 2020 ad

2273 2069 2436 2162 quid
2489 2068 2656 2137 velit
2705 2066 2835 2135 sibi
2897 2064 3160 2156 imponi
3223 2062 3437 2141 illam,
3473 2060 3593 2142 ibi,
3652 2084 3686 2125 α
3727 2061 3826 2127 Et

2272 2179 2659 2268 exquiram.
2698 2199 2731 2241 n

2363 2499 2542 2568 Dicit
2570 2520 2732 2590 ergo
2777 2521 2795 2567 ε
2856 2495 2997 2574 Sic,
3061 2495 3381 2572 Domine,
3414 2492 3682 2583 rogavi,
3752 2491 3823 2558 in

2274 2628 2567 2697 persona
2605 2603 2991 2695 incipientis
3072 2608 3141 2670 et
3204 2621 3400 2667 ruere
3447 2597 3752 2667 timentis
3799 2619 3815 2664 z

2276 2742 2308 2775 «
2331 2712 2499 2781 Noli
2517 2735 2624 2779 me
2638 2708 3056 2803 confundere
3087 2731 3103 2777 ε
3132 2732 3168 2773 ι
3210 2706 3327 2775 sed
3357 2707 3638 2774 nuncin
3666 2726 3829 2795 per-

2275 2843 2442 2889 sona
2470 2820 2795 2910 proficere
2822 2816 3144 2896 volentis,
3175 2816 3317 2882 imo
3369 2835 3452 2883 eo
3490 2814 3640 2903 ipso
3663 2835 3829 2903 pro·

2277 2924 2589 3003 ficientiS,
2623 2921 2807 3014 quod
2826 2920 2939 2990 hic
2967 2926 3190 3011 rogat,
3218 2940 3389 3009 rogo
3422 2939 3439 2985 ε
3470 2942 3505 2983 ι
3532 2919 3751 3000 Pone,
3785 2941 3818 2983 ι

2278 3031 2346 3099 id
2411 3037 2538 3111 est,
2608 3029 2906 3120 impone,
2953 3052 2988 3093 ι
3038 3024 3238 3110 milei,
3311 3051 3345 3088 a
3404 3046 3546 3094 non
3583 3045 3828 3116 super-

2277 3134 2393 3215 bo,
2435 3132 2552 3226 qui
2592 3132 2883 3202 salutem
2931 3153 3128 3201 suam
3201 3129 3468 3222 operari
3506 3128 3829 3220 dedigna-

2277 3249 2413 3322 tur,
2475 3270 2509 3304 «ι
2554 3241 2795 3333 leqem,
2826 3267 2861 3302 ι
2907 3261 3050 3308 non
3076 3236 3263 3307 illam
3283 3246 3613 3318 veterem,
3647 3258 3823 3329 quae,

2278 3349 2451 3418 sicut
2488 3348 2651 3417 dicit
2708 3347 2977 3426 Petrus,
3046 3345 3175 3414 fuit
3220 3367 3421 3423 onus,
3464 3344 3652 3437 quod
3701 3365 3828 3412 nec

2279 3450 2618 3541 Apostoli,
2651 3470 2774 3519 nec
2838 3456 3065 3539 patres
3101 3467 3342 3517 eorum
3386 3453 3660 3537 portare
3698 3469 3831 3536 po-

2279 3547 2625 3638 tuerunt',
2682 3555 2803 3624 sed
2874 3553 3101 3646 legem
3159 3574 3440 3635 novam,
3478 3549 3830 3621 charitatis

2279 3665 2556 3744 scilicet,
2588 3665 2891 3734 suaviter
2940 3660 3297 3754 ligantem.
3349 3658 3549 3741 Osee,
3580 3684 3678 3747 xi,
3729 3662 3772 3728 4
3808 3683 3824 3730 ε

2277 3775 2360 3842 In
2390 3771 2735 3865 funiculis
2768 3771 2997 3841 Adam
3052 3769 3327 3838 traham
3374 3792 3510 3849 cos,
3572 3769 3646 3837 in
3672 3769 3832 3837 vin-

2277 3880 2456 3951 culis
2509 3879 2893 3949 charitatis.
2934 3876 3221 3970 Impone
3259 3878 3331 3946 in
3367 3874 3687 3961 humero,
3728 3897 3833 3944 se·

2281 3988 2584 4058 cundum
2635 3986 2807 4056 illud
2848 3985 3012 4071 Job,
3046 4007 3238 4072 xxxi,
3278 3987 3365 4054 35
3423 3992 3493 4055 et
3521 3984 3608 4054 3⁰
3642 4006 3661 4052 ε
3705 3984 3832 4052 Li-

2282 4095 2479 4164 brum
2540 4092 2796 4164 scribat
2823 4095 2968 4186 ipse
2992 4115 3146 4185 φα
3160 4090 3471 4183 judicat.
3507 4090 3592 4160 de
3629 4089 3832 4159 rebus

2277 4200 2624 4272 charitatis
2673 4209 2746 4270 et
2794 4200 3201 4281 clementiae,
3269 4210 3348 4268 ue
3409 4198 3483 4266 in
3546 4198 3833 4267 humero

2278 4330 2425 4377 meo
2447 4316 2716 4399 portem
2754 4305 2987 4375 illam.
3029 4304 3315 4399 Impone
3352 4304 3568 4383 cordi,
3609 4304 3835 4394 ipsam

2278 4415 2350 4482 in
2403 4435 2486 4482 eo
2513 4410 2899 4498 scribendo,
2941 4410 3319 4480 secundum
3376 4409 3545 4479 illud
3569 4409 3827 4479 Jerem.

2278 4542 2468 4600 xxxi,
2500 4520 2629 4590 33:
2672 4516 2873 4589 Dabo
2906 4516 3125 4608 leqem
3181 4539 3407 4586 meam
3448 4517 3522 4584 in
3553 4515 3835 4585 visceri-

2283 4627 2408 4696 bus
2456 4647 2720 4711 eorum,
2758 4634 2824 4695 et
2859 4625 2936 4694 in
2970 4616 3563 4694 cordibuseorum
3588 4643 3838 4715 super-

2277 4733 2574 4804 scribam
2603 4731 2837 4801 illam.
2888 4729 3169 4822 Legem,
3231 4731 3542 4822 inquam,
3578 4754 3613 4795 ι
3647 4729 3835 4798 viam

2267 4839 2860 4932 justificationum
2941 4847 3253 4917 tuarum,
3315 4860 3351 4903 ι
3402 4835 3471 4905 id
3528 4842 3656 4918 est,
3713 4856 3840 4926 per

2283 4970 2489 5041 quam
2519 4945 2792 5016 venitur
2812 4944 2895 5014 ad
2919 4943 3443 5037 justificationes
3471 4951 3668 5013 tuas:
3702 4942 3836 5012 fide

621 5085 794 5179 petit
836 5084 1129 5175 primam
1186 5077 1504 5172 gratiam.
1539 5070 1885 5150 Secundo,
1936 5090 2186 5137 secun-
2281 5057 2462 5126 enim
2501 5077 2624 5147 per
2660 5052 3094 5124 dilectionem
3124 5059 3476 5145 operante,
3517 5051 3604 5121 ad
3623 5049 3837 5143 justi-

622 5191 811 5274 dam,
842 5189 964 5272 ibi,
990 5195 1058 5267 5.
1104 5187 1188 5258 37
1233 5208 1251 5257 ε
1288 5210 1323 5251 ι
1379 5184 1626 5253 Averte
1678 5175 1936 5248 oculos.
1978 5203 2009 5241 n

693 5474 712 5512 ¹
735 5471 977 5532 Scilicet
1003 5472 1067 5529 in
1123 5473 1384 5544 quatuor
1438 5461 1786 5523 octonarius
1809 5459 1911 5534 qui
1963 5455 2177 5515 inscri-

620 5564 851 5623 buntur
878 5563 982 5630 lle,
1015 5563 1160 5630 Vau,
1186 5559 1355 5626 zain,
1385 5555 1558 5612 neth.

694 5655 717 5692 ¹
750 5657 878 5710 Act.
922 5669 1012 5719 xv,
1047 5654 1113 5707 ¹0
1144 5666 1159 5704 t
1194 5651 1347 5706 Nunc
1375 5661 1507 5717 erqo
1535 5643 1676 5715 quid
1724 5642 1945 5698 tentans
1985 5638 2171 5703 Deum,

2280 5163 2670 5233 ficationem
2698 5183 2933 5230 veram
2990 5160 3288 5230 venitur.
3353 5156 3466 5226 Ad
3530 5156 3829 5230 Roman.

2276 5451 2563 5526 imponere
2596 5450 2803 5524 janum
2866 5462 3037 5523 super
3106 5446 3341 5504 cervices
3404 5444 3830 5520 discipulorum

2274 5543 2424 5615 quod
2475 5558 2654 5616 neque
2691 5546 2885 5614 potres
2942 5537 3148 5605 nostri,
3198 5551 3377 5608 neque
3445 5552 3551 5593 noe
3595 5542 3830 5609 portare

2267 5632 2553 5706 potuimus
2574 5636 2606 5688 ?
