5008 6329
735 303 866 373 542

731 476 804 541 in
843 461 988 553 ore,
1022 478 1089 540 et
1135 471 1338 540 etiam
1396 471 1692 539 exterius
1740 469 1810 535 iu
1851 487 2075 556 opere,
2113 462 2273 555 quia

733 612 765 646 α
796 582 1028 673 qladii
1065 582 1416 671 ancipiteS‚
1475 607 1503 641 ι»
1579 580 1643 644 in
1685 575 2014 642 ambabus
2060 572 2274 662 parti-

727 690 855 758 bus
885 702 1214 767 secanteS,
1252 714 1285 754 α
1331 690 1398 754 in
1440 681 1760 752 manibus
1782 702 2035 746 eorum.
2089 708 2119 739 »
2153 677 2269 744 Isti

725 796 933 889 gladii
991 817 1340 866 sermones
1378 799 1558 859 sunt.
1625 786 1866 855 Sermo
1917 786 2097 853 enim
2147 782 2269 849 Dei

723 904 993 995 gladius
1013 912 1137 972 est.
1172 899 1280 967 Ad
1324 896 1567 986 Ephes.
1611 918 1703 975 vn,
1745 893 1866 959 17:
1928 889 2273 959 Assumite

727 1023 790 1082 et
833 1012 1162 1103 qladium
1216 1008 1500 1097 spiritus
1565 1000 1780 1094 (quod
1833 1011 1928 1069 est
1991 995 2270 1067 verbum

728 1122 909 1208 Dea).
946 1114 1056 1184 Ad
1087 1114 1298 1183 Hebr.
1335 1136 1428 1191 lv,
1480 1116 1556 1180 12
1593 1135 1607 1178 ;
1658 1112 1859 1180 Vivus
1914 1117 2008 1176 est
2051 1127 2268 1175 sermo

727 1226 883 1305 Dei,
963 1232 1025 1292 et
1082 1222 1360 1315 efficax,
1419 1231 1482 1289 et
1531 1217 2029 1312 penetrabilior
2084 1215 2272 1282 omni

729 1334 974 1425 qladio
1015 1333 1347 1424 ancipiti:
1371 1330 1765 1421 pertinqens
1797 1347 2005 1415 usque
2034 1322 2130 1389 ad
2154 1322 2270 1389 di·

729 1442 1060 1509 visionem
1111 1440 1359 1508 animoe
1397 1459 1477 1503 ae
1537 1435 1848 1525 spiritus.
1913 1432 1996 1498 Et
2057 1429 2269 1497 sancti

727 1550 1041 1619 similiter
1068 1548 1399 1637 accipient
1444 1553 1607 1611 tunc
1651 1562 2037 1610 sermonem
2085 1547 2271 1629 pote-

725 1659 1080 1736 stativum,
1116 1662 1183 1723 et
1210 1650 1688 1742 judicativuin.
1733 1647 1988 1716 Cantic.
2025 1667 2119 1723 ιιι,
2147 1646 2183 1712 ’1
2209 1651 2275 1712 et

726 1763 807 1833 8:
834 1767 944 1832 En
965 1760 1295 1829 lectulum
1323 1756 1718 1827 Salomonis
1744 1754 2104 1844 sexaqinta
2130 1758 2275 1839 jor-

730 1882 827 1940 tes
855 1868 1177 1939 ambiunt
1204 1890 1290 1935 ea:
1323 1865 1725 1955 fortissimis
1750 1862 1993 1944 Israel,
2044 1879 2272 1926 omnes

730 1986 1025 2046 tenentes
1074 1972 1376 2066 qladios.
1438 1968 1741 2050 Quilibet
1796 1965 2074 2036 habebit
2121 1964 2275 2057 gla-

731 2087 921 2155 dium
981 2091 1412 2157 exacuatum,
1446 2089 1512 2148 et
1559 2079 1894 2145 limatum.
1938 2072 2269 2171 Ezechiel.

731 2217 873 2272 xxi,
907 2194 946 2262 9
979 2202 1045 2262 et
1088 2195 1168 2260 10
1203 2214 1218 2257 ;
1257 2188 1579 2266 Gladius,
1617 2186 1904 2277 qladius
1948 2192 2274 2253 exacutus

735 2311 856 2379 est,
889 2309 951 2369 et
985 2299 1293 2367 limatus.
1334 2296 1421 2364 Ut
1449 2294 1663 2362 caedat
1691 2294 2004 2362 victimas
2031 2314 2277 2360 exacu-

739 2417 848 2476 tus
921 2415 1041 2475 est.
1106 2404 1193 2473 Et
1247 2404 1372 2472 erit
1428 2402 1496 2468 in
1563 2423 1797 2481 manu,
1833 2401 1902 2468 in
1947 2403 2275 2490 potestate

738 2524 1153 2585 sanctorum.
1208 2507 1538 2579 Ezechiel.
1574 2531 1714 2587 xxi,
1761 2508 1833 2575 11
1876 2508 2057 2576 :Iste
2106 2528 2278 2574 exa-

736 2631 936 2691 cutus
974 2630 1073 2688 est
1115 2618 1517 2710 qladius,...
1571 2627 1646 2683 ut
1672 2617 1763 2683 sit
1801 2616 1875 2683 in
1923 2634 2135 2681 manu
2165 2613 2277 2680 in-

736 2730 1152 2823 terficientis.

833 3084 868 3126 c
901 3056 1014 3127 Ad
1037 3050 1432 3146 faciendam
1478 3044 1879 3115 vindictam.
1915 3071 1946 3103 »
2009 3038 2137 3109 llic
2165 3059 2277 3107 se-

722 3166 1035 3247 cundum
1070 3161 1276 3230 totius
1331 3155 1534 3245 hujus
1571 3151 1803 3245 partis,
1849 3149 1916 3218 in
1962 3169 2095 3240 qua
2122 3146 2275 3238 agi-

735 3283 848 3342 tur
903 3272 984 3340 de
1040 3291 1246 3339 causa
1310 3263 1550 3332 laudis.
1639 3257 1999 3327 Praemissa
2088 3248 2271 3322 enim

733 3379 1099 3451 collatione
1180 3370 1557 3464 judiciariae
1659 3365 2007 3457 potestatis
2108 3359 2274 3451 ipsis

730 3490 984 3557 sanctis
1016 3485 1215 3561 tacta,
1250 3479 1359 3548 liic
1386 3476 1819 3566 subjungitur
1866 3472 1947 3540 de
1986 3492 2274 3538 exsecu-

727 3596 917 3663 tione
961 3615 976 3661 :
1029 3600 1093 3658 et
1152 3593 1527 3677 tanguntur
1567 3582 1730 3649 duo.
1777 3577 2039 3652 Primo,
2082 3584 2271 3667 pote-

726 3706 921 3773 statis
957 3699 1328 3770 exsecutio.
1373 3688 1718 3764 Secundo,
1754 3685 1992 3761 illatio,
2025 3685 2131 3753 vel
2156 3705 2270 3751 as-

726 3810 963 3882 sertio,
1000 3804 1181 3896 quod
1216 3803 1289 3869 fit
1329 3803 1396 3868 in
1425 3798 1644 3890 gloria
1676 3796 2112 3876 Sanctorum,
2143 3789 2265 3870 ibi,

723 3921 797 3987 in
838 3913 1063 3985 medio
1100 3919 1165 3989 ὲ.
1199 3912 1282 3979 9:
1322 3936 1355 3972 α
1393 3905 1636 3977 Gloria
1672 3901 1812 3970 beve
1849 3910 1967 3968 est.
2006 3924 2039 3965 ι

815 4023 893 4093 ln
926 4024 1145 4114 prima
1183 4018 1485 4104 tangitur
1528 4011 1873 4080 exsecutio
1920 4006 2265 4099 potestatis

723 4139 1038 4223 respectu
1071 4128 1411 4195 minorum
1453 4121 1522 4188 in
1553 4119 1752 4187 lacto.
1798 4114 2139 4191 Secundo,
2191 4114 2262 4181 in

718 4237 957 4316 verbo,
1002 4235 1121 4313 ibi,
1162 4259 1193 4296 π
1238 4227 1762 4320 Increpationes.
1801 4249 1834 4290 ι

809 4344 991 4414 Dicit
1046 4360 1211 4431 ergo
1266 4360 1281 4404 ε
1342 4333 1457 4403 Sic
1511 4330 1717 4424 gladii
1786 4329 2108 4420 ancipites
2191 4330 2260 4397 in

719 4449 1036 4521 manibus
1075 4465 1314 4514 eorum
1349 4463 1365 4510 ε
1428 4438 1608 4507 unde
1669 4461 1703 4503 ι
1750 4433 2186 4512 laetabuntur,
2222 4461 2257 4499 n

719 4570 786 4630 et
816 4558 972 4636 boc,
1008 4581 1041 4621 α
1077 4553 1174 4622 ad
1196 4548 1589 4643 faciendam
1621 4545 1990 4614 vindictam
2032 4544 2100 4610 in
2130 4567 2263 4611 na·-

721 4665 1050 4742 tionibus,
1083 4690 1114 4726 n
1155 4662 1226 4728 in
1266 4656 1685 4734 bominibus,
1729 4652 1844 4745 qui
1885 4653 1953 4721 in
2007 4672 2263 4721 concu-

718 4776 1054 4870 piscentia
1119 4770 1365 4851 carnis,
1409 4769 1478 4835 in
1509 4788 1646 4858 qua
1683 4765 1824 4833 nati
1874 4772 2053 4837 sunt,
2098 4760 2264 4829 tina-

718 4885 877 4955 liter
913 4882 1455 4973 permanserunt.
1503 4874 1752 4963 Supra,
1795 4872 1864 4938 in
1914 4868 2093 4937 l'sal.
2124 4890 2257 4948 cix,

720 4997 762 5064 6
788 5016 805 5062 ε
835 4985 1193 5063 ,Iudicabit
1223 4986 1294 5053 in
1323 4980 1740 5057 nationibus,
1774 4976 2084 5069 implebit
2112 4975 2264 5042 rui-

719 5124 872 5180 nas,
935 5105 1064 5167 etc.
1137 5092 1441 5184 Sapient.
1510 5111 1609 5172 m,
1669 5088 1754 5155 8:
1810 5082 2255 5157 ,ludii-abunt,

725 5210 983 5280 scilicet
1037 5201 1294 5275 Sancti.
1328 5199 1661 5273 nationes,
1694 5205 1758 5263 et
1799 5190 2263 5262 dominabun-

724 5327 842 5387 tur
899 5310 1209 5406 populis.
1271 5305 1405 5375 Sed
1469 5301 1817 5396 quomodo
1873 5301 2036 5369 dicit
2104 5296 2259 5376 hoc,

722 5446 886 5495 cum
913 5417 1038 5488 Dei
1067 5415 1282 5487 solius
1310 5416 1399 5482 sit
1433 5407 1739 5481 vindicta
1761 5410 1797 5478 ‘I
1822 5407 1929 5476 Ad
1968 5407 2257 5475 Roman.

747 5643 750 5648 ’
799 5654 821 5693 ⁸
847 5654 1087 5713 Denter.
1115 5659 1301 5717 xxxix,
1331 5645 1398 5701 35
1433 5660 1448 5700 z
1479 5646 1601 5702 flea
1648 5648 1727 5699 est
1753 5638 1917 5709 ultio,
1963 5644 2017 5696 et
2049 5653 2151 5711 eqo
2176 5651 2265 5694 re·

1719 296 1805 366 D.
1857 294 2053 364 ALB.
2105 292 2322 360 MAG.

2377 290 2580 363 om).
2633 293 2931 363 PRAED.

2378 487 2495 541 xu,
2547 466 2624 534 19
2679 487 2694 532 ε
2748 464 2928 533 ΜίΙιὶ
2973 463 3304 540 vindicta,
3346 484 3469 554 eqo
3516 461 3926 538 retribuam,

2379 573 2545 641 dicit
2608 576 2945 642 Dominus
2977 575 3022 639 ¹.
3089 571 3192 653 Et,
3265 569 3471 639 Eccli.
3554 591 3797 644 xxvm,
3846 570 3876 634 1
3914 592 3930 635 ε

2382 684 2518 765 Qui
2565 683 2902 750 vindicari
2947 681 3123 759 vult,
3169 706 3213 749 a
3268 681 3570 747 Domino
3631 678 3933 745 inveniet

2378 788 2770 856 vindictam.
2807 789 2891 857 Et
2948 788 3179 855 Sancti
3213 786 3343 853 hoc
3390 787 3613 875 ipsum
3656 787 3921 872 petunt,

2375 892 2656 981 Apocal.
2726 918 2818 974 vi,
2905 898 2985 964 10
3021 949 3035 963 .
3131 897 3519 986 UsquequO,
3594 891 3916 965 Domine,

2377 1000 2674 1088 (sanctus
2730 1011 2794 1067 et
2848 1003 3068 1091 verus)
3134 1025 3272 1069 non
3325 1001 3645 1090 judicaS,
3691 1008 3755 1065 et
3790 1018 3935 1063 non

2375 1107 2680 1175 vindicas
2732 1110 3142 1198 sanquinem
3198 1107 3569 1175 nostrum?
3643 1105 3731 1173 Et
3832 1111 3934 1171 est

2377 1216 2751 1305 responsiO,
2786 1214 2971 1306 quod
2998 1215 3211 1283 solius
3252 1214 3377 1283 Dei
3445 1217 3575 1282 erit
3630 1210 3930 1279 vindicta

2377 1323 2800 1406 auctoritate,
2845 1332 3238 1391 sanctorum
3309 1328 3543 1389 autem
3624 1318 3933 1409 Angelo-

2378 1451 2529 1496 rum
2561 1439 2626 1497 et
2650 1429 3005 1498 hominum
3039 1430 3441 1498 ministerio.
3470 1427 3530 1494 ll
3564 1426 3928 1515 Reg.xx11,

2378 1536 2461 1601 47
2494 1542 2561 1603 et
2589 1536 2672 1603 48
2709 1557 2723 1601 :
2760 1534 3218 1603 Eaealtabitur
3257 1537 3444 1602 Deus
3486 1535 3697 1624 sortis
3728 1531 3934 1598 salu-

2376 1643 2464 1709 tis
2502 1665 2687 1711 mese.
2721 1647 2906 1712 Deus
2934 1643 3057 1734 qui
3119 1644 3246 1711 das
3302 1642 3647 1711 vindictas
3723 1639 3925 1722 milii,

2377 1759 2440 1817 et
2468 1750 2711 1841 dejicis
2742 1752 3040 1842 populos
3094 1750 3223 1819 sub
3281 1773 3411 1818 me.
3446 1749 3597 1817 Hoc
3663 1745 3931 1838 signifi-

2378 1869 2601 1927 catum
2659 1860 2807 1941 suit,
2872 1859 3140 1938 Esther,
3211 1880 3354 1938 vui,
3404 1859 3485 1926 12
3545 1855 3755 1936 et13,
3808 1853 3929 1921 ubi

2378 1967 2632 2036 dictum
2700 1974 2849 2035 est:
2917 1968 3306 2036 Constituto
3362 1975 3460 2034 est
3511 1987 3640 2057 per
3704 1982 3934 2030 omnes

2372 2073 2761 2162 provincias
2819 2095 2959 2140 una
3034 2072 3324 2140 ultionis
3381 2071 3641 2144 dies,...
3714 2074 3793 2135 ut
3858 2067 3932 2132 in

2378 2176 2694 2245 omnibns
2724 2179 2920 2245 terris
2955 2198 3035 2245 ac
3057 2175 3371 2268 populis,
3403 2176 3528 2267 qui
3568 2174 3748 2265 reqis
3798 2174 3936 2241 As-

2378 2285 2564 2351 sueri
2594 2282 3046 2373 subjacebant
3085 2283 3398 2374 imperio,
3431 2289 3677 2349 notum
3736 2279 3930 2367 fieret

2373 2401 2663 2484 paratos
2699 2413 2834 2460 esse
2885 2390 3162 2460 ,ludaeos
3191 2390 3290 2458 ad
3322 2388 3733 2481 capiendam
3791 2385 3936 2454 vin-

2381 2496 2636 2566 dictam
2692 2498 2773 2566 de
2831 2497 3140 2566 hostibus
3182 2498 3353 2564 suis.
3404 2495 3567 2564 Haec
3624 2494 3792 2574 dies,
3843 2491 3925 2559 de

2382 2632 2542 2700 qua,
2577 2609 2900 2678 Proverb.
2934 2631 3027 2691 vi,
3064 2609 3149 2677 34-
3178 2626 3195 2677 :
3231 2608 3442 2676 Zelus
3468 2616 3533 2674 et
3559 2607 3767 2695 furor
3795 2602 3928 2671 viri

2381 2740 2517 2784 non
2549 2726 2782 2808 parcet
2814 2718 2883 2784 in
2914 2717 3025 2783 die
3062 2715 3405 2784 vindictae.
3455 2713 3567 2793 Et,
3609 2709 3818 2778 Eccli.
3853 2730 3923 2791 v,

2381 2828 2422 2894 8
2453 2834 2520 2891 et
2547 2825 2623 2892 9:
2658 2825 2812 2892 Non
2831 2822 3059 2891 tardes
3078 2822 3376 2891 converti
3403 2820 3501 2888 ad
3514 2818 3923 2893 Dominum,

2380 2941 2445 2997 et
2479 2952 2561 2997 ne
2588 2929 2869 3020 differas
2897 2929 2981 2997 de
3008 2929 3119 2997 die
3149 2930 3220 2996 in
3249 2927 3470 2995 diem:
3489 2923 3721 2994 subito
3745 2923 3926 2991 enim

2383 3037 2598 3104 veniet
2636 3037 2743 3103 ira
2781 3035 3002 3117 illius,
3044 3044 3109 3102 et
3139 3037 3211 3101 in
3257 3044 3559 3125 tempore
3610 3029 3929 3099 vinde'ctae

2381 3141 2723 3234 disperdet
2751 3151 2836 3211 te.
2871 3140 3012 3211 Nec
3042 3141 3293 3209 mirum
3320 3141 3377 3208 si
3411 3136 3649 3207 Sancti
3680 3136 3931 3205 sacient

2380 3249 2773 3327 vindictam,
2823 3249 2986 3339 quia
3030 3269 3269 3316 omnes
3305 3255 3634 3315 creaturae
3676 3243 3933 3311 faciunt

2378 3356 2771 3434 vindictam,
2798 3354 3001 3425 Eccli.
3035 3376 3271 3433 xxxix,
3298 3354 3382 3423 33
3404 3361 3471 3423 et
3506 3373 3653 3442 seq.
3699 3372 3717 3420 ε
3748 3352 3931 3420 Sunt

2376 3465 2683 3557 Spiritus
2736 3465 2858 3557 qui
2893 3461 2989 3532 ad
3032 3463 3407 3531 vindictam
3458 3469 3691 3529 ereata
3734 3465 3926 3539 sunt,

2374 3583 2500 3640 etc.
2537 3571 2644 3649 Et,
2677 3577 2740 3647 ἵ.
2778 3572 2898 3638 315:
2936 3570 3189 3638 Omnia
3217 3568 3359 3638 liaee
3396 3567 3493 3634 ad
3550 3564 3930 3634 vindictam

2374 3692 2601 3750 ereata
2628 3690 2788 3749 sunt
2829 3704 2851 3748 .·
2894 3679 3267 3747 bestiarum
3292 3693 3295 3696 ’
3320 3678 3576 3756 dentes,
3634 3685 3699 3743 et
3752 3695 3933 3740 scor·

2367 3790 2500 3882 pii,
2532 3799 2596 3856 et
2637 3798 2996 3880 serpentes,
3037 3798 3102 3856 et
3166 3783 3516 3877 rempha-a
3575 3783 3930 3852 vindicans

2374 3903 2446 3968 in
2477 3900 2958 3968 exterminium
2990 3899 3263 3989 impios.

2462 4141 2497 4183 ι
2530 4115 3038 4207 Increpationes
3057 4114 3130 4180 in
3152 4113 3466 4206 populis.
3511 4133 3548 4179 ι
3601 4110 3774 4180 Ecce
3829 4131 3932 4179 se-

2370 4221 2695 4291 cundum.
2731 4222 2945 4302 Quasi
2997 4219 3250 4290 diceret
3285 4240 3303 4289 z
3342 4217 3460 4287 Sic
3496 4217 3831 4286 videbunt
3858 4218 3930 4285 in

2367 4341 2580 4420 ficte,
2624 4340 2692 4399 et
2730 4331 2934 4398 etiarn
2981 4354 3016 4396 a
3051 4328 3551 4419 increpationes
3592 4326 3661 4392 in
3701 4346 3930 4417 popu-

2372 4441 2485 4522 lis,
2527 4465 2561 4505 »
2605 4462 2757 4532 quae
2785 4447 2946 4508 sunt
2986 4438 3054 4506 in
3095 4436 3333 4507 verbo.
3406 4434 3502 4504 IV
3550 4434 3724 4526 neg.
3782 4456 3925 4518 nx,

2369 4549 2450 4616 3:
2500 4549 2683 4615 Dies·
2739 4545 3221 4615 tribulationis
3284 4550 3351 4612 et
3427 4542 3932 4634 increpationis

2367 4655 2511 4723 dies
2541 4651 2710 4723 iste}
2746 4665 2904 4723 tunc
2961 4654 3144 4722 enim
3175 4651 3320 4719 dire
3359 4649 3924 4742 increpabuntur,

2369 4763 2486 4852 qui
2522 4758 2637 4830 hic
2694 4759 3191 4849 increpationes
3231 4756 3466 4825 audire
3527 4754 3800 4837 nolunt,
3842 4754 3926 4824 de

2372 4868 2644 4960 quibus,
2680 4863 3008 4936 proverb.
3061 4886 3110 4942 ι,
3153 4864 3239 4933 25
3278 4870 3345 4933 et
3400 4864 3537 4932 26:
3597 4863 3929 4955 Increpa-

2369 4979 2585 5046 tiones
2639 4997 2825 5043 meas
2874 4971 3279 5064 neglexistis
3309 4993 3332 5040 .·
3398 4994 3523 5063 eqo
3590 4978 3822 5040 autem
3855 4968 3928 5036 in

2369 5083 2651 5152 interitu
2716 5090 2929 5149 vestro
2986 5078 3247 5148 ridebo.
3313 5076 3644 5148 proverb.
3705 5097 3779 5159 ν,
3810 5077 3851 5144 9
3899 5095 3918 5143 z

2368 5192 2470 5260 Ne
2497 5190 2613 5257 des·
2641 5187 2890 5255 alienis
2945 5188 3271 5256 honorem
3339 5197 3567 5263 tuum,
3608 5194 3672 5253 et
3711 5203 3926 5252 annos

2368 5304 2521 5365 tuos
2547 5295 2834 5364 crudeli.
2902 5293 3013 5378 Et,
3084 5293 3283 5375 inira,
3342 5299 3454 5370 ἡ.
3521 5293 3596 5360 11
3667 5300 3738 5361 et
3786 5292 3919 5359 12:

2368 5406 2551 5474 Ne...
2609 5425 2844 5495 qemas
2901 5404 2974 5470 in
3016 5402 3527 5482 novissimis,...
3572 5409 3638 5468 et
3676 5399 3869 5468 dieas
3896 5419 3922 5467 .·

2370 5634 2618 5695 tribuam
2644 5635 2707 5694 tn
2734 5641 3001 5711 tempo-c.
