5008 6329
393 5354 522 5427 40

662 327 787 393 102

660 504 793 574 tor,
837 506 903 565 et
969 509 1210 568 rector.
1263 500 1458 578 Osee,
1493 524 1586 579 tx,
1653 504 1730 568 13
1787 527 1801 569 ε
1863 505 2201 594 Ephraim

665 605 962 674 adducet
1044 609 1141 674 ad
1199 609 1692 695 interfectorem
1765 610 1956 696 filios
2015 633 2196 678 suos,

666 712 801 790 Qui
860 722 1089 781 autem
1154 715 1420 780 minora
1492 737 1719 804 opera,
1799 717 2052 785 scilicet
2107 717 2209 804 je-

657 820 932 908 junium
996 827 1060 885 et
1110 818 1439 908 vigiliam,
1489 823 1799 890 immolat
1843 824 1902 890 ei
1970 822 2203 900 filiam,

667 926 854 1018 quod
919 926 1256 994 Dominus
1283 929 1506 1017 setiam
1562 929 1901 1020 prohibet,
1961 927 2200 996 Matth.

663 1056 762 1112 vn,
840 1034 920 1097 16
964 1054 979 1097 ε
1047 1035 1216 1101 Cum
1234 1035 1614 1124 J'eJ‘unati5‚
1665 1037 1878 1103 nolite
1910 1036 2067 1123 fieri
2082 1036 2208 1102 sic-

669 1150 747 1207 ut
775 1140 1149 1230 hypocritae
1178 1145 1424 1223 tristes,
1486 1154 1611 1211 etc.

762 1381 796 1421 α
827 1357 924 1422 Ει
974 1358 1230 1446 insecta
1296 1367 1414 1426 est.
1478 1382 1510 1421 a
1587 1356 1718 1424 Hic
1780 1356 2214 1448 subjungitur

666 1465 880 1533 totius
918 1472 1117 1533 terrae
1150 1464 1420 1532 infectio
1452 1487 1532 1531 ex
1553 1462 1681 1532 hac
1711 1464 2207 1533 immolatione.

667 1575 754 1642 lit
792 1574 1043 1666 primo,
1103 1575 1407 1663 tangitur
1466 1575 1704 1641 mortis
1778 1574 2206 1665 generalitaS,

667 1689 1004 1773 quantum
1063 1681 1147 1748 ad
1237 1681 1495 1749 locum.
1560 1680 1901 1763 Secund0‚
1987 1704 2214 1751 corru-

667 1788 998 1881 ptibilitas
1037 1796 1100 1857 et
1144 1789 1439 1874 infectio,
1507 1802 1837 1882 quantum
1897 1791 1981 1859 ad
2023 1790 2214 1858 inha-

666 1899 988 1974 bitantes,
1056 1898 1173 1982 ibi,
1207 1906 1271 1974 5.
1316 1900 1399 1966 39
1447 1922 1460 1965 :
1523 1928 1555 1961 «
1601 1903 1698 1967 Et
1741 1901 2211 1968 contaminata

667 2014 789 2073 est.
826 2030 862 2070 n

759 2116 942 2185 Dicit
970 2139 1184 2209 ergo:
1241 2118 1470 2202 Filios,
1530 2128 1598 2187 et
1672 2118 1847 2188 filias
1903 2120 2214 2189 immola—

669 2234 922 2295 verunt
955 2250 970 2295 ε
1018 2253 1053 2290 ⁸
1096 2237 1159 2294 ct
1198 2252 1231 2293 κ
1266 2229 1361 2296 sic
1421 2253 1453 2293 ⁸
1498 2230 1750 2318 insecta
1779 2240 1879 2297 est
1914 2241 2121 2314 terra,
2174 2255 2205 2295 ι

670 2336 736 2403 id
780 2343 906 2413 est,
941 2334 1358 2405 habitatores
1432 2345 1648 2417 terrae,
1713 2366 1747 2401 α
1792 2341 1862 2406 in
1933 2341 2210 2430 sanqui-

668 2441 899 2521 nibus‚
946 2470 980 2506 n
1024 2466 1289 2522 eorum,
1350 2443 1417 2511 in
1465 2448 1757 2535 peccatis
1814 2446 2090 2524 scilicet,
2145 2445 2213 2514 id

667 2560 796 2630 est,
827 2559 1107 2642 propter
1142 2561 1412 2643 peccata
1467 2576 1730 2634 eorum,
1782 2577 1934 2645 quae
1981 2555 2214 2623 dicun-

668 2669 781 2726 tur
821 2660 1214 2750 sanquincs.
1279 2659 1458 2728 Psal.
1501 2684 1561 2739 ι,
1601 2663 1681 2728 10
1743 2684 1759 2729 ε
1803 2662 2048 2730 Libera
2107 2683 2214 2730 me

669 2767 755 2832 de
779 2765 1270 2855 sanquinibus.
1307 2767 1503 2846 Osee,
1565 2792 1658 2852 w,
1715 2772 1754 2834 2
1816 2793 1831 2837 ε
1906 2770 2212 2858 Sanqnis

661 2876 1077 2963 sanquinem
1146 2877 1393 2965 tctiqit.
1461 2875 1793 2945 Ezechiel.
1875 2900 1997 2956 vn,
2070 2879 2207 2945 23:

667 2984 809 3050 Fac
843 2982 1369 3068 conclusionem,
1447 2987 1774 3076 quoniam
1823 2995 2004 3054 terra
2053 2987 2215 3077 ple-

662 3113 759 3158 na
788 3099 887 3156 est
930 3089 1213 3180 judicio
1248 3096 1698 3184 sanquinum.

757 3443 791 3481 ⁸
847 3414 944 3483 Et
983 3418 1479 3484 contaminata.
1527 3443 1559 3481 »
1594 3413 1722 3483 liic
1760 3418 2065 3508 tangitur
2110 3416 2210 3484 in-

659 3524 905 3597 fectio:
950 3532 1019 3593 et
1046 3525 1290 3615 primo,
1337 3523 1631 3593 infecti0.
1685 3525 2026 3606 Secundo,
2067 3548 2214 3593 mo·

658 3634 791 3702 dua
838 3630 1249 3710 infectionis,
1295 3630 1496 3700 velin
1536 3654 1671 3723 quo
1702 3631 1817 3700 illa
1858 3633 2158 3702 infectio.

749 3739 931 3809 Dicit
991 3738 1176 3808 enim
1218 3760 1235 3805 ε
1271 3765 1306 3802 ⁸
1340 3740 1434 3807 Et
1459 3741 1927 3807 contaminata
1989 3750 2088 3808 cst
2139 3740 2209 3806 in

656 3844 982 3942 operibus
1044 3867 1304 3914 corum.
1335 3871 1364 3907 t
1411 3844 1686 3914 Levitic.
1757 3868 1947 3931 xvm,
2007 3846 2093 3913 24
2141 3854 2211 3914 et

658 3957 809 4024 25:
879 3954 984 4022 Ne
1038 3951 1469 4044 polluamini
1524 3955 1592 4021 in
1685 3951 2004 4021 omnibus
2068 3953 2201 4032 leis,

660 4058 919 4155 quibus
945 4062 1428 4130 contaminatae
1455 4069 1619 4130 sunt
1648 4062 1977 4129 universae
2035 4061 2204 4129 Gen·

660 4180 869 4251 tes,...
915 4179 981 4236 ει
1015 4168 1267 4262 quibus
1284 4169 1567 4263 polluta
1603 4181 1702 4238 cst
1746 4179 1952 4238 terra.

755 4300 789 4341 ⁸
821 4277 918 4344 Et
962 4277 1296 4366 fornicati
1336 4287 1524 4344 sunt.
1561 4303 1595 4338 a
1644 4276 1776 4346 nio
1820 4276 2069 4346 modus
2105 4277 2199 4346 in·

655 4382 1308 4463 fectionis‚‚'scilicet
1350 4383 1717 4476 spiritualia
1789 4385 2148 4456 fornicatio
2180 4409 2199 4457 ε

654 4486 842 4557 unde
917 4485 1103 4555 addit
1144 4509 1161 4555 ε
1200 4515 1233 4550 κ
1275 4489 1396 4570 Ει,
1452 4518 1486 4550 »ι
1538 4488 1604 4556 id
1634 4496 1762 4567 est,
1798 4513 1832 4554 ⁸
1872 4489 2206 4579 fornicati

650 4603 818 4663 sunt
874 4593 946 4659 in
976 4591 1575 4661 adinventionibus
1625 4595 1797 4673 suis,
1872 4620 1906 4660 ι
1942 4595 2011 4664 id
2067 4604 2197 4674 est,

653 4700 857 4772 idolis
886 4724 1039 4794 quie
1068 4701 2141 4794 adinvenerunt.Sapient.xw,12
2181 4728 2198 4773 :

649 4809 946 4880 Initium
1045 4810 1529 4900 fornicationis
1627 4821 1733 4880 est
1826 4813 2197 4904 exquisitio

647 4916 1000 4988 idolorum
1044 4940 1068 4985 .·
1131 4925 1198 4985 et
1257 4917 1647 4986 adinventio
1703 4917 1989 4987 illorum
2059 4943 2204 4989 cor·

643 5024 883 5116 ruptio
920 5025 1077 5092 vitae
1113 5035 1236 5093 est.

738 5373 775 5412 ⁸
818 5349 913 5418 Et
979 5349 1204 5416 iratus
1245 5360 1344 5418 cst
1368 5352 1630 5440 surore.
1669 5377 1703 5417 a
1768 5351 1894 5421 nie
1946 5375 2195 5422 necun-

642 5459 814 5527 dum
888 5457 1099 5524 totius
1190 5454 1397 5545 hujus
1474 5462 1709 5550 partis.
1815 5461 2189 5553 Postquam

641 5569 832 5639 enim
863 5565 1086 5656 tetigit
1129 5585 1368 5633 eorum
1415 5567 1684 5658 culpam
1724 5569 1793 5638 in
1832 5571 1978 5660 ipsa
2015 5577 2191 5638 terra

1653 331 1734 397 D.
1787 332 1984 398 ΑΕΒ.
2038 331 2254 399 MAG.
2308 330 2513 399 ORD.
2569 328 2861 393 PRAED.

2312 504 2616 590 ipsorum
2710 519 2983 590 poenam
3042 519 3056 562 ε
3150 503 3216 562 et
3312 492 3630 559 dicuntur
3701 486 3856 555 tria.

2312 609 2572 685 Primo,
2605 606 2905 696 tangitur
2943 606 3041 672 ira
3079 602 3205 669 Dei
3272 599 3361 668 ad
3427 597 3581 664 illos
3639 597 3709 661 in
3751 595 3863 658 in-

2314 714 2728 804 dignatione.
2796 710 3141 787 Secundo,
3236 704 3506 798 punitio
3582 700 3857 767 illorum

2313 844 2437 911 per
2464 822 2648 913 ipsos
2675 820 3015 898 inimicOS,
3062 816 3182 899 ibi,
3217 823 3299 891 γρ
3327 815 3410 879 41
3453 836 3468 880 :
3513 838 3547 873 ⁸
3581 810 3676 877 Et
3711 816 3862 872 tra-

2316 929 2533 998 didit..
2573 958 2605 991 »
2664 929 2916 1005 Tertio,
2954 922 3341 993 humiliatio
3401 918 3677 986 illorum
3734 910 3860 980 sub

2317 1038 2610 1104 inimicis
2674 1045 2828 1127 post
2855 1035 3311 1125 punitionem,
3345 1026 3467 1105 ibi,
3508 1027 3580 1092 in
3636 1020 3861 1091 medio

2316 1153 2381 1221 γ.
2427 1145 2511 1211 42
2549 1168 2563 1211 :
2604 1170 2636 1210 ⁸
2678 1147 2773 1211 Et
2800 1141 3167 1210 humiliati
3188 1147 3376 1206 sunt.
3416 1158 3451 1201 a

2407 1253 2485 1320 ln
2562 1255 2779 1342 prima
2843 1251 3004 1319 duo.
3065 1248 3331 1325 Primo,
3388 1243 3694 1330 tangitur
3737 1235 3864 1302 Dei

2318 1361 2693 1451 indignatio
2783 1359 2870 1427 ad
2960 1358 3138 1426 illos.
3238 1349 3594 1428 Secundo,
3661 1344 3869 1414 vehe-

2319 1471 2575 1538 mentia
2642 1468 3155 1560 indignationiS,
3218 1463 3339 1542 ibi,
3395 1484 3428 1526 ⁸
3462 1462 3558 1527 Et
3597 1454 3870 1525 abomi-

2316 1587 2525 1645 natus
2561 1587 2679 1644 est.
2718 1601 2751 1643 »

2407 1686 2585 1753 Dicit
2650 1707 2811 1776 ergo
2886 1706 2902 1752 ε
2984 1681 3100 1751 Sic
3156 1680 3286 1771 ipsi
3349 1677 3863 1768 peccaverunt:

2323 1822 2355 1856 «
2390 1804 2453 1861 ει
2511 1795 2730 1860 iratus
2757 1801 2855 1858 est
2879 1793 3120 1881 surore
3147 1786 3517 1861 Dominus,
3556 1808 3588 1843 »ι
3628 1778 3697 1846 id
3739 1786 3865 1859 est,

2318 1909 2667 1992 tamquam
2700 1902 2911 1967 iratus
2948 1898 3048 1964 ira
3085 1891 3435 1962 furibundi
3471 1890 3691 1957 factus
3737 1893 3864 1968 est,

2321 2037 2354 2074 α
2391 2011 2460 2077 in
2501 2009 2763 2100 populo
2816 2026 2968 2083 suo,
3018 2029 3051 2071 »
3123 2003 3190 2071 id
3255 2009 3380 2081 est,
3442 2003 3683 2067 contra
3737 2014 3868 2087 po-

2316 2117 2556 2210 pulum
2595 2139 2818 2184 suum.
2861 2113 3084 2181 Judic.
3142 2135 3213 2190 ιι,
3263 2108 3345 2177 14
3381 2129 3398 2178 ε
3450 2108 3685 2175 Iratus
3728 2104 3871 2170 Do·

2317 2229 2548 2297 minus
2603 2236 2836 2296 contra
2899 2222 3140 2292 Israel.
3238 2220 3326 2288 Et
3390 2240 3532 2287 non
3596 2222 3867 2284 tantum

2317 2342 2554 2417 iratuS,
2588 2335 2772 2429 quod
2812 2355 3142 2425 magnum
3172 2338 3301 2414 est,
3343 2325 3463 2397 sed
3516 2351 3550 2392 ⁸
3608 2322 3868 2392 abomi-

2318 2456 2525 2512 natus
2590 2452 2686 2510 cst
2735 2438 3203 2507 lnaereditatem
3273 2455 3508 2515 suam,
3579 2457 3613 2494 κ
3683 2435 3869 2495 tam-

2319 2574 2524 2643 quam
2587 2550 2855 2640 penitus
2924 2545 3250 2635 abjiciens
3332 2539 3550 2608 illam.
3637 2534 3857 2602 Levit.

2318 2684 2507 2739 xxvi,
2543 2660 2626 2728 30
2671 2682 2685 2725 ε
2761 2655 3038 2727 Cadetis
3113 2655 3290 2720 inter
3347 2650 3593 2718 ruinas
3651 2641 3871 2713 idolo-

2319 2793 2474 2838 rum
2533 2778 2909 2836 vestrorum
2938 2817 2954 2845 ,
3029 2773 3093 2832 ει
3158 2755 3681 2830 abominabitur
3757 2774 3870 2819 cos

2318 2881 2555 2945 anima
2593 2901 2765 2945 nica.
2812 2873 3012 2958 Osee,
3047 2896 3141 2954 ix,
3199 2872 3279 2938 10
3327 2890 3368 2936 ἐ
3429 2866 3636 2937 Facti
3707 2871 3871 2930 sunt

2318 2985 2836 3062 abominabiles,
2877 2986 3056 3052 sicut
3102 3004 3182 3049 ca
3227 3002 3383 3072 quae
3446 2973 3865 3045 dilexerunt.

2408 3339 2443 3376 ⁸
2475 3313 2574 3380 Et
2611 3308 2927 3379 tradidit.
2966 3333 3000 3373 a
3033 3305 3163 3375 Hic
3208 3301 3618 3381 secundum,
3686 3297 3873 3369 acili-

2317 3427 2420 3488 cet
2450 3418 2714 3510 punitio
2752 3414 3026 3484 illorum
3079 3434 3203 3505 per
3242 3413 3428 3502 ipsos
3497 3408 3814 3478 inimicos
3849 3430 3864 3476 ε

2319 3536 2384 3595 et
2418 3534 2791 3618 tanguntur
2820 3526 2973 3592 tria.
3025 3521 3290 3602 Primo,
3351 3517 3662 3588 dimissio
3711 3515 3869 3584 ino-

2318 3657 2467 3702 rum
2510 3634 2671 3725 ipsis
2710 3629 3063 3701 Gentibus.
3137 3626 3485 3706 Secundo,
3547 3624 3868 3694 domina-

2316 3743 2410 3810 tio
2450 3741 2795 3817 Gentium,
2839 3747 2905 3808 et
2942 3735 3393 3829 praepotentia
3429 3754 3639 3825 super
3681 3730 3863 3808 illos,

2315 3847 2433 3927 ibi,
2483 3877 2517 3909 ιι
2556 3850 2648 3916 Et
2702 3846 3047 3915 dominati
3095 3855 3283 3914 sunt.
3321 3869 3358 3907 a
3399 3841 3658 3923 TertiO,
3699 3838 3869 3908 ami-

2311 3955 2448 4024 ctio
2485 3953 2973 4044 subjectorum,
3017 3951 3139 4032 ibi,
3170 3958 3236 4028 ὴ.
3270 3951 3358 4018 42
3391 3970 3409 4017 ε
3454 3976 3489 4012 ⁸
3523 3949 3622 4016 Et
3649 3943 3866 4014 tribu-

2314 4063 2652 4133 laverunt.
2690 4088 2723 4128 a

2399 4170 2580 4240 Dicit
2607 4192 2770 4261 ergo
2814 4192 2830 4237 ε
2877 4168 2990 4237 Sic
3022 4167 3268 4257 abjecit
3317 4188 3465 4246 eos,
3500 4190 3536 4231 ⁸
3577 4172 3643 4233 et
3673 4188 3708 4230 ι
3767 4164 3866 4230 sic

2313 4306 2349 4347 ⁸
2382 4280 2677 4349 tradidit
2712 4302 2822 4348 cos
2860 4281 2932 4346 in
2989 4299 3229 4356 manu,
3265 4304 3301 4340 ι»
3335 4275 3407 4344 id
3463 4283 3592 4354 eet.
3624 4274 3696 4342 in
3732 4296 3865 4365 po—

2310 4396 2574 4464 testate,
2630 4414 2660 4448 ιι
2699 4386 3049 4456 Gentium.
3084 4408 3119 4450 ι
3174 4380 3531 4465 Judicum,
3575 4401 3671 4460 iv,
3719 4380 3750 4447 ¹
3794 4388 3863 4449 et

2309 4499 2350 4566 2
2395 4519 2412 4566 ε
2477 4495 2915 4566 Addiderunt
2967 4491 3113 4581 filii
3165 4489 3390 4559 Israel
3420 4490 3654 4580 lacere
3706 4509 3863 4557 ma-

2310 4606 2457 4676 lum
2497 4607 2570 4674 in
2598 4611 2954 4696 conspectu
2989 4601 3303 4671 Domini.
3342 4648 3394 4669 ..
3423 4598 3524 4668 Et
3560 4595 3859 4667 tradidit

2308 4714 2472 4784 illos
2540 4712 2877 4782 Dominus
2932 4711 3005 4777 in
3079 4729 3331 4777 manus
3383 4703 3629 4786 labin,
3677 4705 3861 4796 reqis

2309 4823 2665 4892 chanaan.

2396 5062 2430 5103 ⁸
2488 5038 2583 5105 Ει
2637 5033 3000 5102 dominati.
3072 5056 3107 5098 ι
3177 5030 3350 5100 Ecce
3436 5023 3851 5097 secundum.

2303 5145 2516 5226 Quasi
2542 5142 2834 5212 diceret:
2872 5138 2989 5209 Sic
3017 5137 3246 5209 traditi
3274 5141 3433 5204 sunt
3472 5155 3713 5203 eorum
3734 5154 3856 5224 po-

2301 5251 2553 5328 testati,
2586 5257 2653 5318 et
2680 5247 2789 5318 isti
2817 5268 2961 5316 non
2985 5267 3104 5317 eos
3133 5242 3542 5311 dimiserunt
3571 5238 3849 5319 liberos,

2299 5360 2440 5428 imo
2507 5386 2542 5423 ⁸
2583 5360 2705 5451 qui
2755 5357 3044 5425 oderunt
3106 5374 3243 5430 eos,
3292 5349 3639 5419 dominati
3689 5354 3854 5416 sunt

2297 5490 2553 5536 eonem.
2592 5491 2627 5533 a
2667 5464 2729 5535 ll
2782 5462 3040 5546 Eadroe,
3090 5483 3186 5540 tx,
3236 5458 3321 5527 37
3376 5481 3393 5527 ε
3451 5459 3550 5526 Ει
3610 5459 3852 5547 lruqes

2297 5576 2455 5666 ejus
2510 5573 3075 5667 multiplicantur
3146 5565 3423 5657 reqibus
3488 5585 3661 5658 quos
3716 5583 3852 5653 po-

639 5673 1126 5773 promissionis
1153 5680 1634 5765 perpetratam,
1693 5678 2017 5771 supponit
2079 5675 2190 5747 hic
2294 5681 2501 5750 suisti
2531 5702 2738 5773 super
2761 5698 2911 5758 nos,
2941 5680 3229 5768 propter
3262 5679 3554 5764 peccata
3581 5674 3842 5746 nostra,
