5008 6329
902 2325 1022 2394 27

1901 303 2615 375 COMMENTARIUS
2665 303 2758 370 ΙΝ
2806 299 3240 371 PSALMUM
3290 298 3600 366 CXVIII.

1166 479 1504 545 Dominus
1535 480 1834 547 exaudit.
1891 479 2217 546 Proverb.
2266 500 2508 559 xxvm,
2574 477 2655 542 13
2695 495 2710 540 ε

1169 585 1305 668 Qui
1328 584 1687 653 abscondit
1740 585 1995 654 scelera
2050 609 2203 663 sua,
2265 606 2401 650 non
2458 583 2722 671 diriqe-

1164 699 1278 756 tur
1307 714 1330 757 .·
1362 693 1487 781 qui
1525 703 1758 759 autem
1797 694 2144 780 consessus
2166 690 2408 778 suerit,
2441 697 2504 753 et
2548 687 2719 753 reli-

1163 802 1388 890 querit
1426 825 1532 879 εα,
1566 801 2109 868 misericordiam
2157 805 2624 887 consequetur.

1254 1041 1286 1076 «
1334 1016 1517 1081 Doce
1544 1035 1675 1078 me.
1726 1036 1758 1075 ι
1803 1009 1930 1077 llie
1993 1008 2394 1087 seeundum,
2466 1010 2538 1076 in
2581 1030 2718 1099 quo

1160 1123 1325 1213 petit
1365 1121 1657 1212 gratiam
1688 1119 2184 1187 illuminantem
2218 1120 2288 1185 in
2320 1118 2623 1210 agendis.

1252 1228 1461 1308 Quasi
1520 1228 1780 1296 diceret
1846 1249 1863 1296 ε
1928 1228 2043 1296 Sic
2072 1234 2232 1318 peto
2272 1234 2349 1293 ut
2385 1225 2714 1307 vivifieeS‚

1158 1337 1451 1428 gratiam
1516 1335 1782 1404 fortiter
1856 1335 2081 1403 standi
2151 1333 2567 1424 praestandO,
2654 1342 2720 1402 et

1158 1443 1363 1511 etiam
1423 1470 1461 1506 «
1495 1442 1657 1511 doce
1684 1465 1815 1526 me,
1861 1471 1895 1506 »
1937 1463 2024 1509 ne
2051 1463 2272 1510 errem
2320 1441 2389 1507 in
2421 1439 2713 1532 agendo,

1162 1578 1194 1614 «
1215 1549 1765 1639 justificationes
1812 1561 1991 1632 tuaS,
2039 1574 2072 1614 ιο
2124 1549 2412 1616 virtutes
2463 1547 2721 1615 scilieet

1154 1659 1397 1742 bonas,
1431 1660 1885 1748 justificantes
1912 1658 2197 1726 animas.
2228 1655 2532 1747 Sapient.
2567 1678 2712 1734 viu,

1154 1767 1193 1835 7
1224 1790 1238 1834 ε
1273 1765 1729 1835 Sobrietatem
1780 1777 1843 1834 et
1883 1765 2332 1859 prudentiam
2381 1764 2597 1843 docet,
2655 1772 2720 1831 et

1142 1872 1535 1963 justitiam,
1594 1883 1661 1939 et
1731 1875 2076 1953 virtutem,
2145 1872 2399 1963 quibus
2466 1870 2719 1938 utilius

1154 1979 1339 2047 nihil
1364 1990 1464 2046 est
1522 1980 1594 2046 in
1631 1980 1779 2046 vita
1815 1976 2230 2046 hominibus.

1244 2325 1277 2358 «
1340 2298 1530 2364 Viam
1562 2295 2181 2385 justificationum.
2257 2318 2289 2357 ι
2371 2292 2498 2360 llio
2573 2301 2715 2359 ter-

1153 2402 1353 2480 tium,
1389 2400 1458 2466 in
1500 2421 1637 2490 quo
1678 2399 1846 2490 petit
1902 2397 2343 2465 directionem
2384 2397 2454 2463 in
2504 2394 2712 2464 modo

1152 2519 1218 2579 et
1245 2510 1486 2578 ordine
1513 2508 1804 2578 faciendi
1838 2528 1855 2577 ε
1898 2516 1964 2576 et
1992 2508 2310 2575 dicuntur
2346 2506 2508 2575 duo.
2553 2505 2714 2574 Pri-

1152 2643 1291 2702 mo,
1334 2622 1527 2710 petit.
1579 2617 1927 2697 Secundo,
1971 2616 2263 2685 fructum
2308 2623 2711 2706 sequentem

1148 2727 1469 2806 ostendit,
1528 2728 1584 2796 si
1639 2735 1992 2795 assecutus
2055 2725 2283 2804 fuerit,
2342 2724 2464 2808 ibi,
2538 2751 2574 2788 α
2614 2726 2713 2792 Et

1152 2834 1531 2905 exercebor.
1579 2861 1614 2900 ιι

1235 2946 1352 3014 Ait
1397 2967 1564 3036 ergo
1621 2967 1640 3013 ε
1703 2945 1820 3013 Sic
1867 2967 2034 3034 rogo
2087 2950 2163 3011 ut
2229 2941 2600 3019 illumines,
2644 2949 2712 3010 et

1145 3057 1350 3123 etiam
1394 3079 1429 3120 ι
1472 3054 1737 3120 instrue
1764 3075 1895 3132 me,
1926 3078 1955 3113 ι
1999 3074 2136 3120 non
2185 3049 2409 3118 solum
2447 3049 2710 3140 justili-

1144 3166 1448 3234 cationes
1494 3160 1833 3243 docendo,
1891 3159 2010 3230 sed
2055 3188 2088 3224 α
2133 3161 2342 3238 viam,
2376 3188 2409 3221 ο
2458 3158 2528 3229 id
2575 3167 2704 3242 est,

1133 3273 1707 3363 justificationum
1740 3269 2022 3339 modurn
2054 3279 2121 3338 et
2148 3267 2485 3339 ordinem.
2548 3267 2706 3338 Non

1142 3382 1328 3448 enim
1367 3380 1533 3449 satis
1561 3386 1663 3447 est
1702 3379 1883 3447 bona
1912 3400 2138 3470 agere,
2207 3378 2337 3445 nisi
2378 3376 2545 3444 liant
2582 3374 2708 3444 de-

1137 3487 1281 3555 bito
1315 3484 1549 3567 modo,
1590 3495 1655 3554 et
1687 3484 1919 3553 debito
1958 3484 2218 3553 ordine.
2246 3483 2419 3551 llinc
2448 3481 2705 3551 Paulus

1142 3605 1403 3678 monet,
1447 3593 1472 3662 l
1541 3593 1630 3663 ad
1685 3592 1994 3662 Corinth.
2067 3615 2206 3676 xiv,
2248 3592 2332 3660 40
2381 3614 2396 3658 :
2449 3591 2703 3660 Omnia

1136 3704 1434 3782 honeste,
1467 3713 1533 3772 et
1604 3703 1978 3771 secundum
2034 3700 2344 3769 ordinem
2388 3700 2700 3791 floreffia

1139 3812 1338 3881 vobis
1372 3810 1658 3881 scilieet.
1693 3809 1849 3890 vel,
1890 3816 2221 3901 quantum
2252 3807 2342 3877 ad
2368 3807 2695 3877 modum:

1149 3920 1483 3987 «instrue
1536 3940 1670 3994 me,
1701 3943 1732 3979 n
1785 3914 2120 3993 docendo,
2181 3944 2213 3975 «c
2260 3915 2475 4000 viam,
2539 3938 2575 3979 ι
2632 3913 2702 3982 id

1137 4036 1263 4108 est,
1296 4023 1728 4118 spiritualem
1791 4023 2342 4115 intelligentiam,
2386 4051 2419 4086 α
2467 4022 2700 4113 justi·

1135 4135 1543 4227 ficationum
1583 4143 1895 4211 tuorum,
1930 4155 1966 4198 s
2007 4131 2077 4199 in
2130 4129 2281 4222 lege
2316 4137 2700 4221 proeeepta-

1138 4265 1317 4320 rum,
1369 4262 1582 4333 quam
1621 4237 1820 4308 multi
1861 4239 2195 4308 nesciunt.
2254 4235 2551 4317 Baruch,
2593 4259 2693 4319 m,

1139 4348 1266 4418 28:
1320 4349 1524 4418 Viam
1550 4347 1908 4441 sapientia!
1943 4347 2347 4426 nescierunt,
2378 4345 2699 4437 spiritua·

1136 4453 1274 4526 lem
1334 4454 1599 4525 scilieet
1662 4453 2184 4549 intelligentiam
2231 4454 2303 4522 in
2365 4476 2695 4524 eaeremo·

1135 4586 1291 4636 nus.

1226 4697 1264 4738 ι
1294 4671 1394 4741 Et
1418 4668 1800 4740 exercebor.
1873 4669 2044 4740 Eece
2069 4669 2364 4741 fruetus:
2403 4695 2437 4736 α
2464 4670 2538 4739 in
2567 4669 2696 4738 mi-

1135 4777 1479 4849 rabilibus
1514 4779 1680 4858 tuis,
1725 4803 1761 4844 ι
1803 4776 1910 4847 vel
1960 4776 2279 4870 operibus
2339 4776 2449 4847 vel
2479 4776 2693 4868 justi-

1135 4883 1596 4967 ficationibus,
1637 4887 1803 4979 quia
1849 4894 1989 4954 tam
2055 4883 2481 4955 mirabilibus
2520 4886 2694 4977 ligu-

1135 4994 1228 5063 ris
1254 5017 1385 5063 nos
1416 4994 1730 5072 instruis,
1773 5015 1944 5083 quas
1963 4994 2193 5064 nullus
2228 4995 2403 5064 alius
2430 4995 2695 5085 potuis-

1135 5109 1237 5170 set
1296 5102 1662 5193 cogitasse.
1699 5102 1949 5193 Supra,
1984 5103 2052 5170 in
2096 5100 2276 5172 Psal.
2308 5124 2490 5181 ωινι,
2541 5103 2622 5170 13
2667 5125 2686 5171 ε

1134 5210 1218 5277 In
1244 5207 1848 5278 adinventionibus
1875 5210 2015 5277 tuis
2059 5209 2437 5279 wercebor.

1208 5649 1228 5687 ¹
1255 5646 1340 5707 Cf.
1368 5649 1499 5706 Aet.
1532 5664 1594 5722 n,
1617 5647 1652 5706 ί
1680 5652 1895 5724 etseq.

4252 306 4379 371 2·-.5

2916 495 2950 536 α
2982 470 3405 538 Dor-mitani!
3470 472 3708 537 anima
3776 493 3950 539 mea.
4000 496 4033 538 ι
4083 472 4210 540 llic
4265 497 4377 541 se·-
4494 504 4618 568 23

2822 576 3147 658 eundum,
3182 576 3252 641 in
3311 599 3446 666 quo
3499 587 3868 668 postquam
3925 582 4192 671 rogavit
4249 604 4371 671 pro

2823 682 3123 752 remedio
3163 691 3399 751 eontra
3452 687 4015 755 consuetudinem
4064 711 4372 778 pravam,

2823 791 2933 861 hie
2983 792 3150 882 petit
3204 800 3440 859 eontra
3478 791 3754 859 taedium
3796 795 4145 884 quoddam
4175 819 4258 864 ex
4297 821 4374 863 ea

2822 907 3242 991 generatum.
3315 899 3546 966 Primo
3587 923 3749 990 ergo
3789 901 4086 979 ostendit
4121 903 4373 971 incom-

2823 1009 3131 1076 modum.
3170 1007 3516 1088 Secunde,
3574 1011 3741 1100 petit
3800 1012 4206 1090 remedium,
4253 1012 4369 1091 ibi,

2827 1141 2861 1182 α
2900 1115 3248 1204 Confirmet
3286 1137 3413 1181 me.
3463 1143 3495 1176 n

2912 1223 3091 1291 Dicit
3121 1245 3332 1313 ergo:
3383 1223 3520 1302 Sic,
3593 1224 3912 1305 Domine,
3960 1225 4214 1295 adhaesi
4263 1252 4378 1319 pa-

2821 1333 3128 1400 vimento
3197 1339 3435 1398 eontra
3497 1333 3681 1422 quod
3769 1334 3959 1424 petii,
4039 1343 4106 1403 et
4170 1338 4371 1404 etiam

2828 1467 2861 1501 «
2895 1440 3131 1505 anima
3185 1461 3359 1515 mea,
3408 1463 3441 1503 ιο
3477 1461 3615 1507 non
3665 1463 3934 1531 corpuS,
3985 1472 4016 1506 «
4050 1443 4379 1511 dormita-

2823 1548 2945 1630 vit,
2982 1571 3015 1613 ι
3057 1546 3236 1615 lente
3266 1571 3627 1639 assurgens
3658 1549 3744 1617 ad
3788 1549 4074 1620 honuni.
4109 1552 4381 1619 Dormit

2822 1657 3032 1734 enim,
3076 1655 3196 1745 qui
3234 1654 3485 1722 oblitus
3526 1665 3627 1724 est
3685 1657 3807 1724 Dei
3871 1661 4155 1728 omnino
4191 1682 4207 1732 ε
4258 1657 4373 1728 sed

2822 1760 3169 1845 dormitat,
3217 1762 3334 1851 qui
3375 1764 3566 1852 quasi
3614 1763 3938 1854 fatigatus
3978 1764 4206 1834 lentus
4246 1777 4372 1853 est,

2823 1890 2949 1936 nee
3017 1867 3103 1935 ad
3166 1867 3426 1935 bonum
3493 1879 3837 1959 properat.
3908 1871 4009 1939 De
4059 1881 4371 1965 utroque,

2822 1975 3146 2044 Proverb.
3189 1998 3379 2054 xxiv,
3422 1977 3508 2046 33
3545 2001 3561 2044 τ
3611 1977 4011 2047 Paululum
4051 1980 4368 2063 dormisse,

2812 2084 3195 2177 paululum
3235 2084 3665 2154 dormitabis.
3747 2085 3990 2156 Matth.
4062 2111 4225 2168 xxv,
4268 2093 4307 2158 5
4351 2110 4369 2160 z

2820 2193 3384 2260 Dormitavemnt
3444 2214 3697 2271 omneS,
3776 2202 3841 2260 et
3916 2193 4370 2266 dormierunt.

2821 2299 2905 2369 Et
2933 2297 3063 2368 hoe
3095 2327 3127 2363 «
3155 2323 3302 2390 pree
3332 2299 3558 2380 eaedio,
3598 2326 3630 2365 ι
3674 2310 3827 2369 orto
3866 2324 3951 2370 ex
3981 2324 4195 2392 prava
4216 2327 4378 2372 eon-

2818 2407 3199 2488 suetudine,
3256 2416 3322 2475 et
3357 2431 3498 2497 prae
3547 2408 3754 2499 longa
3801 2409 4089 2479 fervoris
4141 2435 4377 2503 exspe-

2815 2518 3133 2593 ctatione,
3171 2538 3376 2606 quam
3411 2539 3547 2584 non
3571 2538 3849 2607 possum
3881 2522 4175 2610 assequi.
4207 2519 4370 2612 Sap.

2818 2644 2889 2700 ιι,
2941 2624 2963 2689 l
3017 2644 3034 2688 ε
3068 2623 3430 2712 Exiguum
3460 2633 3525 2690 et
3560 2644 3716 2690 cum
3738 2622 3942 2692 taedio
3972 2635 4070 2692 est
4108 2635 4375 2717 tempus

2816 2728 2971 2794 vilae
3007 2735 3278 2794 nostrae.
3322 2726 3382 2792 11
3423 2725 3507 2795 ad
3536 2725 3846 2796 Corinth.
3892 2751 3940 2808 1,
3993 2731 4033 2797 8
4078 2752 4094 2797 :
4138 2732 4372 2823 Supra

2814 2835 3097 2905 modum
3173 2838 3456 2926 qravali
3512 2859 3754 2904 sumus
3840 2861 4058 2932 supra
4151 2843 4374 2908 virtu-

2817 2952 2977 3028 tem,
3037 2944 3138 3011 ita
3167 2954 3246 3010 ut
3283 2942 3556 3010 taederet
3584 2966 3709 3010 nos
3736 2945 3947 3011 etiam
3975 2945 4220 3016 vivere.
4288 2946 4374 3014 Et

2816 3056 3005 3129 nota,
3044 3049 3231 3140 quod
3268 3049 3615 3128 dormitat,
3649 3050 4125 3141 quieonsentit
4166 3075 4183 3122 ε
4222 3052 4375 3120 dor-

2814 3162 2962 3241 mit,
3008 3162 3125 3253 qui
3164 3160 3322 3230 facit
3357 3184 3373 3231 :
3408 3160 3782 3248 obdormit,
3826 3164 3945 3255 qui
4014 3167 4368 3248 assuescit,

2813 3269 2990 3337 sieut
3034 3269 3209 3352 ssuit,
3261 3278 3328 3337 et
3376 3268 3615 3346 effluit,
3696 3280 3763 3339 et
3824 3272 4190 3363 pereffluit.
4261 3275 4366 3343 Ad

2814 3372 3022 3442 llebr.
3064 3396 3138 3455 ιι,
3179 3376 3205 3442 1
3259 3398 3274 3442 :
3332 3374 3820 3446 Abundantius
3848 3390 4113 3471 oportet
4141 3381 4372 3450 obser-

2812 3503 2973 3548 vare
2994 3502 3118 3548 nos
3145 3503 3226 3550 ea
3255 3505 3407 3574 qua·
3436 3483 3859 3565 audie-imm,
3892 3508 3976 3555 ne
4001 3489 4188 3577 sorte
4206 3511 4372 3579 per-

2810 3588 3212 3677 effluamus.

2902 3826 2937 3867 ι
2983 3802 3337 3892 confirma
3422 3827 3549 3873 me.
3627 3830 3659 3869 ι
3747 3805 3877 3875 llic
3957 3807 4362 3890 seeundum,

2807 3906 3018 3988 Quasi
3049 3908 3340 3978 diceret:
3394 3909 3509 3980 Sic
3550 3911 3812 3980 afficior
3840 3914 4070 4001 toedio,
4119 3924 4197 3984 ut
4231 3916 4367 3986 cito

2806 4016 3066 4106 possim
3128 4015 3395 4096 eadere,
3475 4026 3543 4085 et
3625 4027 3908 4111 propter
3973 4019 4108 4091 hoe
4180 4031 4365 4115 peto,

2812 4145 2845 4185 ι
2891 4121 3242 4212 Confirma
3293 4144 3424 4205 me,
3471 4148 3505 4189 ι
3540 4124 3746 4194 missa
3781 4125 4078 4218 Spiritus
4151 4130 4365 4199 sancti

2806 4230 3081 4310 virtute,
3120 4257 3152 4295 ι
3199 4232 3270 4298 in
3318 4229 3536 4299 verbis
3562 4234 3725 4312 tuiS,
3787 4258 3821 4299 ι
3878 4234 3947 4302 in
4011 4238 4368 4328 praeceptis

2806 4360 2957 4429 qum
2998 4347 3218 4417 teneo,
3254 4360 3340 4406 ne
3369 4339 3606 4407 eadam
3647 4342 3733 4410 ab
3774 4341 3934 4421 illis,
3968 4343 4086 4411 sed
4116 4366 4369 4436 praeee-

2804 4443 2965 4512 dam
2992 4444 3080 4513 ad
3116 4443 3274 4513 alia.
3318 4445 3501 4514 Psal.
3564 4469 3770 4527 van,
3804 4450 3892 4518 29
3946 4475 3964 4518 ε
4012 4452 4364 4544 Confirma

2802 4550 2952 4629 hoc,
3001 4552 3211 4631 Deus,
3262 4551 3453 4643 quod
3503 4565 3825 4645 operatus
3870 4579 3941 4625 es
4010 4559 4082 4626 in
4137 4561 4357 4632 nobis,

2803 4656 2970 4727 Luc.
3018 4679 3209 4743 xxiv,
3252 4659 3338 4728 49
3373 4679 3391 4727 ε
3451 4659 3696 4731 Sedete
3723 4662 3797 4729 in
3843 4662 4145 4745 civitate,
4185 4690 4361 4760 quo·

2803 4767 3118 4859 adusque
3197 4768 3594 4837 itiduamini
3672 4770 3929 4839 virtute
4022 4797 4110 4843 ex
4183 4778 4357 4847 alto.

2799 4874 3001 4944 Testa
3031 4872 3257 4943 mollis
3311 4896 3492 4955 sum,
3559 4883 3626 4943 et
3665 4874 3956 4970 fragilis,
3986 4880 4111 4950 sed
4169 4887 4361 4957 mitte

2805 4985 3032 5073 ignem
3086 4980 3383 5073 Spiritus
3425 4984 3641 5051 sancti
3694 5006 3808 5054 me
3856 4988 4355 5076 consolantem,

2800 5101 2868 5161 et
2904 5092 2974 5159 in
3014 5089 3197 5158 bono
3235 5090 3785 5173 eonlirmantem,
3818 5092 4004 5164 'sieut
4042 5097 4116 5166 in
4162 5101 4359 5193 Apo-

2800 5198 2993 5269 stolis
3032 5197 3284 5267 factum
3311 5197 3508 5267 l'uit'.
3569 5198 3778 5272 Eceli.
3830 5224 4049 5286 xxvn,
4083 5208 4176 5278 6:
4225 5212 4358 5281 Va-

2798 5331 2878 5377 sa
2920 5304 3136 5399 fiquli
3171 5304 3448 5397 probat,
3501 5307 3792 5399 probata
3829 5318 3894 5379 et
3925 5311 4146 5385 solida
4198 5320 4354 5389 red·

2800 5413 2923 5498 dit,
2959 5416 3245 5508 foma-2⁸,
3277 5410 3534 5482 scilieet
3566 5410 3864 5508 Spiritus
3899 5420 4142 5492 saneti.
