5008 6329
1886 219 2598 295 COMMENTARIUS
2643 226 2742 295 IN
2787 228 3232 305 PSALMUM
3284 239 3527 309 CXIII.

1129 409 1359 455 norem
1401 390 1933 479 sanctificatum,
2001 405 2064 462 ec
2117 397 2290 464 utile
2344 397 2672 464 Domino.

1133 493 1258 561 Isa.
1293 516 1478 573 xmn,
1514 496 1596 562 26
1633 518 1647 565 ε
1692 500 1948 586 Narra,
1986 502 2050 569 .ςί
2103 502 2281 592 quid
2333 500 2565 579 habeS,
2604 510 2680 566 ut

1120 601 1556 690 justificeriS.

1216 707 1379 777 Haeo
1429 714 1869 782 sanctificatio
1911 715 2197 804 figurata
2260 713 2388 780 fuit
2450 714 2523 780 in
2564 712 2679 781 illa

1129 814 1423 898 litterali,
1477 843 1611 911 qua
1668 821 2063 889 sanctificati
2127 819 2402 889 fuerunt
2444 823 2678 912 ingre-

1127 922 1386 993 dientes
1417 935 1666 994 terram
1698 927 1909 1005 illam,
1937 926 2170 1006 Josue‚
2224 951 2323 1008 ιιι,
2358 930 2397 998 5
2425 951 2440 996 ε
2487 930 2678 998 San-

1125 1033 1531 1121 ctificamini
1566 1058 1587 1099 .·
1644 1057 1798 1100 cras
1861 1035 2041 1102 enim
2104 1038 2319 1125 saciet
2374 1038 2447 1104 in
2486 1037 2677 1105 vobis

1130 1143 1467 1210 Dominus
1531 1140 1911 1208 mirabilia.
1997 1142 2159 1213 Haee
2223 1145 2673 1213 sanctificatio

1121 1246 1342 1336 placet
1370 1246 1517 1315 Deo
1558 1270 1696 1316 non
1728 1249 2102 1336 modicum,
2150 1250 2213 1318 11
2245 1251 2332 1319 ad
2359 1250 2664 1319 Thessal.

1123 1380 1216 1436 iv,
1252 1357 1291 1422 3
1321 1379 1336 1423 ε
1381 1358 1542 1424 llaec
1569 1368 1666 1425 est
1695 1358 2015 1428 voluntas
2042 1362 2176 1428 Dei
2209 1359 2670 1448 sanctificatio

1120 1470 1365 1547 vestra,
1399 1484 1520 1553 per
1554 1468 1806 1554 peccati
1837 1466 2362 1545 confessionem,
2404 1474 2473 1535 et
2513 1457 2670 1535 fidei

1117 1572 1507 1661 puritatem.

1206 1810 1241 1852 ι
1281 1786 1504 1855 Israel
1550 1797 1852 1879 potestas
1888 1786 2065 1877 ejus.
2103 1810 2139 1853 n
2180 1787 2352 1857 Ecce
2418 1811 2668 1857 secun-

1116 1890 1306 1961 dum.
1334 1892 1547 1974 Quasi
1577 1893 1865 1963 diceret:
1899 1893 2012 1963 Sic
2048 1894 2447 1965 sanctificati
2476 1906 2660 1979 sunt,

1115 2001 1306 2068 etsie
1383 2028 1414 2066 ιι
1466 2002 1689 2070 Israel
1721 2028 1752 2066 n
1837 2002 2051 2071 factus
2125 2011 2228 2073 est
2286 2031 2322 2068 «
2358 2014 2665 2097 potestas

1113 2105 1294 2195 ejus,
1329 2133 1366 2171 n
1399 2108 1613 2198 ipsius
1641 2106 1897 2177 scilicet
1926 2107 2157 2180 Israel.
2208 2109 2419 2191 Quasi
2475 2110 2666 2181 dice-

1113 2221 1262 2283 ret:
1300 2213 1434 2282 Per
1496 2212 1629 2283 hoc
1676 2215 1883 2283 Israel
1942 2214 2156 2286 factus
2229 2224 2334 2286 est
2386 2226 2659 2309 potens,

1111 2322 1230 2414 qui
1258 2323 1484 2414 primo
1516 2324 1586 2391 in
1616 2333 1893 2414 peccato
1931 2346 2194 2407 servus,
2237 2334 2305 2394 et
2361 2325 2662 2416 deJectus

1111 2438 1279 2501 erat.
1322 2429 1524 2500 Joan.
1585 2453 1729 2509 vm,
1810 2433 1936 2501 34:
2012 2433 2252 2503 Omnis
2305 2435 2432 2526 qui
2482 2437 2664 2526 saci!

1103 2546 1495 2627 peccatum.
1534 2558 1766 2605 servus
1813 2547 1909 2604 cst
1930 2539 2196 2630 peccati
2220 2538 2260 2607 ¹.
2296 2538 2477 2619 Quid
2535 2544 2662 2609 mi-

1107 2665 1257 2711 rum
1277 2645 1314 2713 ⁸?
1344 2643 1476 2724 Qui
1515 2645 1687 2713 bene
1719 2653 1991 2737 peccata
2051 2646 2400 2716 consessus
2431 2656 2557 2727 est,
2592 2658 2659 2718 et

1107 2750 1235 2820 lide
1274 2761 1632 2844 purgatuS,
1675 2752 2073 2823 charitatem
2103 2753 2336 2824 habet.
2390 2755 2649 2826 Cantic.

1101 2880 1247 2940 vm,
1294 2860 1379 2927 6:
1429 2860 1661 2928 Fortis
1708 2870 1805 2927 cst
1844 2869 1921 2928 ut
1956 2883 2138 2929 mors
2184 2861 2485 2930 dilectio.
2539 2863 2650 2944 Et,

1099 2965 1529 3058 Augustinus
1564 2988 1580 3034 :
1618 2991 1653 3033 ι
1686 2965 1877 3035 Nihil
1903 2966 2144 3037 fortius
2172 2967 2467 3040 habente
2495 2969 2655 3040 cha·

1102 3097 1137 3139 ι
1178 3073 1470 3142 ritatem.
1509 3099 1545 3138 ιο
1573 3073 1773 3142 Joan.
1808 3097 1857 3154 1,
1896 3076 2014 3143 12:
2059 3074 2271 3144 Dedit
2323 3078 2420 3145 eis
2450 3087 2648 3171 pote·-

1094 3191 1342 3250 statcm
1368 3181 1560 3270 filios
1588 3183 1721 3251 Dei
1741 3182 1921 3271 ficri.
1957 3182 2123 3252 Ilaec
2149 3192 2374 3275 potest
2400 3184 2652 3278 assigu-

1097 3295 1244 3356 rata
1277 3285 1401 3354 ruit
1466 3288 1537 3355 in
1590 3287 1708 3356 illa
1760 3295 2122 3379 potestate,
2184 3311 2336 3380 quae
2400 3290 2650 3361 collata

1094 3390 1222 3461 fuit
1268 3390 1428 3460 filiis
1467 3391 1702 3473 Israel,
1752 3401 1908 3484 post
1947 3393 2330 3486 ingressum
2390 3397 2462 3464 in
2516 3396 2646 3465 Ju-

1095 3498 1342 3568 daeam.
1410 3497 1691 3568 Denter.
1760 3522 1855 3581 xi,
1913 3501 1999 3568 24
2032 3524 2051 3571 z
2112 3501 2354 3570 Omnis
2421 3501 2638 3585 locus,

1092 3628 1296 3698 quem
1321 3604 1692 3676 calcaverit
1714 3629 1841 3699 pes
1906 3617 2144 3687 vester,
2198 3620 2412 3679 vester
2436 3610 2569 3679 crit
2587 3612 2635 3680 ⁸.

1179 3956 1214 3998 ι
1246 3933 1445 4000 Mare
1466 3930 1662 4002 vidie.
1698 3960 1734 3997 n
1769 3932 1897 4002 Hic
1941 3931 2344 4014 secundum,
2387 3935 2458 4003 in
2495 3955 2637 4027 quo

1084 4040 1312 4131 agitur
1356 4037 1440 4109 (10
1469 4039 1848 4121 aversione,
1899 4047 1968 4109 et
2005 4038 2464 4110 obstinatione
2500 4039 2639 4110 ali-

1082 4169 1380 4240 quorum
1418 4145 1502 4217 de
1528 4147 1807 4226 Judaeis.
1851 4150 2166 4240 quamvis
2193 4158 2424 4241 aperte
2459 4171 2637 4242 cog-

1080 4262 1441 4324 noscerent
1491 4255 1715 4346 ipsum
1773 4278 1922 4326 esse
1973 4253 2371 4325 Christum:
2423 4265 2492 4328 et
2536 4256 2633 4326 di·

1077 4367 1329 4430 cuntur
1353 4359 1493 4429 duo
1521 4359 1899 4429 secundum
1938 4360 2282 4453 duplicem
2318 4383 2627 4432 causam.

1078 4467 1310 4536 Prima
1337 4473 1440 4536 est
1493 4467 1878 4536 amaritudo
1930 4468 2227 4538 invidioe.
2283 4466 2627 4557 Secunda,

1076 4597 1274 4645 amor
1324 4574 1617 4645 carnalis
1655 4574 2135 4660 observantiae,
2197 4575 2317 4661 ibi,
2371 4605 2406 4641 α
2458 4581 2629 4648 Jor-

1077 4684 1303 4753 dam's.
1341 4708 1377 4751 ι

1161 4791 1342 4863 Dicit
1402 4815 1568 4885 ergo
1612 4814 1630 4863 ε
1690 4792 1808 4863 Sic
1861 4801 2188 4863 exeuntes
2242 4793 2480 4864 fideles
2545 4794 2628 4866 de

1072 4910 1378 4993 peccato,
1412 4908 1480 4971 et
1517 4899 1599 4970 de
1636 4923 2008 4994 pravorum
2055 4901 2431 5003 consortio,
2473 4926 2628 4973 san-

1070 5006 1341 5076 ctificati
1366 5015 1432 5077 et
1452 5005 1660 5078 fortes
1688 5006 1843 5077 lacti
1873 5016 2033 5078 sunt
2073 5029 2091 5079 ε
2123 5008 2246 5079 sed
2275 5037 2308 5075 α
2342 5033 2559 5090 mare,
2585 5033 2621 5076 ι

1069 5113 1290 5183 Judaei
1323 5113 1547 5200 multi,
1592 5115 1846 5185 invidia
1883 5114 2077 5185 lividi
2106 5118 2283 5187 sicut
2311 5140 2526 5198 mare.
2559 5127 2628 5190 et

1145 5384 1164 5421 ¹
1196 5380 1285 5439 Cf.
1307 5379 1382 5439 ad
1407 5382 1658 5441 Roman.
1680 5399 1753 5452 vi,
1782 5384 1872 5452 15,
1900 5389 1963 5441 et
1988 5383 2040 5442 11
2067 5383 2227 5441 Petr.
2260 5400 2323 5456 ιι,
2350 5387 2434 5444 19.

1140 5475 1166 5510 ¹
1192 5475 1397 5543 losue,
1425 5488 1467 5542 ι,
1489 5473 1523 5529 3
1554 5487 1571 5529 2
1601 5473 1824 5532 Omnem
1863 5473 2069 5544 ἱοσιιηι,
2116 5490 2281 5548 quem
2318 5478 2619 5543 calcaverit

1074 5563 1370 5635 vatinium
1391 5560 1556 5637 pedis
1581 5565 1771 5632 vestri,
1800 5563 1953 5634 vobis
1981 5563 2222 5623 tradam.

4224 253 4350 323 195

2787 401 3162 474 turbulenti
3228 411 3606 494 iracundia,
3679 442 3713 481 α
3775 418 3974 500 vidit,
4049 442 4081 482 n
4141 442 4346 509 opera

2789 505 3060 588 Christi,
3125 537 3157 577 (ι
3203 524 3266 580 et
3305 518 3524 606 suqit,
3584 545 3616 585 ιο
3681 524 3920 592 resiliit
3963 547 4002 592 a
4054 524 4233 594 bono
4278 536 4344 595 et

2786 619 3254 689 conversione.
3320 622 3450 691 lsa.
3522 650 3616 706 vi,
3661 634 3766 698 9:
3851 635 4077 702 Videte
4130 637 4342 703 visio-

2784 744 2962 807 nem,
3024 736 3087 793 et
3140 729 3355 797 nolite
3421 756 3839 823 coqnoscerc,
3884 750 4168 831 urgente
4216 766 4339 811 vos

2786 830 3038 901 invidia
3078 842 3145 904 et
3165 838 3598 930 turbatione.
3645 843 3776 913 Isa.
3820 870 3980 927 nvn,
4017 851 4100 916 20
4137 869 4152 917 :
4196 851 4341 918 Im-

2776 942 2886 1031 pii
2921 947 3124 1032 quasi
3165 969 3358 1014 mare
3406 954 3700 1034 fervens,
3755 953 3884 1022 Isa.
3957 979 4123 1037 xxx,
4187 960 4264 1026 17
4313 982 4328 1026 :

2782 1052 3117 1140 Fuqietis,
3154 1076 3192 1119 a
3253 1058 3468 1127 verbo
3522 1060 3806 1144 scilicet,
3859 1064 4068 1132 donec
4120 1068 4336 1134 relin-

2780 1157 3119 1246 quamini.
3175 1157 3253 1226 In
3320 1160 3666 1252 aliquibus
3698 1175 3954 1252 tamon,
3998 1171 4114 1260 qui
4169 1171 4334 1239 boni

2777 1260 3076 1348 fuerunt,
3152 1266 3338 1334 viam
3389 1268 3631 1338 habuit
3687 1272 3997 1343 doctrina
4052 1276 4326 1346 Christi.

2781 1367 3087 1460 Sapient.
3132 1395 3271 1451 xix,
3309 1377 3391 1443 7:
3436 1378 3519 1443 In
3560 1382 3747 1446 mari
3772 1381 4009 1449 Rubro
4040 1385 4150 1450 υἰα
4182 1388 4329 1452 sine

2777 1479 3286 1569 impedimento.
3336 1481 3469 1550 Sed
3500 1482 3635 1554 hoc
3662 1510 3904 1556 verum
3946 1499 4070 1570 ost,
4114 1515 4338 1582 quan-

2776 1582 2862 1652 do
2894 1607 3083 1654 mare
3113 1588 3402 1655 rubeum
3444 1599 3546 1659 est
3584 1615 3707 1683 per
3747 1595 4055 1665 dolorem
4094 1620 4333 1689 peeca-

2772 1698 3027 1774 torum,
3097 1703 3166 1763 et
3227 1699 3570 1787 passionis
3628 1701 3877 1772 Christi
3944 1704 4329 1776 meditatio-

2771 1823 2930 1869 nem
2971 1824 2987 1869 :
3031 1802 3212 1872 unde
3253 1805 3351 1874 sic
3387 1810 3715 1879 transitus
3742 1812 4161 1903 significatus
4199 1814 4325 1882 fuit

2771 1911 2979 2051 maris
3043 1909 3259 1979 Rubri
3304 1912 3672 1998 divisione,
3715 1927 3785 1988 et
3844 1918 4062 1990 libero
4106 1929 4325 1990 trans-

2772 2016 2870 2083 itu
2930 2067 2945 2083 .

2859 2253 2894 2295 ι
2925 2231 3279 2299 Iordanis,
3319 2261 3352 2296 n
3380 2233 3507 2302 Hic
3538 2237 3944 2306 secundum.
3990 2240 4196 2321 Quasi
4230 2242 4328 2310 di-

2766 2346 2947 2406 ceret
2979 2360 2995 2404 :
3034 2337 3148 2408 Sic
3177 2340 3550 2411 existentes
3585 2345 3651 2411 in
3696 2345 4112 2416 infidelitatis
4141 2373 4325 2418 ama-

2767 2445 3060 2515 ritudine
3100 2448 3423 2540 sugerunt
3466 2474 3482 2519 ε
3529 2477 3563 2516 (ι
3602 2454 3935 2522 Iordanis
3966 2483 4001 2518 n
4043 2480 4230 2538 vero,
4257 2460 4324 2529 id

2765 2560 2893 2633 est,
2927 2556 3297 2625 existentes
3356 2560 3425 2626 in
3464 2561 3844 2629 carnalium
3897 2562 4325 2634 observatio-

2764 2681 2877 2744 ne,
2919 2683 3072 2752 quae
3112 2664 3305 2753 justo
3363 2665 3489 2733 noi
3537 2667 3803 2755 judicio
3840 2669 4100 2738 Judaeis
4164 2684 4323 2743 sunt

2763 2766 3109 2858 imposita,
3156 2794 3191 2836 ι
3231 2794 3593 2841 conversus
3629 2785 3726 2842 est
3758 2787 4156 2857 retrorsum,
4206 2805 4239 2846 ι
4281 2805 4321 2849 a

2761 2871 2933 2953 Deo,
2956 2884 3021 2944 et
3041 2875 3197 2945 fidei
3220 2879 3531 2948 veritate.
3565 2881 3848 2954 Zachar.
3872 2906 3995 2963 vn.
4033 2887 4101 2953 ll
4135 2888 4316 2955 :No-

2762 2982 3043 3052 luerunt
3086 2987 3460 3068 attendere,
3501 3002 3567 3058 ct
3621 3002 4015 3061 averterunt
4058 3018 4316 3088 scapu-

2762 3090 2906 3158 lam
2943 3093 3342 3164 recedentes.
3382 3095 3512 3166 lsa.
3557 3121 3691 3178 ux,
3743 3101 3865 3169 ¹3:
3919 3104 4159 3172 Aversae‘
4191 3127 4318 3174 su-

2758 3220 2936 3277 mus,
2979 3224 3063 3268 ne
3090 3203 3346 3271 iremus
3369 3216 3536 3298 post
3574 3217 3846 3297 ter-qum
3895 3211 4027 3277 Dei
4071 3215 4310 3281 nostri.

2755 3305 2903 3375 lloc
2923 3316 3023 3377 est
3054 3309 3239 3400 quod
3270 3310 3543 3392 dicitur,
3575 3313 3781 3385 Joan.
3814 3339 3910 3396 vi,
3936 3319 4046 3395 67,
4092 3342 4309 3411 quan-

2753 3411 2843 3481 do
2889 3413 3221 3484 invitabat
3259 3417 3346 3485 ad
3376 3441 3570 3487 esum
3612 3444 3754 3490 suae
3792 3425 4041 3502 carnis.
4086 3432 4151 3493 et
4180 3448 4312 3516 po-

2755 3527 2903 3589 tum
2934 3524 3188 3615 proprii
3218 3528 3578 3617 sanguinis
3613 3550 3630 3595 ε
3663 3529 3884 3597 Multa·
3935 3530 4311 3625 discipulo·

2754 3650 2911 3697 rum
2937 3629 3095 3720 ejus
3120 3632 3445 3703 abierunt
3472 3646 3680 3714 retro,
3705 3648 3770 3704 e!
3786 3637 3952 3726 jam
3983 3662 4118 3706 non
4148 3663 4304 3709 cum

2750 3734 2906 3817 illo,
2937 3737 3193 3808 scilicet
3221 3761 3381 3809 cum
3421 3741 3612 3823 Jesu,
3650 3742 4134 3814 ambulabam.

2834 3841 2988 3923 vel.
3021 3844 3119 3914 sic
3154 3857 3387 3937 posset
3424 3848 3590 3941 legi,
3633 3857 3711 3919 ut
3753 3852 4052 3942 primum
4102 3850 4307 3943 hujus

2744 3971 2985 4019 versus
3027 3951 3114 4020 ad
3182 3952 3404 4021 malos
3473 3954 3860 4035 referretur.
3930 3958 4303 4028 secundum

2741 4055 2829 4125 ad
2901 4056 3143 4127 bonos.
3216 4058 3430 4140 Quasi
3488 4060 3786 4132 diceret:
3868 4087 3903 4129 ι
3972 4066 4193 4145 Mare,
4264 4094 4303 4131 ι

2741 4164 3069 4235 mundani
3136 4168 3397 4238 scilicet
3471 4168 3820 4254 homines,
3882 4197 3917 4239 ι
3989 4174 4188 4257 vidit,
4258 4201 4296 4240 a·

2737 4282 3146 4365 potestatem
3200 4298 3702 4348 conversorum
3767 4280 3854 4348 ad
3919 4280 4297 4366 Christum,

2741 4405 2777 4448 ι
2809 4393 2875 4449 et
2896 4383 3114 4475 sugit,
3150 4408 3187 4451 s
3256 4386 3538 4454 retraxit
3599 4408 3674 4455 se
3731 4408 3775 4455 a
3827 4409 3955 4458 suo
4020 4390 4293 4471 timore,

2736 4498 2805 4560 et
2879 4489 3169 4561 fervore.
3250 4491 3559 4573 Nahum,
3622 4517 3670 4577 ι,
3738 4496 3781 4563 4
3841 4515 3861 4567 2
3933 4498 4298 4588 Increpans

2736 4620 2952 4682 mare,
3009 4607 3074 4667 et
3127 4600 3478 4669 exsiccans
3533 4600 3747 4672 illud.
3796 4630 3831 4666 α
3892 4605 3990 4673 Et
4033 4604 4294 4672 Jorda-

2733 4706 2868 4788 πίε,
2904 4730 2937 4771 ι
2968 4704 3269 4775 humiles
3305 4707 3629 4800 baptizati
3668 4734 3693 4779 .·
3743 4708 4064 4778 Jordanis
4101 4712 4288 4781 enim

2732 4813 3023 4882 humilis
3100 4813 3410 4904 desectus
3465 4817 3977 4909 interpretatur,
4062 4826 4132 4886 et
4217 4819 4289 4888 in

2727 4919 3024 4990 Jordane
3052 4919 3398 4992 Dominus
3426 4922 3806 5016 baptizatus
3835 4931 3938 4993 est
3976 4925 4024 5002 ⁸.
4070 4949 4105 4991 ι
4136 4948 4292 4995 con-

2730 5049 2960 5097 versus
3013 5037 3137 5108 est,
3174 5055 3209 5092 ι
3285 5052 3326 5098 a
3386 5031 3685 5122 peccatis
3731 5031 3902 5113 suis,
3965 5056 4000 5095 ι
4035 5042 4292 5101 retror-

2726 5153 2909 5213 sum,
2939 5159 2970 5197 n
3022 5130 3110 5201 ad
3159 5130 3391 5202 Deum
3435 5158 3476 5204 a
3514 5155 3654 5226 quo
3714 5135 3783 5203 in
3842 5157 3991 5205 esse
4048 5137 4281 5207 exivit.

2799 5401 2931 5459 ⁸01.
2961 5401 3148 5460 Exod.
3176 5419 3293 5474 xiv,
3323 5404 3388 5460 2¹
3435 5408 3497 5461 et
3525 5420 3654 5479 seq.

2797 5491 2824 5529 ⁴
2852 5491 2939 5550 Cr.
2998 5493 3206 5554 unuh.
3252 5508 3339 5564 m,
3374 5495 3440 5551 ¹³
3483 5498 3727 5571 etseq..
3777 5500 3841 5554 et
3884 5496 4021 5554 Luc.
4079 5512 4159 5565 m,
4220 5498 4287 5552 ¹2

2728 5586 2790 5640 et
2816 5598 2944 5655 seq.
