5008 6329
1893 399 2604 469 COMMENTARIUS
2656 402 2749 468 IN
2796 402 3233 475 PSALMUM
3284 406 3728 477 CXXXVIII.
4330 398 4458 464 443

3181 575 3441 644 stantia
3481 597 3639 643 mea
3697 573 3769 641 in
3819 568 4279 641 interioribus
4311 585 4459 634 ter-

3184 702 3298 750 rae.

2924 789 3029 857 16.
3085 789 3591 881 Imperfectum
3623 808 3871 857 meum
3908 786 4243 853 viderunt
4292 803 4453 850 ocu·

3182 897 3225 965 li
3305 898 3434 981 tui,
3498 915 3565 966 et
3618 896 3687 966 in
3757 895 3943 963 libro
4000 912 4126 960 tuo
4201 911 4453 959 omnes

3177 1006 3603 1075 scribentur.
3687 1003 3856 1072 Dies
3917 998 4448 1079 formabuntur,

3177 1132 3243 1181 et
3283 1134 3495 1182 nemo
3528 1111 3600 1180 in
3642 1111 3770 1180 eis.

2922 1241 3024 1308 17.
3079 1218 3261 1287 Mihi
3357 1236 3599 1288 autern
3696 1218 3916 1286 nimis
4002 1211 4448 1284 honorificati

3173 1344 3340 1395 sunt
3407 1326 3617 1397 amici
3686 1325 3822 1404 tui,
3888 1327 4083 1393 Deus
4148 1345 4163 1387 :
4233 1319 4450 1389 nimis

3172 1432 3612 1503 confortatus
3663 1449 3770 1501 est
3839 1428 4280 1521 principatus
4328 1448 4448 1495 eo-

3169 1561 3355 1609 rum.

2917 1646 3020 1715 18.
3080 1645 3739 1725 Dinumeraboeos,
3794 1663 3863 1714 et
3893 1665 4113 1734 super
4155 1661 4449 1711 arenam

3168 1753 3871 1845 multiplicabuntur.
3920 1750 4334 1832 Exsurrexi,
4377 1765 4447 1816 et

3166 1853 3402 1921 adhuc
3435 1875 3600 1923 sum
3632 1872 3897 1923 tecum.

2911 1980 3018 2049 19.
3072 1956 3148 2029 Si
3183 1958 3557 2045 occideris,
3586 1962 3808 2045 Deus,
3852 1978 4285 2051 peccatores,
4333 1954 4444 2024 vi·-

3167 2067 3223 2137 ri
3254 2069 3719 2160 sanguinum,
3780 2068 4132 2139 declinate
4182 2092 4221 2137 a
4272 2088 4436 2136 me:

4257 2197 4441 2243 acci-

1512 587 1630 635 mc
1670 568 2121 638 :confortata
2170 586 2301 648 est,
2356 589 2424 637 et
2476 591 2619 637 non
2672 593 2807 661 po-

1510 692 1665 744 tero
1697 678 1788 744 ad
1822 699 2008 745 eam.

1283 809 1350 875 7.
1408 784 1580 874 Quo
1612 784 1735 853 ibo
1807 807 1845 852 a
1905 784 2164 873 spiritu
2226 787 2397 853 tuo?
2447 804 2517 854 et
2577 809 2723 877 quo
2763 810 2802 855 a

1511 891 1693 959 facie
1727 908 1849 958 tua
1893 890 2201 980 fugiam?

1278 1000 1349 1068 8.
1406 997 1484 1068 Si
1555 996 1953 1066 ascendero
2003 996 2075 1066 in
2164 1001 2458 1087 coelum,
2529 1020 2603 1071 tu
2656 1003 2801 1072 illic

1504 1105 1618 1172 es¹
1661 1125 1677 1172 ε
1714 1102 1775 1172 si
1819 1104 2261 1177 descendero
2292 1108 2365 1177 in
2400 1109 2796 1192 infernum,

1503 1211 1701 1281 ades.

1279 1340 1349 1409 9.
1406 1316 1484 1390 Si
1519 1341 1907 1409 sumpsero
1950 1342 2222 1411 pennas
2269 1344 2469 1390 meas
2510 1322 2801 1392 dilucu-

1497 1428 1594 1505 10.
1662 1444 1732 1495 et
1805 1428 2228 1497 habitavero
2313 1429 2384 1497 in
2455 1432 2797 1501 extremis

1495 1534 1750 1617 maris,

1242 1661 1350 1708 10.
1411 1638 1707 1709 Etenim
1746 1639 1921 1710 illuc
1985 1665 2249 1711 manus
2301 1661 2422 1711 tua
2488 1643 2796 1713 deducet

1499 1765 1643 1827 me,
1692 1763 1762 1814 et
1811 1747 2084 1816 tenebit
2140 1769 2259 1817 me
2294 1747 2582 1818 dextera
2641 1760 2824 1818 tua.'

1240 1876 1344 1921 11.
1405 1852 1498 1922 Et
1530 1852 1679 1922 dixi
1718 1879 1733 1922 ε
1775 1855 2111 1926 Forsitan
2155 1856 2467 1925 tenebrae
2498 1857 2790 1926 concul-

1499 1962 1772 2032 cabunt
1816 1985 1934 2033 me
1980 1986 1994 2030 :
2042 1981 2110 2034 et
2160 1988 2300 2034 nox
2348 1965 2789 2037 illuminatio

1498 2090 1658 2138 mea
1703 2069 1777 2138 in
1812 2070 2091 2140 deliciis
2131 2074 2334 2141 meis.

1287 2200 1392 2246 12.
1450 2177 1648 2268 Quia
1674 2179 1991 2249 tenebrae
2026 2202 2167 2249 non
2203 2181 2790 2251 obscurabuntur
2901 2195 3014 2241 20.
3069 2174 3260 2264 Quia
3301 2176 3541 2279 dicitis
3583 2177 3655 2244 in
3701 2175 4136 2266 cogitatione
4189 2195 4205 2242 :

1494 2307 1532 2354 a
1566 2304 1661 2367 te,
1714 2305 1784 2357 et
1826 2312 1966 2358 nox
2006 2290 2192 2359 sicut
2224 2292 2379 2359 dies
2413 2291 2786 2360 illumina·
3164 2282 3359 2372 pient
3391 2282 3466 2350 in
3505 2281 3818 2351 vanitate
3845 2282 4172 2351 civitates
4203 2300 4384 2351 11188.

1494 2393 1742 2464 bitur:
1780 2397 1966 2467 sicut
2000 2398 2315 2467 tenebrae
2356 2399 2539 2487 ejus»,
2589 2399 2680 2467 ita
2713 2417 2782 2469 et
2898 2408 3010 2457 21·
3067 2390 3330 2461 Nonne
3398 2392 3522 2483 qui
3573 2393 3887 2460 Oderunt
3937 2410 4029 2472 te,
4099 2390 4433 2473 Domine,

1493 2502 1742 2573 lumen
1794 2504 1969 2593 ejus,
3158 2497 3505 2568 oderam?
3551 2518 3620 2569 et
3653 2520 3872 2589 super
3904 2498 4240 2568 inimicos
4271 2515 4435 2566 tuos

1232 2608 1336 2676 13.
1391 2607 1589 2698 Quia
1649 2629 1725 2680 tu
1786 2610 2176 2702 possedisti
2245 2635 2452 2682 renes
2511 2635 2774 2684 meos:
3157 2607 3659 2676 tabescebam?

1485 2718 1874 2808 suscepisti
1925 2740 2043 2788 me
2113 2721 2202 2788 de
2270 2738 2476 2789 utero
2519 2721 2776 2791 matris
2891 2735 3006 2781 22.
3062 2714 3385 2784 Perfecto
3425 2714 3594 2783 odio
3626 2714 3924 2783 oderam
3966 2713 4155 2792 illos,
4194 2731 4262 2783 et
4295 2712 4433 2782 ini-

1480 2846 1683 2896 meae.
3151 2822 3315 2892 mici
3349 2821 3513 2892 facti
3547 2841 3717 2892 sunt
3759 2821 3969 2891 mihi.

1218 2948 1324 3014 ¹4·
1379 2925 1805 3000 Confitebor
1875 2932 2033 3018 tibi,
2108 2934 2276 3025 quia
2354 2933 2773 3008 terribiliter
2885 2930 2999 2999 23·
3057 2928 3292 2999 Proba
3380 2951 3522 3011 me,
3621 2932 3843 3007 Deus,
3915 2946 3987 2998 et
4051 2927 4230 2998 Scito
4305 2950 4428 2999 cor

1469 3038 1979 3130 magnificatus
2002 3063 2122 3110 es:
2157 3042 2517 3114 mirabilia
2548 3065 2765 3134 opera
3144 3059 3387 3107 meum
3416 3060 3431 3104 ἰ
3468 3037 3825 3130 interroga
3853 3059 3998 3118 me,
4032 3055 4103 3108 et
4166 3059 4428 3129 cogno·

1474 3163 1623 3226 tua,
1698 3164 1770 3217 et
1829 3147 2070 3219 anima
2156 3172 2317 3220 mea
2393 3150 2766 3244 cognoscit
3138 3170 3253 3217 sce
3284 3145 3578 3217 semitas
3606 3170 3829 3217 meas.

1470 3252 1719 3323 nimis.
2877 3275 3000 3341 24.
3048 3254 3141 3324 Et
3205 3253 3369 3325 vide
3419 3255 3479 3324 si
3538 3254 3651 3326 via
3715 3255 4123 3349 iniquitatis
4172 3256 4243 3326 in
4307 3279 4424 3327 me

1213 3360 1318 3428 15.
1376 3359 1543 3428 Non
1580 3378 1688 3429 est
1708 3363 2150 3433 occultatum
2180 3386 2263 3433 os
2293 3387 2542 3435 meum
2571 3387 2612 3434 a
2664 3384 2784 3450 te,
3137 3381 3286 3433 est:
3323 3381 3390 3433 et
3445 3364 3677 3435 deduc
3709 3386 3824 3434 me
3870 3365 3943 3436 in
3983 3365 4101 3435 via
4130 3383 4417 3437 aeterna.

1468 3464 1667 3557 quod
1709 3466 1940 3539 fecisti
1983 3469 2056 3539 in
2096 3471 2381 3542 occulto
2415 3495 2432 3540 ε
2485 3490 2556 3542 et
2597 3472 2762 3542 sub·

2861 3817 2932 3878 to
2958 3809 3152 3890 libro,
3190 3811 3581 3902 trigesimus
3611 3811 3851 3880 tertius
3891 3812 3961 3879 in
3992 3812 4191 3881 tertia
4220 3820 4410 3902 parte

1432 3913 1529 3982 IN
1577 3914 2021 3987 PSALMUM
2069 3918 2491 3988 CXXXVIII
2858 3916 3040 3987 libri.

4465 4025 4735 4081 Argumen-

2949 4025 3120 4095 Cum
3170 4027 3353 4094 enim
3403 4029 3472 4094 in
3517 4026 3922 4117 praecedenti
3973 4026 4276 4110 Psalmo,
4336 4049 4408 4094 se
4438 4083 4537 4122 „m
4564 4078 4752 4123 ΝΜ,

1703 4154 2232 4204 constan-rurus.
2859 4131 3290 4203 laudaturum
3338 4138 3652 4227 promisit
3691 4136 4029 4229 perfectus
4078 4138 4208 4223 vir,
4259 4144 4326 4205 et
4371 4159 4412 4204 a

4462 4131 4568 4180 Obfl
4574 4141 4730 4177 rmum

4484 4190 4710 4231 votnm-n

4461 4251 4719 4296 numquam

2862 4244 3116 4332 peccati
3163 4244 3551 4334 captivitate
3597 4242 3952 4329 liberatus,
3985 4252 4053 4313 et
4104 4244 4275 4313 alios
4321 4243 4408 4311 ad
4435 4294 4691 4338 ΝΜ,
4723 4304 4755 4338 ,

2861 4346 2994 4418 hoc
3030 4349 3252 4439 ipsum
3319 4351 3733 4430 invitaverit,
3812 4349 3926 4420 hic
3981 4350 4279 4419 ostendit
4329 4373 4403 4420 se

2862 4478 3002 4525 non
3033 4480 3453 4528 recessurum
3483 4457 3780 4551 amplius
3803 4482 3846 4528 a
3872 4458 4047 4539 Deo,
4081 4480 4206 4528 nec
4259 4459 4409 4529 red-

2863 4563 3117 4632 iturum
3155 4563 3236 4633 ad
3266 4565 3731 4655 captivitatem
3761 4564 4405 4657 Babylonicam,sed

2860 4667 2931 4735 in
2960 4668 3180 4738 Deum
3209 4691 3732 4762 progressurum
3759 4673 4007 4762 magis,
4048 4677 4402 4764 tamquam

1374 4479 1408 4521 a
1440 4455 1527 4524 In
1545 4455 1786 4545 finem,
1820 4455 2152 4525 Psalmus
2189 4458 2429 4526 David
2446 4474 2492 4525 ¹.
2530 4485 2567 4523 ιο

4545 4349 4659 4394 Deo.

1277 4803 1311 4845 a
1344 4779 1666 4863 Domine,
1692 4777 2013 4870 probasti
2058 4802 2186 4847 me.
2216 4805 2249 4844 s
2284 4779 2413 4850 IIic
2433 4791 2536 4850 est
2563 4782 2755 4852 Psal-

1186 4906 1340 4952 mus
1378 4885 1799 4953 centesimus
1827 4885 2223 4976 trigesimus
2252 4887 2492 4955 tertius
2524 4888 2596 4956 in
2651 4897 2754 4958 to·

1256 5140 1274 5177 ¹
1307 5139 1505 5208 Amos,
1538 5152 1619 5203 tx,
1646 5139 1701 5191 2.

1255 5228 1280 5264 ⁸
1333 5226 1620 5284 L'hebreu
1674 5230 1736 5282 et
1788 5223 1877 5281 les
1943 5225 2212 5282 ver-siens
2285 5225 2620 5284 attribuent
2689 5228 2747 5286 le

1182 5336 1432 5391 psaume
1460 5319 1496 5376 a
1517 5316 1702 5375 David
1734 5333 1750 5374 :
1780 5316 2019 5374 l'oenvre
2050 5321 2143 5374 est
2170 5322 2302 5375 tout
2329 5318 2365 5375 a
2412 5317 2523 5375 fait
2570 5317 2748 5394 digne

1184 5409 1264 5465 du
1293 5410 1453 5465 saint
1480 5408 1596 5475 roi,
1627 5412 1760 5464 18111
1787 5423 1897 5480 par
1933 5405 1994 5462 18
2033 5406 2299 5463 richesse
2340 5406 2446 5463 des
2493 5412 2749 5481 pensees

1182 5516 1299 5572 que
1329 5515 1441 5573 par
1477 5498 1537 5555 la
1594 5499 1810 5557 beante
1863 5496 2142 5572 poetique
2185 5496 2292 5554 des
2340 5499 2746 5571 expressions.

1187 5589 1488 5662 Quelques
1516 5596 1909 5646 aramaismes
1952 5592 2059 5646 ont
2104 5586 2303 5646 donne
2351 5588 2478 5645 lieu
2525 5589 2561 5646 a
2608 5589 2748 5663 plu-

1188 5679 1381 5734 sieurs
1411 5678 1703 5750 critiques
1732 5676 1808 5733 de
1846 5681 2147 5733 contester
2210 5675 2269 5733 la
2312 5677 2497 5733 verite
2542 5677 2623 5733 du
2671 5679 2745 5733 ti·

1190 5775 1302 5840 tre,
1335 5776 1396 5826 et
1420 5766 1493 5824 de
1534 5765 1773 5823 reculer
1818 5764 1878 5822 18
1922 5765 2321 5840 composition
2360 5766 2745 5840 jusqu'apres

2861 4777 2930 4845 in
2974 4778 3183 4848 finem
3232 4800 3459 4847 suum.
3512 4776 3706 4848 Unde
3764 4777 3938 4848 bene
3987 4782 4408 4871 praeponitur

2860 4885 3094 4954 titulus
3146 4909 3162 4955 ε
3217 4915 3250 4951 «
3291 4887 3375 4956 In
3410 4886 3646 4976 finem,
3691 4887 4026 4956 Psalmus
4065 4889 4330 4975 David,
4366 4915 4401 4952 ι

2857 5136 2918 5195 18
2945 5139 3261 5212 captivite3
3298 5139 3432 5197 leur
3475 5139 3611 5197 idee
3659 5144 3862 5196 trouve
3906 5138 4103 5197 meme
4141 5141 4405 5216 quelque

2858 5227 3039 5301 appui
3069 5225 3219 5285 dans
3248 5227 3556 5286 l'addition
3588 5227 3672 5285 du
3698 5232 3827 5284 mot
3864 5227 4170 5302 Ζαχαρίου,
4221 5233 4402 5306 qu'on

2856 5315 2928 5372 lit
2955 5316 3105 5373 dans
3131 5317 3561 5388 I’Alexandrin,
3591 5322 3653 5374 et
3679 5315 3785 5375 des
3814 5323 4018 5374 autres
4047 5326 4205 5377 mots
4250 5319 4305 5376 ἰν
4331 5325 4402 5396 τῇ

2857 5402 3149 5482 διασπορᾷ,
3181 5408 3531 5483 qn'Origene
3560 5412 3769 5464 trouva
3810 5406 3962 5464 ecrit
4010 5407 4189 5468 d'une
4234 5418 4405 5468 autre

2856 5497 3017 5553 main
3047 5493 3101 5551 ὃν
3125 5494 3292 5560 ἐνίοις
3309 5495 3830 5574 αντιγράφοις.ὶί818
3853 5503 4010 5555 cette
4037 5498 4306 5557 addition
4326 5518 4406 5559 au

2856 5587 2993 5643 titre
3023 5591 3167 5659 peut
3193 5605 3269 5645 ne
3297 5585 3561 5661 signaler
3590 5585 3814 5660 qu’une
3858 5586 4207 5661 adaptation
4254 5606 4404 5664 pos·

2854 5675 3133 5745 terieure,
3160 5691 3395 5732 comme
3423 5691 3576 5732 nous
3604 5675 3834 5733 l’avons
3861 5691 3935 5731 vn
3964 5692 4120 5749 pour
4143 5676 4404 5738 d’autres

2853 5779 3152 5839 psaumes.
3206 5765 3400 5832 Quant
3446 5781 3563 5822 anx
3616 5770 4026 5837 aramalsmes,
4085 5783 4402 5844 remarque
