5008 6329
680 350 810 418 396

1688 348 1772 414 D.
1824 347 2025 416 ALB.
2074 348 2289 416 MAG.
2345 347 2552 416 om).
2604 349 2901 418 PRAED.

676 531 742 600 ᾗ.
773 526 811 591 3
848 525 971 593 :Si
990 524 1314 590 introiero
1344 522 1413 586 in
1438 522 1959 592 tabernaculum
1990 525 2231 592 domus
2334 542 2471 586 non
2521 523 2972 610 quaesiverunt
3018 543 3144 587 me.
3199 520 3308 603 Et,
3359 544 3575 599 xxxn,
3626 525 3706 590 15
3743 544 3756 587 :
3793 525 3889 590 Et

679 654 866 698 mese.
900 627 1150 696 Fidelis
1176 627 1431 712 anima,
1476 630 1649 697 sicut
1679 629 1787 699 hic
1826 632 2091 700 dicitur.

772 979 807 1020 α
838 956 1013 1023 Ecce
1064 958 1484 1027 audivimus.
1525 984 1554 1021 »
1644 957 1770 1024 Hic
1826 954 2222 1034 secundum,

678 1063 746 1128 in
779 1084 915 1153 quo
956 1064 1256 1133 ostendit
1292 1087 1376 1131 ex
1407 1063 1656 1153 quibus
1686 1062 2077 1131 aedificanda
2113 1064 2221 1132 sit.

671 1169 757 1237 Et
801 1171 1050 1261 primo,
1082 1193 1166 1238 ex
1202 1168 1481 1237 Judaeis.
1548 1168 1886 1249 Secundo,
1932 1170 2114 1261 quod
2144 1193 2224 1239 ex

669 1277 1027 1358 Gentibus,
1087 1276 1207 1355 ibi,
1256 1304 1290 1340 α
1337 1278 1728 1346 Invenimus
1771 1302 1946 1347 eam.
1984 1304 2017 1344 ιι
2059 1279 2224 1347 Ter-

664 1386 787 1467 tio,
831 1384 1076 1475 probat
1105 1383 1388 1468 dictum,
1424 1386 1541 1466 ibi,
1584 1393 1648 1463 y.
1685 1387 1767 1453 7:
1821 1417 1853 1449 a
1891 1385 2221 1455 Introibi-

661 1514 818 1560 mus
849 1492 920 1557 in
953 1489 1505 1561 tabernaculum.
1545 1521 1579 1557 ι)
2157 1533 2165 1540 ·

750 1601 932 1669 Dicit
978 1623 1142 1693 ergo
1186 1623 1202 1668 ε
1279 1600 1391 1671 Sic
1446 1626 1641 1695 rogo,
1693 1613 1769 1671 ut
1815 1604 2218 1671 memoriam

659 1707 916 1777 habeas
947 1709 1029 1777 de
1049 1709 1272 1778 David
1302 1709 1719 1779 aedificaturo
1751 1711 1868 1778 tibi
1905 1712 2212 1794 domum,

658 1817 1018 1906 utjuravit
1074 1825 1140 1885 et
1194 1818 1387 1887 vovit
1429 1842 1445 1886 :
1506 1826 1572 1888 et
1621 1841 1779 1887 vere
1831 1819 2213 1905 aediticabit,

661 1926 825 2016 quia
855 1952 890 1990 α
921 1925 1345 2005 audivimus,
1392 1951 1426 1992 s
1487 1927 1765 1996 auribus
1793 1928 2036 2008 cordis,
2067 1953 2102 1994 α
2144 1930 2215 1996 in

659 2034 1006 2125 Ephrata,
1044 2058 1078 2099 s
1123 2033 1193 2102 id
1249 2042 1373 2113 est,
1408 2036 1480 2102 in
1521 2033 1914 2126 Scripturis,
1960 2062 1995 2103 α
2036 2060 2140 2117 ea,
2175 2062 2209 2103 s

659 2139 948 2209 domum
977 2140 1086 2208 vel
1137 2140 1368 2210 locum
1423 2142 1731 2222 Domini,
1765 2143 1992 2211 futura
2027 2167 2043 2212 ε
2076 2142 2208 2224 vel,

661 2272 698 2310 α
731 2267 910 2324 eam,
947 2270 981 2311 s
1010 2245 1267 2316 scilicet
1295 2247 1581 2316 domum
1607 2247 1997 2316 audivimus
2025 2248 2215 2316 futu-

657 2376 830 2422 ram.
866 2353 1016 2423 Hoc
1053 2364 1283 2424 autem
1318 2355 1707 2425 audivimus
1766 2383 1798 2423 α
1825 2359 1898 2425 in
1934 2357 2215 2449 Ephra-

656 2473 756 2544 ta,
776 2490 809 2527 ιο
838 2465 905 2530 in
940 2451 1312 2555 Scripturis
1338 2464 1615 2534 scilicet.
1638 2464 1997 2557 Prophetae
2028 2469 2208 2535 enim

657 2593 799 2639 non
830 2572 1188 2642 cessabant
1224 2572 1356 2643 hoc
1421 2575 1740 2657 clamare,
1798 2575 1925 2642 lsa.
1972 2598 2078 2656 ιν,
2113 2578 2153 2644 2
2189 2599 2205 2644 :

656 2680 940 2762 Audite,
992 2681 1351 2751 audientes
1388 2705 1521 2765 me,
1564 2684 1680 2775 qui
1719 2683 1900 2775 apud
1937 2684 2210 2753 Judaeos

652 2797 871 2859 erant.
925 2789 1031 2857 Ad
1088 2789 1384 2860 Roman.
1437 2814 1534 2875 ιιι,
1588 2793 1678 2859 2:
1717 2792 1993 2860 Credita
2049 2802 2210 2860 sunt

651 2898 806 2966 illis
834 2898 1109 2990 eloquia
1158 2900 1312 2968 Dei.
1365 2898 1493 2967 Vel
1541 2901 1638 2969 sic
1694 2901 2063 2969 secundum
2099 2901 2208 2969 di-

647 3014 830 3074 ctam
906 3004 1314 3074 divisionem
1358 3028 1374 3072 ε
1414 3031 1449 3072 α
1479 3006 1895 3075 Audivimus
1956 3030 2134 3086 eam,
2168 3033 2202 3074 s

649 3111 720 3181 id
750 3119 876 3196 est,
910 3111 1195 3183 domum
1252 3113 1579 3193 futuram,
1623 3143 1655 3178 α
1687 3115 1757 3183 in
1787 3113 2132 3207 Ephrata,
2169 3143 2201 3179 η

648 3221 716 3290 id
749 3230 875 3306 est,
920 3221 1012 3290 ibi
1042 3246 1166 3314 per
1205 3224 1631 3293 nativitatem
1683 3222 2060 3293 Salvatoris
2099 3226 2207 3292 in-

645 3330 1053 3412 choandam,
1077 3334 1277 3423 juxta
1310 3333 1480 3402 illud
1508 3333 1713 3402 Mich.
1748 3357 1815 3414 v,
1851 3336 1932 3401 2:
1975 3337 2073 3402 Et
2099 3344 2199 3413 tu,

645 3439 1000 3509 Bethleem
1038 3441 1388 3533 Ephrata,
1413 3442 1757 3534 parvulus
1784 3465 1851 3509 es
1881 3443 1950 3510 in
1981 3442 2202 3510 milli-

648 3549 775 3617 bus
817 3548 1035 3628 luda,
1080 3548 1193 3619 vel
1258 3550 1330 3618 in
1378 3549 1741 3619 tribubus:
1802 3573 1887 3619 ea·
1931 3560 1997 3619 te
2032 3550 2205 3619 mihi

643 3656 1030 3748 eqredietur
1064 3659 1192 3750 qui
1214 3660 1309 3726 sit
1348 3657 1745 3727 dominator
1797 3661 1869 3726 in
1894 3658 2117 3728 Israel
2151 3659 2197 3727 '.

737 3899 774 3937 α
813 3870 1210 3940 Invenimus
1253 3892 1430 3939 eam.
1484 3898 1517 3935 ιι
1581 3870 1711 3940 Hic
1795 3871 2194 3941 secundum.

644 3976 860 4059 Quasi
891 3975 1145 4047 diceret
1176 3999 1194 4046 t
1248 3975 1365 4046 Sic
1402 3978 1792 4047 audivimus
1821 3978 1890 4045 in
1916 3977 2195 4056 Judaeis,

646 4082 1105 4154 inchoandam
1138 4082 1424 4153 domum
1473 4085 1625 4166 Dei,
1666 4095 1736 4155 et
1760 4087 2195 4177 postmodum

648 4218 683 4259 α
718 4193 1104 4261 invenimus
1167 4214 1324 4264 eam
1381 4192 1454 4261 in
1507 4195 1769 4285 campis
1808 4194 2026 4274 silvae,
2062 4219 2096 4260 2
2130 4195 2198 4261 in

647 4298 1041 4369 Gentilitate
1078 4299 1362 4379 scilicet,
1414 4322 1566 4392 quae
1594 4310 1737 4369 erat
1770 4323 2055 4392 campus
2083 4323 2203 4391 per

645 4406 971 4499 peccandi
1011 4405 1357 4475 licentiam
1399 4425 1418 4477 :
1457 4406 1664 4484 silva,
1699 4407 1860 4499 quia
1888 4408 2033 4477 sine
2062 4405 2202 4475 cul·

645 4508 802 4581 tura
836 4513 908 4581 in
954 4511 1278 4581 omnibus
1315 4515 1636 4603 peccatis,
1678 4521 2029 4605 tamquam
2051 4513 2200 4581 fru-

645 4617 805 4687 tetis
850 4615 1077 4709 plena.
1127 4616 1259 4687 Isa.
1320 4641 1432 4706 nv,
1498 4618 1630 4687 12:
1702 4618 1955 4688 Omnia
2004 4618 2199 4709 liqna

645 4725 973 4817 reqionis,
1007 4748 1165 4795 ecce
1216 4725 1417 4812 silva,
1447 4725 1797 4819 plaudent
1835 4747 2071 4795 manu.
2115 4722 2199 4793 Et

643 4847 805 4909 mxv,
861 4826 942 4892 10
977 4848 996 4896 z
1037 4828 1135 4894 Et
1170 4836 1374 4896 erunt
1401 4828 1813 4920 campestria
1851 4828 1920 4895 in
1959 4824 2200 4896 caulas

638 4954 958 5025 qrequm.
1022 4932 1286 5002 Relicta
1340 4936 1526 5003 enim
1582 4933 1905 5027 Ephrata‚
1957 4935 2028 5003 in
2066 4955 2198 5027 qua

641 5039 954 5110 auditum
1003 5048 1108 5110 est
1153 5039 1238 5110 de
1267 5064 1376 5121 eo,
1442 5040 1756 5110 transibit
1802 5042 1885 5111 ad
1926 5042 2195 5127 silvam,

640 5148 728 5217 ad
769 5149 1264 5231 Gentilitatem,
1323 5159 1393 5220 et
1455 5150 1542 5220 ab
1589 5150 1724 5220 illis
1786 5144 2223 5220 invenietur.'

638 5262 773 5333 Isa.
813 5287 977 5350 nv,
1022 5266 1053 5333 1
1102 5288 1121 5335 ε
1158 5263 1596 5342 Invenerunt,
1629 5283 1741 5331 me
1767 5257 2046 5347 scilicet,
2075 5258 2201 5351 qui

712 5536 729 5574 ¹
762 5531 849 5592 Gi.
880 5528 1082 5589 llatth.
1116 5546 1180 5599 ιι,
1211 5530 1285 5587 6:
1315 5532 1386 5587 Et
1414 5535 1496 5598 tu,
1532 5525 1826 5593 Bethleem,
1860 5531 2006 5585 terra
2025 5525 2192 5597 Iuda,

635 5638 995 5699 nequaquam
1024 5622 1257 5677 minima
1277 5636 1333 5677 es
1359 5621 1418 5676 in
1443 5620 1798 5693 principibus
1817 5618 1966 5675 Iuda
1998 5634 2013 5674 ε
2045 5635 2116 5674 ex
2142 5625 2194 5674 te

633 5719 783 5777 enim
813 5714 959 5772 exiet
987 5711 1117 5768 dua·
1148 5712 1250 5782 qui
1276 5713 1438 5781 reflat
1464 5710 1744 5784 populum
1784 5724 1965 5769 meum
1996 5708 2186 5766 lsrael.

2335 628 2464 693 erit
2501 628 2838 696 desertum
2877 628 2949 693 in
2997 627 3324 710 charmel,
3387 638 3451 695 et
3480 629 3789 696 charmel
3814 631 3885 695 in

2331 734 2597 802 saltum
2634 735 3088 828 reputabitur.
3127 735 3448 804 Charmel
3487 737 3670 804 enim
3704 736 3887 804 mol-

2333 839 2441 923 lis,
2469 848 2536 907 et
2550 843 2942 924 tractabiliS,
2968 845 3038 908 in
3054 843 3397 911 desertum
3421 851 3524 912 est
3545 851 3877 934 reputata.

2331 945 2440 1012 Ad
2480 946 2766 1017 Roman.
2831 973 2924 1027 ιχ,
2961 950 3043 1017 30
3103 959 3170 1017 et
3200 951 3276 1018 31
3321 974 3336 1017 ε
3413 953 3678 1027 Gentes,
3733 974 3886 1041 quae

2331 1077 2469 1122 non
2502 1057 2939 1125 sectabantur
2962 1057 3350 1147 justitiam,
3412 1060 3885 1150 apprehende-

2333 1177 2495 1233 runt
2513 1167 2957 1257 justitiam...
2989 1170 3212 1237 Israel
3235 1193 3389 1237 vero
3417 1170 3738 1237 sectando
3781 1170 3884 1237 le-

2326 1295 2483 1364 qem
2499 1275 2826 1364 justitiae,
2878 1279 2949 1344 in
2983 1279 3197 1369 leqem
3215 1277 3522 1367 justitiae
3546 1301 3686 1345 non
3718 1302 3882 1369 per-

2328 1381 2534 1447 venit.
2568 1381 2866 1473 Ephrata
2894 1383 3271 1475 speculum,
3318 1383 3560 1452 Clerici
3601 1393 3667 1452 et
3696 1383 3884 1452 Prae-

2326 1486 2469 1566 lati,
2515 1488 2584 1554 in
2632 1491 2878 1582 quibus
2934 1499 3035 1560 est
3091 1491 3360 1559 auditus
3405 1491 3617 1559 Deus.
3663 1491 3881 1560 Multa

2327 1595 2508 1662 enim
2540 1595 2771 1666 dicunt
2809 1608 2874 1667 et
2919 1599 3225 1667 audiunt.
3271 1598 3455 1667 Inter
3494 1598 3649 1667 illos
3678 1599 3881 1667 audi-

2326 1708 2437 1768 tur
2465 1704 2580 1793 qui
2619 1705 2841 1773 verbis
2880 1706 3135 1786 dicunt,
3169 1706 3396 1774 Facite
3435 1707 3483 1783 ',
3519 1706 3638 1775 sed
3678 1708 3880 1775 inve-

2323 1811 2591 1879 niturin
2611 1837 2983 1906 pauperum
3007 1823 3073 1883 et
3124 1814 3491 1883 humilium
3513 1815 3872 1907 exemplis.

2324 1916 2582 1988 Cantic.
2617 1944 2688 2000 11,
2727 1923 2758 1990 1
2797 1945 2812 1990 ι
2846 1925 3000 2014 E'qo
3034 1923 3169 2012 flos
3223 1924 3475 2015 campi,
3533 1931 3599 1991 et
3638 1922 3876 1990 lilium

2321 2027 2770 2098 convallium.

2410 2367 2447 2404 α
2490 2342 2934 2414 Introibimus
2965 2347 3037 2414 in
3085 2347 3636 2418 tabernaculum.
3673 2379 3706 2414 n
3745 2349 3875 2419 Hic

2318 2448 2634 2539 probatio
2665 2455 2810 2543 ejus
2866 2455 3049 2547 quod
3105 2456 3361 2525 dictum
3402 2468 3530 2537 est,
3583 2482 3705 2550 per
3733 2460 3870 2529 duo

2319 2577 2470 2646 quae
2507 2561 2745 2651 tangit.
2784 2561 3043 2645 Primo,
3095 2564 3278 2654 quod
3319 2565 3698 2635 introibunt
3740 2568 3872 2637 tide

2318 2666 2389 2733 in
2454 2665 2771 2739 Ecclesiae
2840 2673 3196 2739 unitatem.
3271 2670 3617 2754 Secundo,
3687 2675 3871 2766 quod

2316 2774 2698 2845 adorabunt
2714 2778 3093 2860 devotione,
3126 2779 3245 2859 ibi,
3268 2808 3300 2842 «
3321 2781 3813 2849 Adorabimus.
3836 2810 3869 2847 ιο

2409 2879 2587 2949 Dicit
2614 2906 2777 2976 ergo
2820 2907 2835 2951 ε
2873 2883 2988 2954 Sic
3034 2886 3201 2969 dixi,
3262 2886 3448 2978 quod
3508 2887 3741 2956 audita
3770 2898 3873 2957 est

2314 2988 2544 3059 lutura
2580 2993 2651 3060 in
2685 2993 2964 3075 Judaeis,
3028 2995 3304 3063 inventa
3353 2998 3424 3064 in
3482 2996 3816 3066 Gentibus
3851 3022 3870 3067 ε

2312 3107 2381 3168 et
2415 3120 2657 3170 verum
2706 3101 2872 3185 dixi,
2931 3105 3092 3196 quia
3144 3105 3681 3187 «introibimus,
3719 3133 3753 3173 ιι
3806 3116 3874 3176 et

2309 3206 2530 3276 Judaei
2553 3219 2622 3279 et
2638 3211 2957 3290 Gentes,«
2980 3214 3053 3280 in
3083 3212 3609 3282 tabernaculum
3630 3215 3815 3306 ejus,
3834 3243 3867 3280 n

2310 3314 2436 3384 Dei
2463 3316 2678 3387 Jacob
2716 3321 2992 3404 scilicet,
3036 3319 3167 3390 boc
3192 3331 3316 3401 est,
3353 3323 3422 3389 in
3465 3322 3867 3406 Ecclesiam,

2310 3443 2433 3511 per
2461 3420 2616 3491 fidei
2646 3427 3002 3493 unitatem.
3039 3423 3346 3516 Sapient.
3383 3450 3532 3506 νιιι,
3573 3430 3655 3495 16
3701 3451 3717 3497 ε
3753 3430 3870 3498 In·

2312 3538 2504 3597 trans
2542 3531 2614 3599 in
2660 3532 2937 3602 domum
2984 3557 3232 3619 meam,
3282 3533 3657 3605 Ecclesiam
3707 3560 3863 3629 quae

2309 3647 2412 3708 est
2449 3642 2759 3710 omnium
2808 3641 3112 3711 fidelium
3154 3666 3291 3711 una
3358 3643 3633 3724 domus,
3701 3668 3869 3713 con-

2309 3748 2656 3838 quiescam
2685 3773 2837 3819 cum
2876 3750 3035 3830 illa,
3085 3750 3344 3821 scilicet
3376 3775 3536 3821 cum
3585 3753 3867 3845 sapien-

2308 3852 2422 3923 tia.
2464 3851 2787 3946 Signatus
2814 3866 2919 3926 est
2953 3866 3181 3927 autem
3222 3858 3542 3926 introitus
3576 3858 3868 3928 Judaeo-

2309 3984 2488 4039 rum,
2526 3961 2742 4035 Exod.
2763 3988 3001 4044 χχχιιι,
3034 3968 3103 4049 9,
3135 3966 3565 4036 ubidicitur:
3599 3969 3866 4059 Inqres-

2305 4090 2382 4136 so
2412 4068 2567 4147 illo,
2600 4072 2879 4152 scilicet,
2897 4071 3159 4164 Moyse,
3182 4071 3713 4143 tabernaculum
3736 4077 3867 4165 soe·

2309 4174 2516 4260 deris,
2539 4187 2665 4248 etc.
2702 4179 2784 4249 Et
2812 4180 3127 4249 introitus
3148 4182 3467 4250 Gentium
3507 4206 3868 4274 expressus

2308 4292 2435 4363 est,
2494 4284 2770 4356 Zachar.
2852 4310 2997 4368 vm,
3077 4288 3163 4356 23
3198 4310 3214 4356 :
3301 4291 3859 4382 Apprebendent,

2311 4389 2544 4460 decem
2574 4392 2888 4464 homines
2947 4394 3204 4465 scilicet
3231 4417 3318 4465 ex
3353 4397 3678 4466 omnibus
3718 4398 3864 4467 lin-

2308 4501 2464 4593 guis
2491 4503 2823 4592 gentium,
2869 4502 3225 4594 fimbriam
3279 4505 3416 4574 viri
3439 4505 3702 4590 Judaei,
3744 4508 3865 4577 di-

2310 4618 2527 4677 centes
2559 4635 2577 4678 2
2640 4610 2902 4681 Ibimus
2986 4610 3332 4682 vobiscum
3362 4635 3389 4682 .·
3455 4614 3860 4684 audivimus

2310 4716 2493 4783 enim
2555 4720 2882 4809 quoniam
2913 4720 3259 4789 Dominus
3314 4731 3414 4790 est
3476 4719 3855 4791 vobiscum.

2310 4821 2478 4892 Ilaec
2541 4826 2723 4894 enim
2788 4826 3034 4896 domus
3096 4830 3558 4899 communiter
3613 4853 3857 4901 omnes

2313 4931 2573 5022 recipit,
2627 4943 2695 5003 et
2749 4942 2956 5015 tenet,
3006 4934 3229 5004 sedin
3283 4958 3654 5027 supernam
3712 4962 3856 5008 non

2310 5039 2567 5110 intrant
2586 5042 2715 5111 nisi
2745 5041 3200 5111 mundissimi.
3227 5043 3511 5136 Apocal.
3542 5068 3687 5124 χχι.
3712 5046 3796 5115 2¹1
3835 5070 3853 5116 ε

2309 5149 2464 5218 Non
2489 5150 2777 5221 intrabit
2814 5154 2887 5221 in
2927 5174 3080 5222 eam
3127 5153 3411 5245 aliquid
3439 5156 3857 5247 coinquina-

2309 5267 2485 5327 tum.

2378 5525 2402 5568 ⁸
2432 5527 2520 5588 Cf.
2552 5529 2755 5590 nauh.
2785 5549 2945 5603 xxm,
2976 5531 3013 5589 2
3037 5536 3097 5590 et
3124 5547 3251 5604 seq.
3287 5546 3303 5588 ε
3331 5528 3513 5604 Super
3531 5528 3855 5593 cathedram

2305 5623 2480 5691 noyn·
2507 5622 2761 5680 sederunt
2791 5624 2995 5681 Scribe
3013 5629 3067 5679 et
3094 5621 3383 5690 Pharisaei,
3415 5628 3529 5678 etc.
