5008 6329
645 356 772 422 362

643 521 1131 613 temporalium
1192 517 1890 594 abrenuntiationem,
1949 516 2202 582 Jerem.

644 654 716 709 11,
750 633 875 698 23:
927 630 1178 697 Cursor
1211 624 1377 692 levis
1418 624 1780 715 explicans
1830 624 1979 690 vias
2015 642 2201 686 suaS.

1677 349 1763 416 D.
1815 346 2015 414 ALB.
2074 345 2294 413 MAG.
2347 343 2554 412 ORD.
2607 338 2902 409 PRAED.

2320 513 2660 599 passionis
2715 509 2962 577 Christi
3000 504 3536 583 meditationem,
3589 504 3721 571 Isa.
3778 525 3849 578 ιι,

2324 621 2403 685 10
2431 640 2445 684 :
2474 619 2836 706 Inqredere
2856 619 2926 683 in
2951 626 3243 706 petram,
3271 624 3334 680 et
3353 611 3761 681 abscondere
3783 612 3854 677 in

641 738 872 829 Agiles
930 757 1051 824 per
1095 732 1523 812 charitatem,
1603 732 1734 800 Isa.
1777 754 1899 808 υς,
1935 730 2020 796 8:
2071 727 2208 810 Qui
2312 726 2503 812 fossa
2542 725 2774 791 humo.
2823 723 3074 791 Cautio.
3146 745 3216 800 11,
3267 721 3498 788 14:112
3562 718 3856 806 jorami-

637 853 797 910 sunt
835 842 950 908 isti
978 840 1101 930 qui
1136 849 1213 907 ul
1265 839 1478 908 nubes
1526 838 1769 906 volant
1798 835 1839 903 Ρ
1882 833 2205 900 Habitan-

640 958 741 1018 tes
772 953 842 1018 in
872 948 1326 1018 foraminibus
1371 955 1748 1038 petrarum,
1793 966 1913 1034 per
1963 944 2202 1032 jugem

2314 830 2517 898 nibus
2551 841 2785 921 petr-ee,
2819 832 2887 895 in
2919 852 3201 896 caverna
3247 828 3578 894 maceriae.

1825 1411 2291 1487 PSALMUS
2347 1410 2674 1485 CXXIV.

1393 1751 1467 1821 F
1466 1749 1760 1822 idelium
1800 1752 1994 1820 Deus
2031 1761 2134 1820 est
2173 1749 2400 1821 tutela
2436 1775 2451 1816 ε
2500 1748 2705 1842 impii
2735 1746 3089 1840 peribunt.

690 2124 747 2171 1.
801 2096 1190 2172 Canticum
1230 2095 1620 2188 graduum.

806 2204 955 2297 Qui
1022 2202 1398 2274 confidunt
1461 2201 1536 2271 in
1599 2198 1943 2278 Domino,
2007 2200 2192 2269 sicut

892 2332 1108 2381 mons
1177 2306 1362 2382 Sion
1425 2330 1443 2376 ε
1505 2329 1651 2377 non
1709 2304 2197 2376 commovebi-

902 2438 1023 2490 tur
1059 2419 1135 2488 in
1166 2435 1545 2497 aeternum,
1580 2414 1710 2508 qui
1749 2413 2026 2485 habitat

687 2551 755 2599 2.
809 2529 892 2598 In
931 2525 1356 2595 Jerusalem.

809 2638 1099 2706 Montes
1158 2631 1231 2702 in
1272 2630 1582 2702 circuitu
1633 2629 1791 2719 ejus
1855 2651 1870 2695 :
1925 2647 1996 2700 et
2050 2628 2192 2699 Do·

892 2740 1140 2814 minus
1202 2738 1275 2810 in
1345 2737 1654 2808 circuitu
1720 2735 1971 2828 populi
2050 2734 2189 2812 sui,

897 2872 983 2921 ex
1029 2847 1165 2917 hoc
1214 2866 1409 2915 nunc
1449 2862 1519 2917 et
1568 2864 1801 2935 usque
1846 2843 1919 2912 in
1962 2864 2196 2913 saecu-

897 2956 1077 3026 lum.

677 3065 743 3136 3.
796 3061 994 3155 Quia
1035 3082 1180 3131 non
1214 3057 1580 3150 relinquet
1621 3056 1985 3128 Dominus
2041 3055 2193 3126 vir-

955 3543 1051 3612 lN
1098 3540 1543 3613 PSALMUM
1584 3539 1877 3610 CXXIV

1152 3782 1686 3829 oounlmramus.

956 4121 989 4158 ιι
1020 4091 1388 4163 Canticum
1424 4087 1777 4182 qraduum
1799 4099 1848 4159 ¹.
1884 4114 1920 4152 n

720 4437 753 4474 α
802 4407 945 4496 Qut·
969 4402 1331 4494 confidunt
1368 4402 1441 4470 in
1488 4403 1816 4472 Domino.
1863 4427 1900 4471 s
1932 4402 2063 4473 llic
2092 4411 2191 4472 est

628 4515 944 4586 Psalmus
996 4508 1416 4582 centesimus
1487 4509 1861 4579 vicesimus
1910 4518 2193 4603 quartus

623 4626 691 4693 in
725 4631 872 4694 toto
902 4619 1106 4698 libro,
1159 4617 1232 4685 in
1279 4623 1472 4709 parte
1535 4637 1704 4685 vero
1759 4616 1959 4687 tertia
2005 4619 2189 4687 vice·

621 4753 773 4799 mus
851 4732 1165 4820 quartus,
1206 4729 1277 4792 et
1331 4731 1437 4792 est
1475 4729 1710 4792 sextus
1766 4723 1836 4791 in
1893 4722 2190 4792 Psalmis

621 4831 1111 4915 Gradualibus‚
1194 4837 1260 4898 et
1334 4829 1603 4921 primus
1660 4829 1840 4898 inter
1884 4829 2040 4898 illos
2071 4831 2190 4921 qui

624 4944 968 5038 pertinent
1005 4937 1091 5007 ad
1122 4937 1594 5028 operationem
1665 4935 1857 5020 boni,
1898 4937 2043 5006 sive
2104 4936 2190 5005 ad

622 5050 1107 5144 perfectionem
1141 5043 1213 5113 in
1255 5042 1471 5114 bono.
1504 5042 1784 5113 Primus
1821 5043 2008 5114 enim
2038 5067 2194 5137 gra·

700 5331 718 5366 ¹
746 5328 825 5385 La
881 5324 1170 5384 situation
1203 5328 1296 5381 est
1350 5322 1408 5380 la
1466 5323 1663 5381 meme
1722 5322 1904 5397 qn'au
1935 5324 2190 5383 Psanme

623 5416 842 5476 cxxu.
875 5413 1084 5484 lsrael,
1114 5429 1191 5471 en
1214 5412 1385 5470 butte
1406 5416 1439 5471 a
1497 5412 1556 5472 la
1600 5412 1984 5488 persecution
2040 5432 2190 5488 pen-

621 5507 768 5565 dant
795 5507 855 5564 la
884 5503 1166 5578 captivit&
1195 5509 1255 5560 et
1284 5520 1363 5562 au
1398 5508 1629 5574 retour,
1682 5502 1794 5562 fait
1849 5503 2185 5577 profession

627 5595 804 5654 d'une
834 5591 1088 5670 pan-saite
1115 5593 1432 5651 constance
1462 5609 1540 5652 en
1578 5593 1640 5653 la
1675 5593 1884 5662 home,
1923 5591 1986 5650 ia
2020 5595 2185 5668 puis·

632 5702 810 5744 sance
835 5690 898 5744 et
926 5682 987 5741 la
1002 5681 1227 5757 justice
1258 5681 1330 5739 de
1362 5683 1533 5742 Dieu.

2570 2115 2732 2185 gam
2795 2112 3244 2189 peccatorum
3290 2113 3508 2183 super
3573 2109 3845 2185 sontem

2582 2201 2969 2289 justorum,
3012 2220 3262 2273 utnon
3329 2202 3714 2272 extendant
3745 2200 3852 2291 ju-

2573 2308 2662 2378 sti
2694 2311 2783 2382 ad
2841 2310 3293 2404 iniquitatem
3346 2333 3607 2382 manus
3647 2333 3842 2380 suas.

2349 2433 2422 2501 4.
2484 2414 2810 2501 Benesac‚
2859 2417 3187 2505 Domine,
3238 2416 3472 2500 bonis,
3515 2434 3583 2487 et
3634 2416 3846 2487 rectis

2570 2523 2809 2594 corde.

2354 2629 2419 2696 5.
2478 2628 2932 2703 Declinantes
2968 2650 3205 2704 autem
3232 2632 3300 2703 in
3334 2633 3841 2727 obligationes,

2576 2737 2880 2809 adducet
2928 2740 3282 2810 Dominus
3338 2763 3503 2811 cum
3545 2763 3848 2834 operan-

2572 2844 2768 2916 tibus
2842 2846 3322 2941 iniquitatem.
3403 2850 3552 2919 Pax
3625 2870 3848 2942 super

2574 2953 2788 3026 Israel
2827 2961 2843 3026 t

2301 3434 2428 3504 dus
2474 3447 2576 3505 est
2638 3437 2921 3507 firmitas
2975 3441 3299 3530 propositi
3365 3440 3839 3532 perseverandi
3870 3406 4193 3560 tggswciii:

2302 3546 2370 3611 in
2438 3543 2647 3624 bono,
2708 3568 2790 3614 ex
2834 3546 3238 3615 confidentia
3276 3546 3504 3616 habita
3541 3550 3612 3617 in
3658 3547 3835 3628 Deo.
3880 3567 3928 3632 ¹¹!
3955 3514 4177 3613 &2⁸2¹ss

2301 3662 2363 3723 et
2430 3653 2769 3742 adjutorio
2834 3655 3090 3745 gratim,
3162 3664 3226 3724 et
3294 3657 3837 3726 consideratione
3865 3626 4190 3774 ssffior'

2302 3785 2523 3854 poenae
2554 3762 2971 3832 deviantium
3010 3786 3051 3832 a
3089 3762 3295 3833 bono.

2391 3869 2764 3961 I'raeposito
2794 3892 2958 3961 ergo
2996 3871 3193 3941 titulo
3221 3880 3574 3954 consueto,
3614 3871 3840 3964 primo

2301 3979 2606 4068 tangitur
2632 3977 2915 4046 firmitas
2945 3978 3294 4070 propositi,
3356 4000 3443 4048 ex
3486 3977 3843 4048 confiden-

2300 4087 2395 4154 tia
2432 4082 2664 4152 habita
2690 4084 2760 4152 in
2799 4082 2968 4152 Deo,
3012 4082 3352 4169 Secund0,
3394 4086 3634 4177 petitio
3680 4108 3844 4177 gra-

2301 4195 2410 4262 tiae
2449 4193 2718 4271 divinae,
2750 4194 2896 4261 sine
2926 4215 3059 4283 qua
3087 4193 3368 4262 firmitas
3412 4216 3553 4263 non
3616 4201 3843 4285 potest

2300 4308 2508 4381 stare,
2557 4298 2676 4382 ibi,
2741 4305 2808 4377 5.
2842 4300 2926 4369 4:
2980 4326 3013 4363 α
3062 4301 3383 4391 Benesac,
3442 4302 3763 4371 Domine.
3798 4327 3832 4364 n

2294 4406 2550 4486 Tertio,
2618 4407 2962 4498 expressio
3024 4429 3240 4498 poenoe
3322 4407 3744 4477 deviantium
3801 4430 3842 4476 a

2297 4514 2481 4584 bono
2513 4512 2858 4597 inchoato,
2893 4514 3012 4595 ibi,
3041 4521 3109 4593 ᾖ.
3142 4517 3225 4584 5:
3258 4515 3698 4585 Declinantes
3719 4539 3841 4585 au·

2299 4634 2459 4693 lem.
2499 4648 2532 4687 s

2388 4727 2466 4797 ln
2497 4730 2715 4821 prima
2762 4728 2923 4798 duo.
2981 4729 3239 4810 Primo,
3291 4739 3567 4801 notatur
3619 4731 3845 4801 conti-

2298 4839 2604 4908 dentium
2637 4838 2706 4906 in
2736 4838 2882 4907 Deo
2913 4840 3218 4908 firmitas.
3255 4838 3598 4920 Secundo,
3631 4839 3845 4908 tirmi-

2301 4949 2459 5018 tatis
2500 4949 2941 5041 perpetuitas,
3001 4949 3120 5031 ibi,
3183 4974 3218 5017 ι
3266 4952 3418 5021 Non
3459 4973 3848 5021 commove-

2301 5052 2514 5122 bitur.
2560 5079 2594 5119 s

2369 5339 2449 5395 Ce
2479 5351 2726 5412 psaume
2758 5341 2850 5393 est
2878 5336 2998 5394 tres
3021 5353 3236 5411 propre
3265 5335 3301 5393 a
3329 5305 3600 5393 soutenir
3622 5335 3678 5395 le
3708 5354 3848 5395 cou-

2301 5445 2439 5501 rage
2469 5426 2550 5483 du
2581 5426 2817 5483 chetien
2847 5424 2998 5483 dans
3026 5425 3082 5482 le
3112 5431 3302 5498 temps
3348 5423 3455 5482 des
3492 5427 3841 5484 tentations.

3148 5591 3217 5652 n.
3249 5591 3511 5652 Lites-ras.
