5008 6329
1933 341 2644 411 COMMENTARIUS
2692 338 2789 407 IN
2835 336 3278 407 PSALMUM
3328 333 3674 405 CXXXV.

1166 507 1298 572 lem
1366 510 1436 575 in
1480 511 1741 580 lumine
1807 515 1970 594 diei,
2044 516 2354 582 ordinem
2436 514 2615 579 lunae
2655 520 2717 576 et

1159 616 1523 686 stellarum
1564 622 1637 687 in
1657 633 1995 712 potestate
2032 625 2269 690 noctis.
2336 622 2468 687 Per
2498 618 2714 686 solem

1161 723 1383 809 major
1420 724 1750 796 Praelatus
1783 728 2211 818 intelligitur,
2248 727 2441 814 cujus
2500 733 2603 791 est
2639 723 2714 789 il-

1159 828 1496 901 luminare
1525 835 1731 916 diem,
1760 845 1826 903 et
1868 837 2171 903 veritatis
2217 834 2708 925 cognitionem,

1160 937 1241 1005 de
1273 941 1519 1029 quibus
1539 940 2054 1032 diebuS‚supra‚
2086 942 2156 1008 in
2185 940 2361 1009 Psal.
2396 964 2590 1021 xvm,
2626 941 2705 1008 3:

1159 1046 1323 1112 Dies
1362 1047 1502 1114 diei
1531 1056 1795 1115 eructat
1827 1048 2133 1120 verbum.
2197 1047 2358 1129 Sed,
2389 1048 2567 1127 Joel,
2637 1071 2706 1125 11,

1161 1152 1269 1235 31,
1305 1153 1587 1222 dicitur:
1648 1156 1778 1225 Sol
1813 1168 2235 1225 convertetur
2264 1159 2336 1225 in
2375 1157 2706 1224 tenebras,

1159 1259 1267 1338 Et,
1309 1261 1550 1343 Amos,
1593 1288 1737 1345 vm,
1782 1268 1866 1335 9:
1907 1267 2179 1336 Occidet
2230 1266 2342 1334 sol
2385 1267 2457 1332 in
2516 1265 2715 1330 meri-

1158 1365 1292 1445 die,
1328 1367 1397 1436 id
1425 1378 1551 1451 est,
1586 1372 1654 1438 in
1695 1372 1957 1439 ardenti
1999 1373 2396 1440 tentatione.
2423 1368 2704 1460 Apocal.

1155 1497 1251 1558 v1,
1300 1477 1423 1543 12:
1467 1478 1597 1547 Sol
1649 1481 1881 1568 factus
1945 1490 2040 1548 est
2098 1481 2295 1570 niqer
2351 1490 2710 1568 tamquam

1153 1608 1389 1652 saccus
1413 1587 1759 1657 cilicinus.
1789 1589 1982 1657 Luna
2012 1599 2240 1658 autem
2283 1590 2510 1657 minor
2536 1588 2713 1656 Prae-

1156 1691 1356 1775 latuS,
1393 1695 1505 1783 qui
1550 1698 1784 1788 recipit
1814 1699 2046 1766 lumen
2095 1700 2452 1789 potestatis
2491 1720 2530 1764 a
2562 1719 2711 1763 rna-

1145 1800 1313 1889 jori,
1374 1803 1546 1871 sicut
1606 1806 1768 1874 luna
1825 1830 1864 1874 a
1911 1807 2078 1883 sole,
2125 1808 2242 1898 qui
2301 1813 2707 1896 potestatem

1155 1905 1360 1976 habet
1390 1911 1459 1976 in
1487 1920 1711 1992 nocte,
1746 1914 1817 1979 in
1847 1912 2135 1981 subditis
2166 1922 2231 1980 et
2296 1913 2552 2005 ignaris
2592 1911 2707 2002 qui

1154 2015 1473 2085 dicuntur
1497 2042 1662 2090 nox.
1710 2019 1957 2111 Supra,
2011 2023 2079 2088 in
2136 2020 2320 2089 Psal.
2382 2043 2573 2096 xvm,
2611 2020 2703 2087 3:

1151 2126 1311 2193 Nox
1350 2132 1535 2197 nocti
1590 2130 1852 2197 indicat
1914 2132 2293 2198 scientiam.
2361 2128 2500 2197 Sed
2564 2127 2708 2196 haec

1154 2237 1361 2303 etiam
1401 2235 1564 2305 luna
1602 2238 1963 2307 obscurata
2003 2248 2103 2307 est
2162 2237 2481 2306 multum.
2543 2235 2700 2313 Job,

1154 2365 1341 2421 xxxi,
1377 2345 1508 2412 26:
1563 2346 1648 2414 Si
1712 2345 1857 2413 vidi
1891 2346 2107 2413 solem
2153 2367 2309 2412 cum
2370 2344 2701 2434 sulqeret,

1152 2459 1215 2517 et
1257 2452 1501 2521 lunam
1558 2454 1970 2522 incedentem
2009 2455 2220 2534 clare,
2281 2454 2536 2523 scilicet
2574 2453 2703 2520 mi-

1154 2582 1391 2627 norem
1436 2562 1827 2631 Praelatum.
1870 2563 2101 2631 Stellae
2147 2574 2376 2631 autem
2433 2561 2705 2652 simpli-

1152 2691 1263 2736 ces
1292 2667 1559 2739 Clerici.
1602 2669 1852 2761 Supra,
1925 2673 1994 2738 in
2044 2670 2226 2740 l‘sal.
2279 2694 2425 2752 vm,
2460 2671 2498 2737 4
2536 2690 2551 2739 ε
2603 2670 2705 2736 Vi-

1151 2775 1320 2843 debe
1349 2775 1552 2843 coelos
1600 2786 1778 2857 tuos,
1848 2802 2055 2869 opera
2109 2777 2489 2868 diqitorum
2548 2787 2701 2844 tuo·

1150 2905 1334 2963 rum,
1370 2881 1615 2951 lunam
1655 2895 1719 2951 el
1745 2885 2012 2965 stellas,
2056 2900 2216 2977 quie·
2237 2894 2313 2953 tu
2351 2885 2696 2976 semdasti.

1152 2990 1289 3057 Sed
1317 2989 1694 3082 Episcopus
1741 2993 1979 3061 circuit
2044 3000 2109 3061 et
2167 2992 2504 3061 discurrit.
2552 2991 2578 3057 Ι
2615 2989 2701 3059 ad

1148 3097 1455 3168 Corinth.
1501 3123 1617 3181 xv,
1651 3102 1729 3169 41
1763 3123 1778 3168 ;
1857 3100 2086 3172 Stella
2151 3125 2195 3168 α
2229 3100 2439 3170 stella
2470 3101 2702 3192 differt

1149 3208 1217 3273 in
1255 3209 1598 3278 claritate.
1648 3209 1810 3293 Sed,
1841 3211 2126 3301 Apocal.
2183 3235 2276 3293 vt,
2343 3213 2422 3278 12
2462 3219 2527 3278 et
2589 3211 2695 3289 13,

1144 3315 1391 3385 dicitur
1422 3340 1438 3384 :
1473 3322 1673 3387 Luna
1726 3328 1871 3388 tota
1905 3321 2101 3409 lacta
2150 3329 2247 3386 est
2299 3322 2481 3387 sicut
2531 3342 2698 3387 san-

1140 3425 1325 3513 quis,
1350 3437 1410 3492 et
1435 3425 1659 3495 stellae
1687 3427 1770 3494 de
1822 3427 1990 3495 coelo
2047 3426 2430 3496 ceciderunt
2491 3450 2699 3518 super

1142 3541 1422 3602 terram.

1235 3882 1272 3919 ι
1309 3854 1448 3940 Qui
1474 3856 1812 3946 percussit
1850 3858 2347 3948 AEqyptumff»
2418 3859 2547 3928 llic
2575 3881 2693 3928 os-

1142 3963 1357 4032 tendit
1394 3962 1870 4033 excellentiam
1938 3965 2262 4035 bonitatis
2317 3976 2387 4037 et
2416 3971 2688 4038 miseri-

1139 4070 1410 4151 cordioe,
1442 4094 1565 4163 per
1602 4094 1808 4164 opera
1848 4096 1969 4163 per
2023 4073 2413 4143 ministrum
2470 4086 2687 4166 patra-

1139 4185 1236 4261 ta,
1275 4188 1342 4246 et
1391 4179 1689 4248 maxime
1747 4180 1922 4249 circa
1990 4180 2321 4273 populum
2378 4182 2683 4253 Domini.

1139 4285 1222 4354 Et
1246 4288 1492 4377 primo,
1523 4290 1743 4379 tangit
1782 4288 1995 4356 multa
2034 4298 2101 4356 et
2138 4311 2390 4380 magna
2428 4290 2689 4361 beneti-

1137 4396 1267 4476 cia,
1308 4403 1374 4464 et
1414 4419 1642 4487 opera.
1684 4395 2026 4475 Secundo,
2086 4398 2433 4469 concludit
2462 4400 2690 4469 excel-

1135 4503 1415 4573 lentiam
1448 4504 1793 4590 laudandi,
1827 4514 1894 4574 et
1959 4529 2236 4576 causam
2294 4509 2686 4600 generalem

1134 4610 1377 4690 laudis,
1422 4609 1542 4696 ibi,
1576 4620 1644 4689 5.
1685 4614 1770 4681 26
1813 4635 1831 4681 :
1886 4639 1919 4679 ι
1949 4614 2389 4705 Confitemini
2431 4618 2687 4687 Domi-

1069 4791 1076 4797 ,
1132 4742 1246 4789 no.
1281 4742 1317 4787 ι

1220 4826 1298 4896 ln
1336 4829 1559 4919 prima
1603 4830 1823 4920 tangit
1867 4831 2090 4920 primo
2130 4834 2495 4924 magnilica
2527 4860 2687 4930 ope·

1129 4957 1204 5003 ra
1233 4956 1387 5026 quie
1429 4933 1585 5003 fecit
1622 4935 1694 5003 in
1751 4934 2109 5005 eductione
2148 4938 2384 5029 populi
2433 4942 2537 5008 sui
2600 4942 2682 5012 de

1125 5039 1458 5133 [Egypto.
1542 5039 1888 5127 Secundo,
1960 5043 2031 5111 in
2097 5044 2502 5117 deductione
2561 5072 2684 5139 per

1126 5148 1498 5231 desertum,
1543 5149 1659 5228 ibi,
1693 5157 1757 5226 5.
1808 5153 1888 5218 16
1933 5174 1949 5220 :
2007 5177 2040 5217 ι
2086 5154 2224 5238 Qui
2261 5156 2604 5225 traduzit.
2643 5187 2675 5220 »

1122 5255 1377 5337 Tertio,
1413 5279 1565 5348 quae
1610 5256 1679 5325 in
1729 5257 2232 5329 introductione
2289 5263 2359 5330 in
2426 5271 2678 5332 terram

1122 5366 1562 5455 promissam,
1596 5364 1715 5450 ibi,
1755 5371 1821 5441 5.
1883 5369 1961 5435 21
2005 5390 2021 5438 :
2104 5398 2139 5435 κ
2194 5373 2291 5439 Et
2326 5370 2518 5439 dedit
2544 5382 2676 5441 ter-

1128 5497 1305 5543 ram.
1342 5500 1376 5541 ι

1199 5712 1219 5751 ⁸
1248 5709 1334 5771 Gt.
1356 5711 1540 5772 Exod.
1572 5729 1653 5773 vn
1681 5716 1894 5771 totum.

4250 326 4379 393 425

2925 510 2995 575 ln
3027 511 3250 597 prima
3282 516 3596 596 quatuor.
3651 505 3987 578 Primum,
4021 496 4380 586 AEgyptio-

2829 639 2979 681 rum
3014 615 3317 681 alssictio.
3366 612 3709 691 Secund0‚
3753 611 3836 677 ab
3885 608 4147 676 afflictis
4179 624 4377 693 sepa-

2826 723 3024 796 ratio,
3063 720 3180 803 ibi,
3222 728 3287 796 5.
3337 722 3412 786 11
3455 741 3470 787 ε
3535 745 3569 784 α
3614 719 3751 803 Qui
3789 717 4030 783 eduxit
4063 713 4298 780 lsrael.
4337 735 4370 770 »

2823 829 3073 912 Tertio,
3145 835 3620 919 separatorum
3661 823 3978 892 deductio
4036 843 4156 910 per
4193 819 4372 885 divi-

2824 959 2978 1004 sum
3040 958 3255 1014 mare,
3320 935 3441 1012 ibi,
3510 941 3578 1010 5.
3627 934 3750 1001 13:
3792 957 3824 996 α
3864 930 4000 1014 Qui
4037 928 4295 993 divisit.
4329 952 4358 988 n

2825 1044 3113 1125 Quarto,
3191 1044 3632 1111 inimicorum
3698 1037 4078 1108 submersio
4147 1036 4216 1101 in
4269 1032 4373 1099 di-

2823 1154 3001 1232 vis0‚
3028 1152 3146 1231 ibi,
3190 1160 3254 1228 5.
3309 1153 3440 1219 15:
3489 1178 3525 1214 α
3557 1151 3651 1217 Et
3700 1147 3995 1215 excussit
4058 1143 4369 1210 Pharao-

2822 1284 2999 1328 nem.
3041 1284 3074 1325 ι)

2913 1368 3096 1437 Dicit
3159 1388 3366 1459 ergo:
3443 1364 3558 1433 Sic
3603 1362 3874 1431 facienti
3929 1357 4374 1451 praecedentia

2824 1498 2945 1565 per
2996 1477 3327 1565 seipsum,
3406 1469 3853 1551 confitemini,
3930 1475 3998 1535 et
4047 1467 4106 1533 ei
4165 1464 4370 1531 etiam

2826 1609 2859 1650 α
2894 1586 3019 1676 qui
3038 1584 3378 1675 percussit
3439 1584 3862 1671 AEqyptum,
3900 1603 3933 1642 n
3989 1574 4271 1643 diversis
4309 1580 4376 1639 et

2823 1693 3031 1760 variis
3067 1691 3315 1782 plagiS,
3377 1713 3417 1757 a
3469 1690 3688 1778 capite
3744 1709 3840 1752 vu
3868 1682 4088 1751 Exodi
4157 1701 4372 1771 usque

2823 1801 2907 1870 ad
2938 1801 3411 1880 undecimum,
3478 1825 3507 1862 «
3535 1820 3690 1866 cum
3743 1793 4221 1888 primoqenitis
4258 1813 4372 1857 eo-

2822 1933 3002 1995 rum,
3072 1937 3105 1976 n
3189 1932 3363 2001 quos
3431 1906 3760 1998 percussit
3799 1916 3844 1973 ¹.
3916 1903 4001 1971 Et
4063 1901 4193 1969 hoc
4255 1922 4375 1990 per

2821 2018 3135 2109 Moysen,
3170 2026 3238 2086 et
3279 2017 3510 2084 Aaron
3540 2015 3888 2081 ministros
3917 2033 4101 2079 suos.

2911 2128 3225 2196 Breviter
3260 2125 3607 2216 AEgyptus
3671 2129 3772 2190 est
3827 2127 4203 2210 peccatum.
4269 2114 4376 2180 In-

2820 2245 3231 2326 terpretatur
3277 2235 3463 2304 enim
3525 2230 3870 2321 AEgyptus
3936 2224 4243 2300 tenebrae,
4305 2229 4371 2289 et

2820 2346 3218 2414 dominatur
3242 2340 3503 2434 populo
3533 2338 3933 2419 Israelitico,
3973 2335 4202 2403 electis
4250 2333 4376 2400 sci-

2818 2453 2976 2523 licet
2999 2478 3039 2521 a
3080 2453 3252 2533 Deo,
3284 2451 3504 2519 donec
3535 2447 3945 2516 transierunt
3974 2464 4184 2534 aquas
4214 2439 4375 2530 bap-

2818 2561 3135 2629 tismatis.
3171 2558 3279 2626 Ad
3311 2556 3563 2648 EpheS.
3598 2577 3672 2634 11,
3703 2555 3783 2621 3:
3824 2551 4069 2620 Omnes
4098 2569 4371 2616 eramus

2816 2681 3075 2739 natura
3103 2669 3248 2758 filii
3282 2668 3424 2734 ἱνα.
3464 2662 3601 2732 Sed
3639 2662 3976 2729 Dominus
4014 2665 4365 2750 peccatum

2815 2779 3133 2871 percutit,
3168 2784 3243 2843 ut
3280 2774 3350 2842 in
3391 2771 3592 2840 nobis
3642 2792 3782 2837 non
3830 2775 4088 2859 regnet,
4133 2785 4372 2833 secun-

2815 2889 2979 2956 dum
3014 2885 3179 2953 illud
3210 2881 3551 2974 Apostoli,
3603 2878 3690 2948 ad
3717 2877 4011 2945 Roman.
4072 2896 4165 2956 vx,
4230 2874 4310 2941 12
4348 2893 4363 2940 z

2812 3000 2967 3067 Non
2999 3003 3232 3087 requet
3262 3001 3621 3087 peccatum
3680 2989 3753 3056 in
3812 2992 4029 3053 vestro
4085 2980 4369 3048 mortali

2811 3129 3112 3200 corpore.
3148 3102 3620 3193 Primogenita
3650 3104 3879 3166 autem
3927 3092 4181 3185 peccati
4211 3095 4368 3157 sunt

2815 3225 3044 3283 motus
3075 3211 3308 3304 primi,
3369 3231 3544 3302 quos
3599 3205 3940 3274 Dominus
3988 3200 4232 3270 occidit
4294 3198 4363 3264 in

2808 3321 3147 3412 perlectis.
3219 3317 3480 3387 Cantic.
3546 3338 3619 3395 ιι,
3697 3315 3817 3381 15:
3874 3310 4116 3400 Capite
4168 3303 4363 3373 nobis

2805 3428 3049 3520 vulpes
3097 3426 3465 3519 parvulas.
3535 3422 4040 3510 Hieronymus:
4106 3442 4139 3477 α
4174 3409 4360 3478 Nihil

2808 3568 2840 3601 «
2886 3535 3267 3628 languoris,
3333 3530 3510 3601 nihil
3573 3527 3873 3622 pristinae
3913 3525 4124 3593 ruinae
4164 3519 4364 3589 relin-

2812 3675 2845 3710 ι
2887 3667 3083 3738 quas,
3127 3666 3212 3713 ne
3241 3640 3408 3711 mali
3466 3639 3747 3710 seminis
3797 3633 4132 3728 pullulent
4160 3628 4362 3721 plan-

2807 3778 2841 3821 «
2884 3753 3080 3822 turin.
3119 3777 3154 3813 »ι

2894 4107 2926 4143 «
2966 4079 3104 4163 Qui
3140 4076 3387 4144 eduoeit
3431 4073 3674 4142 Israel.
3710 4095 3745 4136 n
3805 4068 3935 4137 llic
3971 4065 4345 4137 secundum

2798 4187 3209 4256 beneficium
3268 4205 3285 4254 ε
3357 4190 3427 4251 et
3492 4180 3810 4249 dicuntur
3861 4178 4023 4246 duo.
4086 4176 4346 4256 Primo,

2798 4295 3068 4364 eductio
3122 4292 3207 4362 de
3282 4290 3613 4383 AEgypto.
3678 4283 4022 4363 Secundo,
4085 4283 4156 4351 in
4211 4304 4350 4374 quo

2799 4404 2925 4472 tuit
2955 4402 3073 4471 illa
3111 4400 3412 4485 eductio,
3446 4406 3513 4468 et
3548 4418 3672 4489 per
3719 4395 3909 4487 quid,
3945 4394 4064 4473 ibi,
4098 4401 4162 4470 5.
4211 4394 4291 4459 12
4326 4413 4343 4459 z

2802 4538 2835 4578 ι
2876 4512 2961 4580 In
2987 4532 3227 4579 manu.
3256 4531 3291 4575 ι

2889 4619 3068 4688 Dicit
3093 4637 3302 4709 ergo:
3349 4614 3467 4683 Sic
3495 4612 3914 4682 confitemini
3954 4607 4353 4700 percutienti

2796 4725 3252 4804 adversarios,
3323 4730 3393 4793 et
3426 4721 3636 4791 etiam
3689 4718 3815 4798 illi,
3878 4742 3912 4785 ι
3955 4717 4078 4809 qui
4113 4714 4352 4782 eduxit

2796 4837 3022 4906 Israel
3048 4836 3132 4905 de
3193 4832 3421 4903 medio
3459 4852 3720 4899 eorum.
3764 4851 3799 4895 ι
3868 4825 4073 4895 Mich.
4117 4847 4214 4908 vi,
4246 4825 4286 4892 4
4328 4844 4346 4891 t

2795 4946 3040 5015 Eduxi
3068 4953 3134 5012 te
3190 4942 3273 5010 de
3324 4949 3510 5008 terra
3563 4936 3892 5028 AEqypti.
3966 4932 4212 5023 Supra,
4276 4933 4348 4999 in

2795 5049 2978 5120 Psal.
3011 5072 3145 5130 ew,
3180 5048 3262 5117 37
3301 5070 3317 5115 ε
3360 5047 3458 5114 Et
3485 5043 3727 5113 eduxit
3765 5064 3876 5110 eos
3903 5062 4056 5108 cum
4109 5060 4351 5128 arqen-

2794 5171 2862 5228 ιο
2891 5169 2954 5227 et
2983 5179 3183 5225 auro,
3217 5153 3319 5223 De
3352 5152 3579 5222 medio
3635 5157 4066 5243 peccatorum
4117 5145 4348 5213 eduxit

2793 5292 2979 5346 suos,
3016 5265 3254 5356 primis
3284 5262 3586 5331 motibus
3631 5257 4001 5329 suffocatis.
4037 5254 4343 5346 Sapient.

2794 5401 2887 5455 ιν,
2937 5377 3018 5443 14
3045 5397 3062 5444 ε
3094 5373 3515 5466 Properavie
3541 5370 3822 5440 educere
3849 5365 4061 5436 illum
4090 5365 4176 5434 de
4200 5389 4345 5435 me-

2792 5486 2909 5555 dio
2940 5484 3421 5575 iniquitatum.
3455 5478 3738 5549 Initium
3761 5479 3947 5547 enim
3973 5475 4342 5569 AEgyptio-
