5008 6329
405 2846 534 2918 44

675 300 796 364 ›10⁵‹

669 465 896 534 Deilit
943 467 1177 536 fanum
1236 467 1510 546 Bacchi,
1575 465 1634 533 Π
1700 465 2011 535 Machab.
2078 489 2216 544 xlv,

667 575 792 642 33:
839 576 1042 642 Istud
1075 579 1206 644 Dei
1251 581 1501 664 sanum
1561 575 1630 638 in
1683 576 2050 662 planitiem
2103 575 2220 642 de-

666 681 939 759 ducam,
985 691 1048 748 et
1088 681 1313 747 altare
1368 679 1721 769 effodiam,
1767 691 1831 746 et
1884 683 2218 774 templum

662 786 785 853 laeoc
841 787 1081 854 Libero
1135 787 1329 875 patri
1390 785 1758 867 dedicabO,
1816 788 1924 855 vel
1986 813 2220 856 conse-

664 893 888 962 crabo.
948 892 1332 985 Membrum
1375 897 1747 964 meretricis
1787 897 1872 963 ad
1921 896 2217 964 litteram

663 1001 740 1068 fit
785 1001 866 1068 de
943 1000 1253 1070 membro
1312 1002 1541 1087 Dei‚1
1608 1006 1694 1073 ad
1760 1004 2071 1073 Corinth.
2117 1029 2213 1080 vn,

667 1109 745 1174 15
799 1129 813 1173 ε
871 1109 1140 1176 Tallens
1175 1134 1335 1202 erqo
1394 1112 1700 1181 membra
1760 1114 2037 1191 Clu-isti,
2098 1114 2221 1200 sa-

661 1218 840 1283 ciam
916 1219 1218 1288 membra
1303 1223 1674 1289 meretricis
1704 1221 1743 1288 5²
1825 1220 2044 1288 Absit.
2124 1220 2216 1286 De

662 1346 829 1392 sano
876 1325 950 1394 sit
998 1350 1207 1420 aeger,
1269 1329 1433 1398 Luc.
1494 1352 1565 1410 x,
1621 1330 1730 1404 30,
1792 1329 1874 1395 de
1922 1328 2040 1394 illo
2099 1327 2214 1417 qui

661 1435 905 1502 incidit
952 1439 1024 1504 in
1060 1437 1382 1516 latrones,
1436 1438 1559 1527 qui
1622 1438 1828 1503 etiam
1879 1437 2218 1527 despolia-

659 1554 898 1610 verunt
959 1568 1140 1626 eum,
1222 1555 1291 1617 ,et
1349 1545 1589 1635 plaqis
1657 1547 2021 1637 impositis,
2084 1556 2210 1615 etc.

659 1647 760 1715 De
800 1648 1081 1738 pulchro
1141 1650 1214 1717 fit
1288 1654 1541 1742 turpiS‚
1600 1652 1860 1720 Jerem.
1911 1676 2073 1730 xxx,
2109 1657 2150 1718 6
2196 1674 2212 1721 t

661 1756 1007 1823 Conversa·
1039 1768 1203 1824 sunt
1225 1760 1553 1826 universae
1570 1761 1788 1849 facies
1819 1761 1885 1826 in
1932 1761 2219 1849 uuruqi-

660 1884 837 1929 nem.
898 1861 1144 1931 Thren.
1192 1887 1239 1945 ι,
1283 1866 1322 1932 G
1365 1887 1380 1932 :
1427 1868 1767 1956 Eqrcssus
1824 1877 1919 1933 est
1974 1890 2016 1933 a
2053 1866 2215 1955 filia

658 1970 829 2039 Sion
875 1973 1096 2039 omnis
1153 1972 1353 2041 decor
1407 1972 1585 2062 ejus.
1653 1976 1753 2042 De
1795 1974 1948 2042 sorti
1983 1975 2056 2040 tit
2104 1974 2217 2041 de-

657 2075 834 2159 bilis,
852 2078 1100 2147 Thren.
1130 2103 1174 2158 ι,
1193 2085 1270 2149 o:
1306 2080 1643 2149 Abierant
1665 2080 1919 2172 absque
1930 2084 2216 2170 sortitu-

657 2184 816 2250 diue
844 2194 1006 2252 aute
1039 2187 1289 2276 faciem
1312 2186 1809 2277 subsequentis,
1842 2186 1950 2254 vel
1994 2187 2213 2254 trihu-

654 2289 882 2363 tantis.
944 2292 1045 2362 De
1102 2294 1329 2362 stabili
1390 2295 1461 2361 fit
1525 2295 1886 2373 instabiliS,
1954 2293 2205 2362 Thren.

658 2424 704 2483 1,
748 2407 788 2470 8
854 2427 868 2472 :
937 2406 1306 2472 Peccatum
1375 2403 1689 2495 peccavit
1744 2402 2136 2472 Jerusalem
2185 2427 2209 2472 .·

647 2523 1014 2606 propterea
1045 2509 1393 2579 instabilis
1437 2512 1634 2601 sacta
1680 2520 1800 2579 est.

745 2868 779 2903 α
813 2840 908 2909 Et
953 2837 1126 2907 cidit
1170 2860 1327 2905 cum
1385 2835 1916 2904 tribularentur.
1993 2860 2026 2900 n
2081 2835 2206 2904 llic

657 2945 1058 3027 secundum,
1101 2945 1169 3012 in
1210 2965 1348 3036 quo
1376 2953 1743 3036 postquam
1800 2945 2209 3011 monstravit

659 3077 894 3125 eorum
957 3052 1229 3143 culpam
1306 3051 1783 3143 multiplicem,
1852 3050 2208 3142 subjungit

655 3164 959 3233 divinam
1023 3159 1563 3230 misericordiam
1612 3161 1711 3227 eis
1758 3158 2208 3228 nihilominus

654 3270 1026 3339 exhibitam
1065 3291 1080 3337 ε
1125 3277 1191 3336 et
1257 3275 1637 3358 tanguntur
1674 3267 1898 3359 primo
1948 3267 2206 3335 motiva

652 3379 736 3447 ad
766 3375 1255 3446 miserendum.
1331 3374 1679 3455 SecundO,
1731 3375 1877 3465 ipsa
1931 3375 2208 3442 miseri-

652 3487 907 3565 cordia,
943 3484 1062 3564 ibi,
1097 3485 1167 3553 in
1234 3483 1463 3552 medio
1507 3491 1569 3559 5.
1615 3483 1700 3550 45
1737 3504 1752 3551 :
1802 3510 1833 3548 ⁸
1869 3484 1964 3551 Et
1988 3482 2209 3574 ρωπί-

652 3596 816 3663 tuit.
854 3616 889 3660 ι

737 3705 814 3773 ln
865 3704 1087 3794 prima
1105 3701 1271 3770 duo.
1302 3700 1564 3783 l’rimo,
1606 3699 1831 3794 tangit
1861 3704 2202 3770 motivum

649 3838 734 3883 ex
775 3820 964 3903 parto
1024 3811 1358 3902 ipsorum.
1444 3808 1792 3891 Secundo,
1870 3832 1952 3878 ex
2010 3820 2203 3902 parte

647 3929 946 4012 patrum,
980 3915 1097 3995 ibi,
1156 3923 1221 3993 ὴ.
1258 3916 1343 3983 45
1380 3938 1396 3984 ε
1465 3946 1498 3978 ⁸
1537 3915 1635 3984 ΕΙ
1664 3940 1923 3984 memor
1956 3918 2125 4005 luit.
2164 3945 2199 3982 a·

740 4028 818 4097 ln
852 4028 1074 4119 prima
1136 4024 1275 4094 duo
1313 4025 1690 4095 secundum
1739 4025 1878 4095 duo
1946 4050 2099 4119 quae
2131 4029 2201 4096 in

648 4135 812 4226 ipsis
871 4133 1169 4210 fuerunt,
1267 4154 1418 4223 qua!
1486 4144 1852 4202 moverunt
1945 4134 2194 4203 Deum.

648 4239 984 4316 Primum,
1035 4239 1343 4328 ipsorum
1435 4236 1815 4307 tribulatio.
1880 4236 2199 4308 Secundo

643 4343 1072 4415 conversatio
1111 4340 1602 4411 tribulatorum
1655 4344 1739 4412 ad
1780 4345 2001 4413 Deum
2079 4368 2201 4437 per

643 4454 1053 4536 orationem,
1122 4449 1244 4535 ibi,
1294 4478 1329 4515 ⁸
1362 4453 1460 4520 Et
1486 4452 1784 4521 audivit.
1827 4480 1862 4516 n

729 4562 913 4632 Dicit
947 4581 1111 4652 ergo
1156 4582 1172 4628 :
1222 4559 1456 4628 Tantae
1511 4559 1789 4629 fuerunt
1838 4562 2194 4653 nequitiae,

640 4680 706 4739 et
777 4666 1241 4762 perversitatis
1312 4690 1328 4734 τ
1395 4691 1429 4732 ⁸
1499 4677 1564 4736 et
1630 4695 1667 4733 ιι
1729 4666 1913 4736 Deus
1984 4667 2197 4738 nihil-

639 4778 915 4845 ominus
953 4804 987 4839 κ
1021 4773 1197 4843 vidit
1222 4795 1378 4841 cum
1402 4773 1987 4856 tribularentur.»
2022 4800 2196 4846 ocu·-

637 4884 705 4954 lo
734 4880 1213 4952 misericordiae
1252 4903 1421 4951 suae.
1468 4879 1599 4950 lsa.
1636 4905 1772 4962 mx,
1822 4885 1900 4952 15
1943 4902 1961 4953 t
2012 4883 2196 4953 Vidit

636 4992 1002 5066 Dominus,
1064 4999 1130 5057 et
1198 4988 1497 5070 malum,
1602 4989 1871 5081 supple,
1942 5014 2189 5084 poenae,

637 5099 970 5191 apparuit
1021 5099 1092 5164 in
1160 5095 1382 5165 oculis
1435 5095 1615 5187 ejus.
1714 5097 1898 5166 Psal.
1957 5123 2188 5182 cxvm,

641 5210 819 5276 132:
861 5206 1154 5297 Adspice
1209 5206 1281 5272 iu
1338 5229 1471 5287 me,
1531 5216 1597 5275 et
1664 5210 1984 5278 nitkerere
2028 5211 2185 5278 mei.

731 5342 765 5376 α
805 5315 901 5381 Εἰ
979 5310 1251 5378 audivit
1328 5314 1710 5382 orationem
1789 5338 2049 5384 eorum.
2155 5343 2188 5383 n

634 5420 853 5491 Exod.
890 5441 987 5500 m,
1021 5419 1114 5486 7:
1201 5418 1355 5485 Vidi
1430 5424 1878 5511 afflictionem
1936 5424 2194 5516 populi

636 5531 772 5600 mei
819 5530 892 5597 in
932 5529 1277 5619 AEqypto,
1322 5538 1390 5596 et
1436 5530 1813 5601 clamorem
1863 5533 2020 5623 ejus
2057 5556 2192 5602 au-

638 5639 805 5708 divi.
853 5635 1201 5725 Judicum,
1236 5657 1308 5717 ιι,
1367 5637 1447 5706 18
1481 5659 1500 5705 z
1533 5640 1976 5710 Flectebatur
2041 5641 2192 5712 Do-

1637 299 1714 363 Ῐ).
1781 299 1973 363 ALB.
2041 295 2255 361 MAG.
2321 295 2525 361 ORD.
2592 295 2881 361 PRAED.

2328 467 2556 532 minus
2612 464 3101 541 misericordia,
3192 474 3256 530 et
3295 465 3623 533 audiebat
3671 466 3863 554 assti-

2328 585 2591 641 ctorum
2654 574 2971 662 qemituS,
3058 582 3120 637 et
3194 571 3532 641 liberabat
3599 597 3708 640 eos
3787 573 3868 640 de

2326 684 2501 751 caede
2559 683 2999 750 vastantium.
3036 680 3215 748 Nota
3245 681 3558 749 Glossam
3603 705 3618 748 :
3658 711 3688 743 «
3732 682 3868 749 Ta-

2330 822 2361 854 «
2406 793 2487 860 lis
2533 802 2633 860 est
2674 794 2891 870 nobiS,
2956 790 3187 882 quales
3221 814 3346 858 nos
3377 791 3497 857 illi.
3538 815 3574 855 n

2417 1134 2451 1172 α
2493 1109 2590 1174 Et
2646 1129 2900 1175 memor
2940 1109 3105 1197 suit.
3146 1132 3178 1171 n
3240 1107 3408 1174 Ecce
3459 1107 3856 1175 secundum.

2324 1213 2574 1304 Aperte
2606 1216 2786 1281 enim
2817 1215 2948 1282 ait:
3007 1213 3119 1281 Sic
3183 1213 3693 1280 tribulationem
3741 1215 3864 1281 ad-

2327 1323 2646 1412 spexit,et
2665 1345 2898 1390 eorum
2930 1323 3308 1390 orationem
3340 1321 3598 1389 audivit
3627 1346 3641 1390 :
3676 1351 3707 1385 «
3741 1333 3805 1390 et
3830 1349 3862 1385 υ

2327 1432 2533 1499 etiam
2606 1456 2639 1496 α
2690 1454 2943 1498 memor
2995 1432 3140 1518 suit
3203 1432 3590 1498 testamenti
3655 1431 3788 1505 sui,
3831 1459 3862 1491 »ι

2323 1545 2593 1606 aeternae
2659 1538 3129 1629 promissionis
3185 1559 3325 1603 suoe
3386 1536 3472 1603 ad
3518 1534 3863 1603 Abraham

2321 1646 2539 1714 factae.
2613 1647 2690 1714 In
2760 1646 3031 1715 Psalmo
3098 1648 3542 1725 antecedenti,
3594 1670 3724 1724 cxv,
3782 1648 3859 1715 8:

2320 1755 2587 1819 Memor
2610 1755 2754 1843 luit
2793 1755 2861 1820 in
2913 1753 3240 1821 saeculum
3288 1756 3672 1821 testamenti
3725 1754 3862 1838 sui,

2323 1859 2512 1926 verbi
2538 1860 2727 1949 quod
2759 1861 3115 1927 uzarzdavit
3152 1862 3225 1926 in
3252 1860 3450 1928 mille
3475 1861 3866 1950 qeneratio-

2320 1988 2458 2032 nes.
2495 1965 2583 2034 Et
2610 1965 2797 2047 alibi,
2829 1965 3008 2033 l’sal.
3052 1989 3257 2045 xcvu,
3308 1968 3388 2033 3:
3442 1965 3867 2034 Recordatus

2320 2083 2419 2140 est
2484 2074 2963 2142 misericordiae
3024 2098 3188 2154 suae,
3238 2084 3301 2141 et
3364 2076 3671 2142 veritatis
3725 2097 3866 2141 suae

2320 2180 2562 2248 dovnui
2589 2181 2829 2250 Israel.

2334 2378 2338 2383 ’
2411 2421 2442 2458 ⁸
2484 2397 2583 2462 Et
2612 2396 2938 2486 poeuituit
2968 2417 3148 2462 eum.
3188 2419 3221 2461 »
3255 2394 3426 2463 Ecce
3455 2395 3859 2473 secundum,

2319 2510 2386 2574 in
2439 2531 2576 2598 quo
2627 2507 2993 2598 praemissis
3061 2508 3336 2575 motivis
3387 2507 3473 2575 ad
3529 2511 3857 2576 miseran-

2318 2613 2509 2694 dum,
2551 2616 2857 2704 sequitur
2885 2615 3030 2703 ipsa
3067 2613 3575 2681 misericordia:
3621 2624 3688 2681 et
3718 2617 3860 2704 pri-

2316 2742 2457 2798 mo,
2520 2718 2846 2788 exhibitio
2892 2720 3372 2789 misericordiae
3408 2721 3477 2788 in
3507 2723 3857 2790 amotione

2316 2831 2501 2899 mali.
2570 2830 2911 2916 Secundo,
2946 2832 3013 2898 in
3062 2831 3479 2900 exhibitione
3509 2833 3700 2912 boni,
3736 2833 3854 2913 ibi,

2316 2951 2378 3018 5.
2415 2944 2500 3009 4⁴5
2539 2965 2554 3010 ε
2602 2971 2635 3007 α
2663 2946 2758 3012 Et
2794 2942 2981 3011 dedit
3017 2966 3128 3010 eos
3158 2946 3227 3011 iu
3256 2945 3782 3012 misericordias.
3824 2971 3857 3007 n

2405 3053 2585 3122 Dicit
2615 3076 2778 3144 ergo
2813 3075 2827 3119 :
2866 3055 2979 3121 Sic
3015 3063 3245 3121 motus
3290 3054 3415 3121 fuit
3471 3054 3557 3122 ad
3591 3055 3861 3122 miseri-

2315 3158 2616 3228 cordiam
2648 3182 2770 3250 per
2797 3158 3154 3250 predicta:
3198 3190 3231 3223 «ι
3273 3171 3335 3227 et
3369 3188 3403 3223 n
3436 3169 3598 3229 tunc
3649 3187 3683 3228 ⁸
3709 3186 3859 3253 pa»-

2314 3267 2527 3334 nituit
2554 3288 2737 3350 eum,
2775 3291 2808 3330 ι
2838 3266 2904 3333 id
2934 3274 3062 3348 est,
3083 3289 3162 3334 ac
3196 3267 3251 3335 si
3284 3268 3633 3358 poeniteret
3667 3291 3853 3347 eum,

2314 3376 2518 3445 fecit:
2566 3378 2725 3467 quia
2768 3377 3056 3444 cessavit
3112 3376 3441 3468 affligere,
3493 3387 3560 3446 et
3595 3381 3854 3446 amovit

2314 3487 2641 3555 inflictam
2687 3508 2999 3577 poenam:
3035 3493 3100 3555 et
3132 3513 3166 3551 ⁸
3204 3487 3580 3556 secuudum
3618 3488 3856 3556 niulti-

2312 3593 2623 3662 tudinem
2690 3592 3169 3662 misericordiae
3244 3618 3413 3679 suar,
3507 3620 3540 3660 ι
3635 3598 3855 3688 magis

2312 3723 2520 3792 quam
2571 3701 2831 3770 meritis
2893 3699 3196 3770 illorum.
3240 3701 3495 3770 Jerem.
3530 3724 3721 3781 xvm,
3757 3706 3847 3772 8:

2311 3809 2395 3876 Si
2423 3808 2894 3899 paenitentiam
2935 3810 3146 3900 eqerit
3196 3833 3363 3901 qens
3402 3809 3536 3878 illa
3581 3834 3626 3879 a
3665 3811 3854 3878 mato

2307 3937 2460 3999 suo,
2501 3914 2694 4006 quod
2755 3912 3019 3983 loeutus
3058 3936 3214 3983 sum
3278 3915 3605 3985 adversus
3673 3940 3850 3997 eam,

2309 4044 2522 4113 aqam
2576 4032 2641 4090 et
2704 4045 2824 4113 eqo
2881 4023 3353 4115 poenitentiam
3406 4046 3615 4117 super
3668 4025 3853 4094 malo

2308 4129 2500 4222 quod
2549 4131 2850 4220 coqitavi
2913 4139 2991 4197 ut
3067 4133 3368 4220 lacerem
3433 4133 3520 4201 ei.
3579 4130 3667 4200 Et
3718 4128 3853 4201 hoc

2311 4268 2344 4301 κ
2384 4239 2758 4309 secundum
2807 4237 3325 4309 multitudinem
3372 4242 3855 4311 misericordiae

2305 4370 2469 4416 suan
2517 4371 2552 4413 ι
2598 4346 2674 4415 ln
2714 4345 3035 4418 Oratione
3075 4366 3199 4416 sua
3234 4346 3407 4417 dixit
3446 4345 3794 4418 Monaeses
3827 4372 3844 4419 ε

2308 4458 2687 4548 Indiqnum
2740 4457 3044 4527 salmbis
3095 4480 3202 4527 me
3261 4459 3636 4528 secundum
3694 4483 3850 4527 ma·

2302 4589 2518 4655 qnam
2556 4564 3096 4635 misericordiam
3125 4575 3346 4638 tuam.

2403 4910 2436 4942 α
2475 4882 2572 4951 Εἰ
2626 4882 2813 4951 dedit
2865 4909 2998 4954 eos.
3052 4910 3088 4950 n
3141 4885 3727 4967 1tic'secundum,
3775 4890 3844 4959 in

2305 5012 2443 5081 quo
2490 4990 2868 5060 ostenditur
2903 4990 3064 5062 boni
3103 4993 3432 5064 exhibitio
3471 5017 3556 5064 ex
3586 4998 3849 5066 miseri-

2302 5096 2577 5167 cordia:
2631 5105 2698 5168 et
2751 5098 3064 5169 dicuntur
3116 5100 3278 5171 duo.
3317 5102 3575 5184 Primo,
3621 5103 3848 5176 bono-

2305 5231 2455 5276 rum
2493 5207 2794 5280 collatio.
2831 5210 3171 5293 Secundo,
3201 5215 3601 5305 magnitudo
3627 5241 3843 5311 usque

2304 5320 2385 5388 ad
2427 5320 2945 5392 admirationem
2978 5323 3510 5408 adversantium,
3539 5327 3656 5413 ibi,
3693 5358 3727 5392 α
3760 5331 3842 5399 In

2303 5437 2683 5521 conspeetu.
2731 5457 2765 5492 ιι

2390 5537 2507 5604 Ait
2560 5537 2741 5605 enim
2795 5558 2812 5604 ε
2892 5533 3007 5604 Sic
3068 5539 3406 5629 poeuitens
3473 5543 3594 5611 l'uit
3661 5543 3843 5612 mala

2304 5644 2716 5726 amovendo,
2773 5669 2807 5710 ⁸
2830 5652 2896 5711 et
2934 5670 2968 5710 ι
3018 5646 3251 5731 etiam,
3301 5673 3337 5716 ⁸
3371 5650 3562 5720 dedit
3613 5674 3724 5720 eos
3770 5653 3843 5720 in

3998 1159 4119 1226 45

3970 4920 4102 4989 ⁴0
