5008 6329
939 1415 1068 1480 ¹5

1963 240 2670 315 COMMENTARIUS
2718 241 2814 308 IN
2860 240 3303 312 PSALMUM
3353 242 3596 312 CXIII.

1181 411 1669 499 yet-minabunt
1704 415 1879 483 inter
1903 416 2147 483 herbas
2212 416 2415 505 quasi
2460 415 2729 494 saliceS,

1172 517 1394 606 juxta
1426 524 1962 612 praeterfluentes
1982 545 2224 613 aquas.
2268 523 2353 590 Et
2408 523 2736 615 praefig&->

1185 632 1427 695 ratain
1460 629 1575 696 illa
1631 630 2106 721 promissione,
2168 629 2443 698 Deuter.
2488 654 2723 709 xxvur,

1187 737 1260 801 11
1300 757 1316 806 ε
1379 735 1751 804 Abundare
1788 746 1852 803 te
1877 738 2088 826 faciet
2118 738 2458 806 Dominus
2503 740 2716 806 omni-

4277 259 4407 329 205

2839 421 2950 482 tur
3010 420 3562 487 conversatione.
3635 420 3745 487 Ad
3803 421 4051 513 Philip.
4099 447 4197 505 111,
4252 429 4394 498 20:

2835 524 3093 591 Nostra
3140 529 3560 594 conversatio
3609 531 3681 595 in
3709 532 3897 597 coelis
3936 542 4053 600 est.
4098 533 4397 602 Minores

2838 638 2904 697 et
2957 630 3159 697 activi
3191 629 3776 718 dicuntur'terra,
3836 640 3994 727 quia
4043 640 4194 708 aliis
4261 642 4400 710 fru-

2833 737 3158 816 ctificant,
3195 744 3259 804 et
3316 741 3502 828 ipsos
3546 750 3844 830 portant.
3889 743 4068 812 Psal.
4106 771 4385 828 Lxxxlv,

1183 842 1307 910 bus
1355 843 1570 928 bonz’S,
1628 844 1867 932 fructu
1927 845 2104 910 uteri
2165 848 2304 926 tui,
2361 856 2424 914 et
2486 849 2725 937 fructu
2837 843 2917 909 13
2966 866 2980 910 :
3042 846 3391 914 Dominus
3456 848 3650 916 dabit
3722 850 4253 943 ὂεηίφιίιαίεηι,
4326 870 4390 926 el

1168 951 1652 1040 jumentorum
1723 960 2026 1033 tuorum,
2091 965 2156 1021 et
2217 957 2457 1045 fructu
2526 962 2723 1021 terrae

1182 1070 1340 1128 tuae.

1284 1405 1313 1441 α
1341 1380 1691 1447 Benedicti
1730 1403 1865 1447 vos,
1903 1407 1935 1442 n
1996 1378 2124 1447 Hic
2181 1380 2579 1459 secundum,
2647 1379 2719 1446 in

1090 1576 1102 1585 ·
1184 1509 1318 1577 quo
1350 1496 1540 1579 optat
1575 1490 1702 1557 Dei
1731 1487 2298 1568 benedictionem,
2349 1511 2472 1580 per
2510 1510 2716 1580 quam

1182 1593 1354 1663 fierit
1385 1595 1626 1665 debeat
1664 1597 1778 1664 illa
1815 1598 2303 1688 augmentatio.
2337 1595 2572 1666 Primo
2612 1619 2720 1665 er-

1174 1725 1262 1794 go
1303 1711 1493 1795 optat
1521 1703 1644 1771 Dei
1673 1703 2240 1785 benedictionem,
2303 1714 2370 1774 et
2424 1705 2714 1797 gratiam

1172 1808 1258 1876 ad
1296 1818 1766 1901 augmentum.
1840 1808 2183 1895 Secundo,
2252 1810 2713 1879 benedicentis

1169 1916 1328 1984 facit
1381 1915 1931 2006 descriptionem,
1979 1939 2136 1986 cum
2192 1917 2428 1987 addit:
2475 1945 2509 1982 α
2578 1918 2715 2003 Qui

1169 2024 1337 2112 secit
1374 2024 1645 2093 coelum.
1698 2049 1730 2089 »

1260 2129 1442 2198 Dicit
1478 2153 1641 2221 ergo
1681 2154 1696 2199 :
1734 2129 1847 2200 Sic
1906 2133 2097 2222 petii,
2150 2131 2335 2223 quod
2373 2133 2712 2202 Dominus

1171 2234 1373 2305 addat
1429 2260 1634 2329 super
1662 2261 2020 2307 numerum
2055 2248 2347 2331 patrum,
2402 2249 2468 2308 et
2533 2239 2714 2309 filio-

1171 2371 1347 2425 rum,
1394 2356 1460 2417 et
1487 2357 1562 2415 ut
1600 2348 1728 2418 hoc
1795 2349 1906 2429 sit,
1942 2378 1975 2411 «ι
2021 2374 2160 2435 vos,
2196 2377 2228 2413 »
2278 2352 2425 2419 sitis
2474 2351 2710 2443 utique

1169 2455 1448 2538 scilicet,
1512 2448 1548 2521 ἃ
1612 2454 1944 2524 benedicti
1998 2480 2041 2525 α
2104 2459 2430 2542 Domino,
2495 2483 2530 2524 ι
2593 2481 2715 2550 per

1170 2565 1403 2653 gratiae
1460 2586 1598 2632 suae
1636 2562 2071 2634 infusionem.
2111 2562 2281 2632 Tob.
2353 2588 2498 2644 xm,
2563 2566 2643 2633 Π
2689 2587 2704 2633 :

1174 2669 1422 2739 Omnes
1460 2670 1955 2756 benedicentur,
1997 2681 2061 2739 et
2114 2672 2712 2765 conyreqabuntur

1169 2779 1268 2846 ad
1292 2781 1693 2849 Dominum.
1725 2780 2009 2850 Zachar.
2053 2804 2199 2866 vm,
2236 2781 2360 2852 13:
2404 2781 2708 2852 Salvabo

1170 2908 1285 2953 vos
1335 2887 1586 2976 prime,
1644 2897 1708 2954 et
1806 2888 1998 2956 eritis
2059 2889 2237 2957 milii
2307 2887 2703 2958 benedictio.

1168 2988 1298 3060 lsa.
1343 3014 1497 3072 bxv,
1564 2996 1642 3061 15
1678 3002 1744 3062 et
1788 2996 1866 3061 16
1902 3017 1919 3063 ε
1960 2996 2206 3064 Servos
2256 3019 2416 3065 suos
2444 2995 2712 3065 vocabit

1165 3101 1439 3169 nomine
1474 3101 1618 3171 alio
1660 3126 1682 3170 .·
1724 3104 1793 3170 in
1850 3125 1986 3195 quo
2022 3104 2147 3195 qui
2184 3102 2573 3174 benedictus
2608 3115 2711 3177 est

1162 3231 1369 3300 super
1406 3218 1659 3277 terram
1716 3210 2142 3280 benedicetur
2190 3214 2262 3282 in
2310 3215 2449 3283 Deo
2479 3238 2702 3284 omen.

1256 3444 1289 3476 ι(
1356 3417 1494 3502 Qui
1545 3419 1710 3508 fecit
1765 3416 2036 3488 coelum.
2084 3446 2116 3486 »
2162 3419 2288 3490 llic
2327 3430 2429 3492 est
2496 3421 2710 3491 bene-

1164 3522 1448 3592 dicentis
1487 3524 1872 3617 descriptio.
1936 3526 2198 3608 Primo,
2243 3552 2283 3596 a
2343 3537 2704 3620 potestate.

1168 3630 1513 3709 SecundO,
1557 3654 1597 3698 a
1660 3632 1990 3723 sapientia
2054 3642 2122 3702 et
2176 3632 2504 3723 bonitate,
2584 3636 2706 3724 ibi,

1146 3745 1231 3815 J.
1297 3739 1380 3806 ¹6
1425 3760 1441 3807 τ
1477 3766 1512 3802 α
1548 3737 1811 3807 Coelum
1840 3739 2015 3809 coeli.
2089 3768 2123 3804 n

1258 3844 1434 3914 Dicit
1472 3868 1635 3937 ergo
1680 3867 1698 3913 ε
1732 3844 1846 3915 Sic
1875 3844 2208 3917 benedicti
2265 3850 2412 3918 sitis
2474 3871 2519 3918 a
2559 3850 2710 3921 Do-

1169 3952 1382 4034 mino,
1460 3976 1600 4022 non
1676 3975 2136 4048 quocumque,
2202 3956 2323 4025 sed
2388 3957 2474 4027 ab
2560 3957 2705 4046 illo,

1167 4088 1202 4125 α
1259 4061 1387 4153 qui
1444 4061 1613 4154 fecit
1638 4061 1912 4149 coelum,
1957 4087 1992 4130 ι
2072 4087 2349 4135 omnem
2397 4068 2708 4160 superio-

1166 4190 1307 4236 rem
1365 4176 1705 4250 naturam,
1770 4197 1805 4233 α
1871 4179 1939 4239 et
1982 4179 2264 4256 terram,
2338 4197 2373 4240 ι
2451 4173 2708 4244 scilicet

1164 4295 1444 4344 omnem
1519 4275 1933 4345 inferiorem.
1987 4276 2231 4348 Genes.
2285 4301 2328 4359 ι,
2394 4281 2420 4349 1
2509 4303 2527 4349 ε
2623 4282 2705 4352 In

1157 4383 1508 4476 principio
1562 4384 1816 4451 creavit
1867 4386 2052 4453 Deus
2125 4385 2373 4456 coelum
2436 4397 2502 4455 et
2564 4398 2707 4456 ter-

1166 4509 1341 4557 ram.
1400 4488 1653 4557 Jerem.
1686 4511 1758 4574 x,
1825 4490 1959 4558 ¹2:
2017 4490 2156 4575 Qui
2221 4494 2403 4583 facit
2448 4504 2704 4563 terram

1167 4594 1239 4662 in
1290 4595 1708 4687 fortitudine
1739 4618 1894 4676 sua,
1950 4607 2304 4691 pra-parat
2376 4599 2604 4670 orbem
2633 4601 2707 4669 in

1163 4706 1507 4802 sapientia
1531 4728 1686 4790 sica,
1717 4715 1783 4775 et
1803 4707 2178 4800 prudentia
2222 4730 2356 4794 sua
2401 4710 2707 4780 attendit

1162 4815 1389 4884 coelos.
1444 4840 1475 4878 ι
1505 4813 1642 4900 Qui
1674 4815 1840 4904 lecit
1875 4813 2148 4899 coelum,
2186 4840 2220 4881 ι
2262 4817 2556 4908 majores
2621 4816 2706 4887 de

1162 4922 1383 5003 vobis,
1441 4923 1559 5015 qui
1590 4922 1894 4992 coelestes
1929 4931 2115 5004 sunt,
2150 4948 2185 4990 ι
2243 4936 2310 4994 et
2345 4936 2627 5007 terram,
2663 4951 2698 4994 ι

1163 5032 1491 5116 minores,
1523 5030 1672 5100 aliis
1701 5038 1933 5101 tamen
1979 5034 2470 5105 nutrimentum
2528 5035 2706 5107 dan·

1164 5147 1292 5222 tes,
1388 5137 1573 5233 quod
1655 5137 1869 5208 solius
1949 5144 2271 5231 potentiae
2344 5166 2486 5214 suae
2566 5150 2692 5215 est.

1163 5246 1455 5338 Propter
1515 5245 1701 5340 quod
1752 5246 2023 5329 dicitur,
2097 5247 2352 5320 Jerem.
2412 5274 2483 5333 x,
2551 5253 2626 5321 Η
2677 5276 2695 5323 :

1155 5355 1282 5426 Dii
1327 5355 1454 5448 qui
1505 5355 1705 5425 coelos
1741 5363 1805 5424 et
1841 5364 2096 5424 terram
2163 5381 2300 5428 non
2356 5362 2695 5454 fecerunt.

2828 958 3011 1016 terra
3041 960 3278 1018 nostra
3336 953 3531 1021 dabit
3583 959 3894 1045 fructum
3953 984 4183 1029 suum.
4219 963 4387 1032 Pro-

2825 1065 2975 1147 pter
3009 1057 3141 1127 hoc
3182 1062 3254 1127 in
3292 1063 3483 1129 omni
3512 1086 3720 1133 sensu
3760 1067 4028 1151 dicitur,
4085 1071 4372 1162 Apocal.

2825 1188 2966 1244 xlv,
3011 1168 3050 1234 7
3096 1190 3110 1233 :
3177 1171 3430 1237 Timete
3507 1174 3908 1255 Dominum,
3955 1188 4018 1244 et
4092 1181 4380 1249 adorate

2823 1295 2979 1341 eum
3018 1276 3144 1364 qui
3176 1277 3344 1365 lecit
3382 1279 3629 1346 coelum
3659 1291 3724 1347 et
3769 1292 4050 1367 terram,
4085 1310 4277 1356 mare
4312 1301 4378 1358 et

2823 1380 3056 1447 omnia
3123 1404 3277 1471 quoe
3316 1384 3387 1450 in
3446 1385 3540 1451 cis
3565 1396 3751 1453 sunt.

2910 1731 2946 1769 ιι
2992 1706 3262 1775 Coelum
3308 1707 3467 1775 coeli
3503 1710 3825 1776 Domine.
3875 1734 3908 1774 »
3943 1710 4070 1780 llic
4126 1713 4373 1783 descri-

2818 1809 2916 1880 bit
2946 1835 2985 1879 a
3023 1813 3357 1904 sapientia
3399 1813 3628 1895 simul,
3680 1817 3840 1907 quia
3869 1818 3965 1885 sic
4006 1818 4362 1891 distinxit:

2818 1927 2883 1987 et
2914 1942 2953 1987 a
2981 1920 3311 2001 bonitate,
3346 1923 3507 2014 quia
3552 1923 3738 1992 dedit
3764 1923 4185 2008 hominibuS,
4230 1953 4369 1999 non

2816 2028 3132 2100 reddidit.

2905 2137 3022 2204 Ait
3050 2139 3282 2207 enim:
3323 2138 3437 2208 Sic
3485 2139 3823 2210 benedicti
3863 2144 4010 2211 sitis
4069 2144 4155 2213 ab
4224 2147 4367 2228 illo,

2817 2245 2932 2336 qui
2973 2252 3242 2315 tantum
3273 2255 3522 2338 potest,
3567 2257 3642 2317 ut
3692 2250 3939 2319 coelum
3998 2263 4062 2322 et
4120 2263 4370 2325 terram

2813 2352 3061 2421 faceret
3091 2354 3547 2447 distinguens,
3592 2367 3667 2427 ut
3697 2385 3731 2424 ι
3792 2360 4038 2429 coelum
4108 2364 4285 2444 coeli,
4328 2393 4358 2429 ιι

2815 2482 3214 2551 supremum
3247 2463 3809 2546 scilicetcoelum,
3866 2495 3897 2533 ι
3958 2472 4281 2551 Domino,
4334 2498 4368 2539 ι

2814 2565 2942 2636 sibi
2982 2568 3240 2638 seilicet
3293 2572 3637 2641 retineret.
3727 2574 3908 2643 Psal.
3981 2599 4184 2658 mvn,
4221 2580 4305 2646 31
4349 2602 4366 2649 t

2813 2678 3134 2746 Ascendit
3158 2701 3368 2771 super
3419 2683 3666 2751 coelum
3741 2686 3920 2765 coeli,
3962 2687 4061 2752 ad
4126 2689 4374 2756 Orien-

2812 2792 2970 2853 tem.
3006 2783 3285 2855 Deuter.
3323 2809 3392 2867 x,
3433 2790 3513 2857 14
3548 2812 3566 2857 ε
3609 2792 3718 2858 En
3755 2794 4044 2861 Domini
4069 2798 4203 2865 Dei
4266 2799 4376 2865 tui

2812 2893 3060 2962 coelum
3100 2906 3223 2974 est,
3258 2905 3326 2964 et
3360 2896 3607 2967 coelwn
3639 2900 3816 2980 coeli,
3861 2911 3990 2971 etc.
4038 2935 4070 2968 «ι
4107 2907 4372 2978 Coelum

2811 2999 2990 3080 cmli,
3031 3027 3061 3065 n
3116 3002 3453 3091 majorem
3486 3027 4019 3101 quemcumque,
4051 3014 4166 3105 qui
4208 3037 4375 3105 pro-

2811 3109 2956 3200 prie
2990 3108 3267 3180 Domini
3297 3121 3423 3190 est,
3458 3115 3621 3208 quia
3658 3116 3730 3185 in
3762 3116 3881 3188 illo
3939 3123 4249 3213 quiescit,
4307 3134 4376 3196 ct

2812 3216 3024 3285 sedet.
3060 3215 3195 3288 Isa.
3252 3242 3385 3298 ut,
3458 3223 3486 3289 1
3545 3244 3563 3289 ε
3619 3224 3883 3293 Coeium
3935 3228 4125 3297 sedes
4191 3254 4369 3317 mea,

2812 3331 2941 3417 etc.
3002 3323 3089 3394 Et
3116 3326 3348 3418 ipsum
3378 3326 3602 3412 docet,
3664 3339 4034 3424 puritatem
4106 3347 4173 3408 et
4235 3339 4371 3409 cla·

2810 3429 3083 3501 ritatem
3112 3454 3254 3501 suae
3321 3436 3674 3528 sapientise
3708 3440 4098 3512 immediate
4146 3446 4371 3516 infun·

2810 3536 3062 3619 dendo,
3113 3542 3288 3610 sicut
3321 3543 3468 3633 ejus
3497 3546 3832 3637 sapientia
3882 3548 4231 3644 limpidius
4300 3558 4369 3627 in

2810 3645 3000 3717 coelis
3064 3659 3370 3742 apparet.
3429 3650 3590 3722 Tale
3630 3654 3879 3725 coelum
3911 3669 4052 3728 erat
4087 3659 4369 3747 Paulus,

2813 3754 2899 3825 ad
2928 3754 3151 3827 Galat.
3225 3781 3273 3839 1,
3313 3759 3384 3829 1¹
3425 3769 3492 3830 et
3528 3762 3608 3831 12
3644 3786 3660 3831 :
3705 3765 3964 3836 Notum
4006 3769 4194 3839 vobis
4249 3777 4375 3866 sa-

2808 3861 2940 3942 cio,
2969 3865 3254 3954 fratres,
3289 3867 3760 3959 Evanquium
3791 3874 3983 3964 quod
4018 3880 4373 3972 evangeli-

2810 3980 3048 4039 zatum
3079 3982 3179 4041 est
3207 3996 3253 4041 a
3290 3996 3424 4057 me,
3482 3978 3653 4068 quia
3681 4003 3819 4050 non
3847 3991 3947 4050 est
3993 3988 4370 4060 secundum

2811 4078 3159 4149 hominem
3191 4104 3218 4150 .·
3255 4105 3476 4176 neque
3510 4086 3690 4154 enim
3753 4112 3878 4180 eqo
3933 4092 4024 4160 ab
4095 4095 4375 4167 homine

2811 4187 3043 4279 accepi
3081 4187 3296 4271 illud,
3369 4213 3589 4284 neque
3619 4192 3864 4281 didici,
3920 4200 4045 4268 sed
4075 4225 4207 4296 per
4268 4228 4368 4275 re-

2813 4286 3224 4358 velationem
3279 4293 3448 4362 Jesu
3516 4294 3798 4366 Christi.
3861 4298 4055 4393 Capit
4138 4315 4368 4377 autem

2810 4394 3062 4466 coelum
3092 4395 3228 4468 tale
3259 4397 3344 4468 de
3387 4422 3471 4470 eo
3497 4403 3683 4496 quod
3714 4415 3962 4498 potest,
3994 4410 4115 4481 sed
4144 4420 4367 4486 totum

2809 4524 2951 4572 non
2986 4512 3239 4596 potest.
3286 4505 3382 4575 11¹
3415 4507 3585 4600 neg.
3619 4534 3764 4593 vm,
3799 4516 3884 4583 27
3919 4538 3935 4585 z
3978 4519 4063 4586 Si
4087 4520 4364 4607 coelmn,

2807 4617 2874 4675 et
2927 4609 3088 4679 coeli
3137 4611 3468 4681 coelorum
3517 4623 3583 4682 te
3603 4639 3845 4709 capere
3888 4644 4022 4690 non
4046 4639 4362 4716 possunt,

2809 4727 3074 4811 quanto
3143 4721 3376 4814 magis
3421 4722 3670 4793 domus
3722 4728 3867 4798 haec
3926 4755 4138 4824 quam
4201 4738 4368 4808 aedi-

2804 4824 3016 4916 ticoni
3039 4829 3078 4896 ⁴2

2898 4960 2931 4995 u
2981 4934 3262 5003 Terram
3337 4947 3596 5008 autem.
3663 4966 3697 5007 ι
3776 4942 3986 5024 Quasi
4038 4948 4289 5024 diceret
4342 4980 4360 5028 ε

2810 5036 2924 5109 Sic
2961 5039 3211 5111 coelum
3250 5041 3379 5112 sibi
3411 5046 3689 5116 retinuit
3724 5070 3740 5118 :
3779 5077 3813 5116 ι
3847 5062 4100 5125 terram
4128 5070 4362 5131 antem

2805 5145 2996 5216 dedit
3041 5148 3224 5240 filiis
3277 5150 3663 5235 hominum,
3702 5183 3736 5221 n
3819 5160 3905 5230 ad
3969 5162 4364 5239 inhabitan-

2805 5254 2996 5326 dum.
3068 5258 3349 5329 Deuter.
3412 5284 3460 5343 ι,
3493 5262 3537 5331 8
3588 5283 3607 5331 :
3652 5266 3765 5335 En
3848 5271 4117 5343 tradidi
4173 5278 4365 5348 vobis

2803 5374 3061 5435 terram
3130 5366 3715 5459 Clamant-orum,
3771 5376 4242 5470 ingredimini,
4297 5397 4365 5455 et

1150 5471 1434 5555 pereant
1461 5462 1547 5530 de
1573 5470 1778 5532 terro.
1806 5462 2096 5554 Majores
2124 5474 2194 5534 et
2220 5467 2701 5562 contemplati·
2794 5473 3139 5567 possidete
3167 5498 3346 5545 eam.
3394 5477 3492 5547 De
3521 5488 3842 5575 utroque,
3887 5485 4109 5561 Eccle.
4149 5516 4220 5574 v,
4268 5498 4293 5564 1
4337 5519 4355 5565 z

1157 5572 1223 5638 vi
1255 5572 1574 5640 dicuntur
1600 5570 1871 5657 melum,
1906 5573 2063 5663 quia
2109 5574 2180 5641 in
2218 5575 2390 5645 coelo
2426 5601 2700 5647 ven-san·
2798 5584 2988 5651 Deus
3036 5584 3107 5651 in
3135 5585 3330 5673 caelo,
3372 5597 3437 5655 ct
3473 5598 3551 5657 tn
3578 5615 3784 5682 super
3811 5605 4089 5666 terrum.
4129 5627 4160 5665 ι
4202 5603 4363 5670 Ter-
