5008 6329
1838 345 2545 419 COMMENTARIUS
2595 348 2686 416 IN
2734 348 3169 417 PSALMUM
3218 348 3521 417 CXLIX.

1080 518 1221 586 Cur
1249 517 1622 588 detestatus
1692 545 1846 590 sum
1887 524 2349 613 disciplinam,
2419 532 2481 587 et
2523 522 2621 587 in·

1072 628 1580 716 crepationibus
1634 653 1769 696 uon
1808 632 2140 720 acquievit
2179 649 2545 695 cormeum
2580 624 2619 692 ?

1164 972 1198 1007 α
1231 945 1347 1014 Ad
1380 944 1780 1035 alliqatzdos
1805 965 2011 1034 reyes.
2053 969 2083 1007 >³
2121 943 2245 1010 Hic
2273 944 2615 1012 exsecutio

1074 1052 1430 1141 potestatis
1462 1059 1793 1143 quantum
1860 1050 1938 1117 ad
1985 1052 2313 1139 majores:
2377 1062 2441 1119 et
2473 1060 2643 1118 tan-.

1071 1168 1330 1247 guntur
1356 1159 1519 1227 duo.
1554 1158 1815 1238 Primo,
1856 1160 2203 1247 potestatis
2241 1160 2611 1226 exsecutio.

1073 1262 1417 1337 Secundo.
1470 1268 1923 1333 exsecutionis
1963 1266 2114 1333 finis
2154 1274 2220 1333 et
2260 1267 2454 1344 ratio,
2491 1264 2613 1349 ibi,

1063 1379 1130 1448 ᾗ.
1166 1375 1206 1440 9
1243 1394 1259 1439 :
1308 1400 1342 1434 α
1393 1372 1483 1440 Ut
1508 1373 1804 1462 saciant.
1843 1401 1875 1434 »ι

1153 1476 1232 1547 In
1264 1480 1487 1568 prima
1517 1479 1693 1557 du0,.
1714 1478 2088 1547 secundnm
2114 1477 2365 1568 duplex
2395 1500 2612 1569 genus

1059 1583 1484 1654 excellentiae
1524 1596 1592 1655 et
1624 1587 2045 1675 majoritatis·
2116 1586 2453 1665 Primum,
2489 1608 2613 1653 ex-

1057 1690 1376 1761 cellentia
1438 1694 1817 1784 potestatis.
1873 1694 1989 1768 ibi,
2060 1721 2092 1754 «
2131 1695 2361 1783 Περι-ε.
2402 1717 2434 1755 ιι
2481 1689 2611 1758 Se-

1058 1798 1385 1874 cundum,
1429 1799 1700 1889 generis
1729 1797 2074 1878 nobilitas,
2109 1797 2226 1877 ibi,
2273 1823 2306 1863 α
2336 1800 2431 1866 Et
2482 1821 2611 1865 no-

1060 1908 1230 1978 biles
1249 1932 1516 1979 eorum.
1548 1937 1581 1975 n

1147 2018 1328 2086 Dicit
1357 2040 1521 2111 ergo
1557 2042 1574 2087 z
1647 2017 1762 2087 Sic
1799 2018 2051 2087 habent
2080 2025 2481 2110 potestatem
2522 2018 2606 2084 ad

1055 2122 1189 2192 hoo
1235 2124 1626 2194 iaciendum
1684 2126 1751 2194 in
1822 2127 2220 2202 minoribus,
2274 2134 2341 2194 et
2395 2126 2603 2194 etiam

1058 2259 1091 2299 α
1125 2234 1224 2300 ad
1267 2236 1671 2327 alliqatzdos
1708 2260 1894 2328 reyes
1921 2259 2180 2312 eorum,
2219 2264 2251 2298 ι
2309 2238 2603 2324 majores

1053 2342 1400 2431 majorum
1460 2354 1820 2435 potestate,
1883 2370 1916 2410 α
1953 2347 2021 2413 iu
2066 2344 2529 2436 compedibus.
2566 2368 2597 2409 n

1050 2451 1216 2542 quio.
1255 2451 1507 2520 detrusi
1552 2453 1621 2520 in
1664 2452 1950 2528 inferno,
1986 2455 2174 2544 quasi
2206 2451 2598 2543 compediti,

1046 2557 1287 2646 procul
1329 2557 1540 2627 dubio
1606 2558 1775 2627 nihil
1834 2569 2147 2650 poterunt
2195 2559 2356 2628 boni
2399 2557 2594 2637 veile,

1046 2686 1174 2733 nec
1202 2664 1290 2733 ad
1329 2664 1624 2735 litteram
1664 2666 2035 2737 ambulare.
2066 2667 2176 2735 isti
2218 2677 2374 2735 sunt
2414 2690 2596 2735 com·

1045 2771 1258 2862 pedes
1326 2773 1577 2865 quibus
1663 2773 2298 2844 Nabuchodonosor
2360 2776 2598 2867 ligavit

1047 2878 1410 2950 Sedeciam
1444 2881 1490 2950 ¹.
1564 2882 1646 2951 Et
1711 2881 1844 2952 hoc
1899 2884 2384 2974 justissimum,
2438 2885 2599 2975 quin

1043 2989 1433 3059 doctrinam
1472 2988 1727 3060 Christi
1790 2992 2153 3084 compedes
2235 3002 2599 3083 reputave-

1044 3106 1228 3167 runt.
1265 3097 1476 3168 Eeeli.
1513 3121 1654 3182 xxi,
1687 3101 1772 3169 22
1817 3124 1834 3170 :
1898 3100 2265 3195 Compedes
2294 3100 2363 3170 in
2404 3099 2597 3193 pedi-

1045 3204 1198 3286 bus.
1227 3206 1450 3277 stulto
1473 3207 1812 3278 doctriua.

1136 3341 1172 3378 α
1201 3317 1302 3384 Et
1326 3314 1591 3385 nobiles
1626 3340 1885 3400 eorum,
1932 3343 1965 3383 »
2020 3318 2313 3405 majores
2341 3315 2596 3386 scilicet

1040 3420 1402 3492 nobilitate
1429 3424 1725 3515 generis,
1764 3454 1797 3489 α
1833 3425 1904 3492 in
1934 3425 2219 3493 manicis
2243 3424 2510 3514 [erreis.
2555 3449 2588 3490 ι

1042 3530 1248 3611 Quod
1285 3541 1446 3600 sunt
1487 3529 1772 3624 pedibus
1810 3532 2193 3624 compedes,
2248 3530 2379 3602 hoc
2433 3542 2595 3601 sunt

1041 3638 1364 3708 manibus
1404 3640 1690 3709 menicae
1757 3638 2010 3708 ierreae.
2058 3636 2320 3716 Judith.
2364 3663 2459 3719 vn,
2491 3640 2584 3709 9:

1040 3746 1494 3837 Liqmvrunt,
1562 3747 1739 3817 servi
1799 3746 2053 3817 scilic-et
2101 3745 2585 3838 HoiopherniS,

1039 3855 1297 3924 Ackior
1323 3857 1423 3924 ad
1456 3855 1766 3925 arborem
1799 3857 2115 3925 manibus
2170 3867 2234 3925 et
2267 3856 2582 3948 pedibus.

1039 3959 1202 4029 Mali
1235 3962 1419 4031 enim
1477 3972 2105 4055 quantumcumque
2137 3966 2394 4056 magni.
2436 3988 2589 4055 pro·

1038 4070 1149 4140 cul
1201 4070 1412 4141 dubio
1486 4072 1882 4165 ligabuntur
1935 4074 2199 4166 prolata
2250 4075 2585 4143 sententia

1024 4178 1295 4268 judicii.
1330 4179 1572 4249 Matth.
1598 4204 1767 4256 xxn,
1810 4181 1927 4250 13:
1970 4181 2237 4273 Liqatis
2265 4180 2586 4249 monibus

1032 4299 1098 4357 et
1127 4288 1427 4381 pedibus
1453 4287 1634 4379 eJ‘uS,
1672 4288 1926 4358 mittite
1970 4313 2125 4359 eum
2166 4292 2233 4358 in
2275 4287 2584 4359 tenebras

1030 4400 1421 4470 exteriores.

1099 4645 1122 4685 ⁸
1153 4645 1242 4706 ct.
1266 4647 1344 4705 tv
1372 4648 1515 4724 fleg.
1544 4663 1676 4721 xxv,
1707 4651 1762 4705 7.

4167 351 4297 418 543

2821 517 2953 586 Sed
2994 519 3075 585 ad
3128 519 3291 609 quid
3350 522 3477 587 erit
3543 524 3672 587 ista
3713 519 3950 609 ligatio
3983 522 4018 588 ⁴?
4062 518 4232 587 Ecce
4268 542 4283 585 ε

2820 648 2852 686 α
2894 625 2981 689 lje
3019 625 3291 712 saciant
3344 626 3415 691 in
3482 626 3578 691 eis·
3605 624 3996 714 jecdscium.
4048 650 4079 689 »
4148 647 4286 691 non

2724 726 3227 819 quodcumque,
3272 730 3392 798 sed
3425 730 3962 820 «conscriptam,
4001 759 4033 792 »ι
4071 740 4138 798 et
4177 730 4288 797 de-

2724 836 3160 903 terminatum
3230 839 3299 904 in
3372 836 3766 928 ScripturiS‚
3815 836 3982 904 illud
4031 838 4286 904 seilicet

2728 940 3029 1032 Sapient.
3077 966 3171 1020 ιιι,
3217 945 3256 1012 8
3293 966 3309 1013 :
3342 944 3801 1021 ludicabunt,
3841 942 4074 1012 Sancti
4106 941 4284 1010 scili-

2725 1060 2854 1129 cet,
2886 1052 3214 1117 nationes.
3287 1050 3396 1132 Et,
3439 1051 3598 1132 Job,
3652 1073 3888 1128 xxxv1‚
3927 1053 3966 1119 6
4012 1074 4026 1118 :
4069 1051 4282 1119 Judi-

2723 1157 2906 1222 cium
2955 1157 3385 1248 pauperibus
3424 1158 3700 1227 tribuit.
3771 1158 3792 1224 l
3838 1159 3925 1226 nd
3966 1157 4274 1227 Corinth.

2724 1288 2818 1345 v1,
2853 1266 2891 1331 2
2939 1287 2953 1330 :
2998 1269 3103 1333 An
3169 1269 3442 1335 nescitis
3508 1269 3842 1359 quoniam
3909 1268 4153 1336 Sancti
4200 1265 4281 1332 de

2723 1369 2848 1436 hoc
2876 1371 3131 1438 mundo
3160 1365 3598 1460 judicabunt
3643 1377 3684 1438 Y
3722 1371 3830 1453 Et,
3875 1371 4117 1438 Matth.
4155 1392 4274 1447 xu,

2723 1473 2805 1538 27
2852 1495 2867 1538 :
2939 1474 3100 1541 Ideo
3168 1476 3305 1566 ipsi
3347 1475 3636 1564 judices
3702 1475 3910 1542 vestri
3973 1483 4172 1541 erunt
4229 1487 4274 1540 ².

2722 1580 2850 1647 lsa.
2885 1604 2982 1658 ιιι,
3026 1584 3104 1649 14
3146 1604 3163 1648 :
3225 1584 3576 1651 Dominus
3635 1583 3735 1650 acl
3767 1582 4131 1672 judicium
4180 1603 4283 1648 ve-

2718 1690 2858 1756 niet
2914 1712 3071 1758 cum
3134 1690 3414 1759 senibus
3473 1691 3732 1783 populi
3803 1692 3940 1759 sui.
4010 1688 4275 1767 Abdiae,

2715 1803 2779 1872 ᾗ.
2816 1797 2892 1863 21
2936 1819 2951 1864 :
3006 1799 3384 1866 Ascendent
3439 1799 3825 1867 salvatores·
3865 1799 3936 1866 in
3983 1807 4280 1866 montem

2717 1904 2884 1971 Sion
2900 1901 3233 1992 judicare
3270 1914 3571 1972 montem
3600 1907 3825 1974 Esau.

2804 2141 2837 2181 α
2885 2117 3129 2185 Gloria
3178 2117 3320 2185 ltoec
3376 2128 3501 2186 est.
3542 2143 3576 2184 ιο
3649 2117 3822 2186 Ecce
3896 2116 4273 2186 secundum

2710 2224 2916 2291 totius
2981 2222 3186 2313 hujus
3241 2227 3484 2315 partis,
3529 2225 3601 2293 in
3653 2247 3791 2315 qua
3849 2226 4155 2316 tangitur
4193 2226 4275 2294 de

2711 2336 3145 2404 exsecutione
3163 2338 3547 2405 sententiae.

2798 2447 2914 2514 Ait
2946 2447 3129 2515 enim
3164 2469 3180 2516 ε
3212 2446 3327 2517 Sic
3361 2446 3596 2517 Sancti
3638 2456 4051 2538 potestatem
4074 2447 4277 2517 habe-

2708 2555 2879 2626 bunt
2908 2566 2975 2626 et
3020 2560 3088 2625 in
3149 2560 3477 2635 minores,
3513 2568 3580 2628 et
3615 2560 3683 2626 in
3718 2560 4015 2647 majores
4050 2561 4275 2628 notio-

2706 2686 2895 2732 num.
2945 2692 2977 2730 «
3023 2668 3179 2733 Iloec
3217 2677 3315 2733 est
3342 2666 3607 2757 qloria,
3653 2698 3683 2729 »
3743 2666 4004 2735 scilicet
4041 2689 4267 2757 posse,

2715 2802 2744 2834 α
2778 2772 3095 2841 omnibus
3129 2777 3389 2842 sanctis
3428 2774 3611 2865 ejus,
3658 2802 3691 2836 »
3728 2774 4044 2866 perfectis
4097 2775 4273 2842 scili·

2705 2888 2832 2958 cet,
2869 2882 2981 2971 qui
3013 2904 3138 2973 pro
3187 2880 3461 2951 Christo
3522 2882 3758 2950 omnin
3818 2882 4266 2972 reliquerunt.

2707 2986 2989 3056 Glossn:
3031 3014 3064 3054 α
3099 2986 3269 3058 Ecce
3295 2999 3551 3080 quantu
3573 2987 3795 3081 gloria
3827 2987 4267 3071 Sanctorum,

2717 3125 2748 3161 ι
2776 3107 2841 3166 et
2878 3097 3208 3190 gaudium
3264 3110 3428 3169 tunc
3498 3101 3653 3179 erit,
3690 3098 3968 3191 quando
4009 3122 4274 3190 paupe·

2716 3234 2746 3270 α
2774 3229 2902 3283 res,
2945 3207 3063 3297 qui
3092 3203 3205 3275 hie
3237 3205 3514 3275 suerunt
3544 3205 3823 3290 derisui,
3858 3215 4269 3298 potestatem

2708 3336 2742 3378 ι
2775 3310 3126 3381 habebunt
3194 3313 3588 3382 vindicandi
3677 3314 3747 3381 in
3813 3314 4173 3404 superbos,
4229 3344 4262 3378 »

2706 3423 3013 3515 Sapient.
3048 3447 3115 3502 v,
3160 3426 3227 3501 2,
3289 3425 3537 3493 dicturi
3569 3434 3731 3492 sunt
3760 3423 4067 3493 damnati
4112 3449 4128 3494 :
4173 3426 4269 3494 Ili

2696 3543 2858 3598 suut
2896 3555 3065 3622 quos
3127 3528 3505 3600 babuimus
3548 3532 3939 3623 aliquando
3973 3533 4045 3599 in
4077 3533 4268 3600 deri-

2697 3658 2880 3716 sum,
2931 3647 2995 3705 ct
3044 3639 3113 3705 in
3160 3638 3702 3706 similitudinem
3771 3628 4260 3729 improperii...

2699 3747 2869 3813 Ecce
2895 3746 3237 3837 quomodo
3258 3749 3649 3836 computati
3674 3755 3843 3814 sunt
3869 3746 4049 3815 inter
4064 3746 4260 3834 filios

2701 3856 2853 3936 Dei,
2893 3865 2958 3923 et
3022 3855 3200 3924 inter
3249 3866 3527 3924 sanctos
3562 3879 3712 3924 sors
3774 3854 4067 3923 illorum
4135 3866 4256 3925 est.

2700 3960 3004 4051 Sapit-nt.
3042 3985 3111 4038 v.
3156 3963 3230 4030 Π
3269 3986 3287 4031 ;
3332 3963 3692 4055 Accipient
3730 3985 4023 4054 reqnum
4061 3961 4263 4030 deco-

2695 4071 2813 4148 νίε,
2846 4080 2911 4137 et
2948 4070 3274 4139 diadema
3299 4071 3550 4163 speciei
3586 4072 3673 4140 de
3700 4094 3917 4141 manu
3946 4071 4257 4153 Domini,

2693 4180 2876 4273 quod
2924 4191 2990 4250 et
3048 4204 3174 4251 nos
3239 4181 3328 4251 ab
3369 4182 3614 4252 eodem
3655 4183 3967 4276 accipere
4006 4206 4262 4253 merea-

2693 4311 2869 4370 mur,
2912 4290 3030 4382 qui
3062 4299 3163 4359 est
3191 4288 3594 4361 benedictus
3623 4313 3749 4384 per
3785 4290 4023 4361 omnin
4052 4313 4263 4361 saecu·

2689 4398 2756 4469 lu
2792 4399 3232 4471 saeculorum.
3265 4402 3522 4472 Amen.

2762 4648 2787 4687 ¹
2813 4651 2952 4710 Luc.
2971 4669 3054 4724 ιι,
3090 4655 3178 4712 ¹⁹.
