5008 6329
1010 4222 1138 4288 <n

2073 363 2786 434 COMMENTARIUS
2834 363 2931 431 IN
2979 364 3416 435 PSALMUM
3466 365 3772 435 CXV111.

1305 538 1480 605 vidit
1505 559 1712 628 super
1747 537 2016 606 Judam
2080 547 2142 603 et
2177 536 2588 605 Jerusalem.
2647 533 2869 623 Super

1302 667 1404 711 me
1429 666 1591 735 ergo
1623 642 2037 711 effundatur.
2075 642 2279 711 Eccli.
2317 664 2511 720 xvm,
2554 642 2630 707 19
2676 661 2690 705 :
2726 640 2868 728 Es-

1298 750 1541 838 fundit
1603 773 1818 842 super
1873 774 1984 819 eos
2030 748 2577 817 misericordiam
2631 768 2859 813 suam.

1302 882 1337 919 α
1394 858 1631 925 Veniat
1662 883 1697 923 n
1759 858 1969 925 etiam
2035 880 2069 921 ι
2114 854 2585 921 misericordia
2642 862 2787 932 tua,
2824 881 2858 915 »

1298 963 1510 1033 Filius
1541 968 1660 1057 qui
1701 972 1806 1033 est
1833 972 1902 1032 et
1953 962 2221 1053 justitia
2259 970 2593 1052 quantum
2637 959 2722 1027 ad
2753 982 2867 1027 se-

1297 1070 1599 1141 cundum
1630 1072 2034 1151 adventum,
2070 1077 2136 1137 et
2164 1068 2633 1138 misericordia
2652 1090 2867 1159 quan-

1296 1186 1443 1247 tum
1476 1179 1563 1248 ad
1591 1179 1921 1269 primum.
1958 1175 2091 1245 Isa.
2125 1200 2270 1259 xiv,
2299 1178 2327 1244 1
2361 1199 2376 1242 ε
2413 1179 2640 1267 Prope
2670 1184 2767 1241 est
2786 1182 2864 1239 ut

1294 1286 1525 1353 veniat
1559 1285 1706 1352 dies
1734 1284 1918 1374 ejus,
1955 1294 2018 1352 et
2046 1283 2479 1352 miserebitur
2513 1282 2863 1350 Dominus

1293 1392 1532 1460 Jacob.
1579 1391 1857 1472 Veniat,
1903 1392 2214 1482 inquam,
2262 1398 2336 1457 ut
2389 1392 2477 1457 sit
2507 1410 2711 1478 super
2748 1408 2860 1454 me

1294 1508 1649 1590 tamquam
1689 1506 1897 1590 caput
1925 1498 2111 1590 quod
2141 1497 2603 1588 supereminet
2631 1495 2860 1562 omni-

1294 1604 1424 1673 bus
1455 1606 1809 1674 membris.
1862 1605 1974 1674 Ad
2030 1604 2283 1696 Ephes.
2329 1627 2376 1686 1,
2411 1605 2496 1670 22
2535 1624 2550 1670 ε
2619 1603 2859 1692 Ipsum

1292 1712 1482 1780 dedit
1501 1724 1712 1805 caput
1728 1736 1945 1804 supra
1975 1734 2242 1780 omnem
2260 1710 2670 1788 Ecclesiam,
2707 1730 2858 1798 qnae

1289 1829 1387 1887 est
1424 1842 1671 1911 corpus
1718 1820 1899 1909 ejuS.

1386 1955 1421 1990 «
1449 1928 1785 1997 Salutare
1848 1936 2069 1995 tuum.
2109 1951 2141 1992 n
2207 1926 2380 1994 Ecce
2446 1921 2852 1993 secundum.

1289 2034 1503 2116 Quasi
1550 2037 1804 2106 diceret
1849 2059 1866 2104 ε
1910 2037 2014 2105 Da
2055 2034 2593 2104 misericordiam
2651 2052 2858 2122 super

1289 2169 1401 2215 me
1453 2146 1811 2215 existendo
1850 2154 2209 2236 tamquam
2239 2150 2711 2234 protegentem
2746 2146 2857 2206 :et

1287 2262 1364 2323 ut
1384 2253 1517 2322 hoc
1535 2254 1648 2334 sit,
1679 2254 1914 2323 veniat
1936 2278 1970 2319 ι
2001 2253 2609 2334 εαίηἱανειαιιιη,ζ»
2642 2246 2854 2315 Filius

1284 2362 1566 2444 scilicet,
1646 2369 1713 2430 et
1769 2361 1904 2430 hoc
1976 2390 2009 2424 ιι
2055 2360 2428 2429 secundum
2496 2357 2853 2449 eloquium

1284 2479 1504 2547 tunm,
1543 2493 1578 2534 a
1623 2490 1748 2559 per
1805 2467 2265 2547 patriarchas,
2323 2473 2388 2535 et
2435 2464 2845 2554 Prophetas.

1280 2577 1399 2644 Ait
1435 2578 1623 2645 enim
1650 2575 1894 2655 Jacob,
1941 2575 2187 2645 Genes.
2223 2597 2406 2653 κως,
2447 2575 2528 2641 18
2573 2596 2587 2640 ;
2623 2572 2852 2642 Salu-

1279 2693 1428 2752 tare
1456 2692 1653 2751 tuum
1707 2682 2139 2774 exspectabo,
2192 2683 2511 2751 Domine.
2556 2679 2664 2763 Et,
2708 2679 2845 2749 lsa.

1280 2813 1399 2869 ur,
1439 2790 1520 2859 10
1555 2811 1572 2858 :
1623 2788 1962 2858 Videbunt
2003 2811 2234 2857 omnes
2276 2788 2450 2878 fines
2504 2796 2702 2855 terrae
2729 2810 2851 2857 sa-

1280 2898 1512 2966 lutare
1548 2898 1686 2967 Dei
1738 2898 1987 2966 nostri.
2038 2895 2319 2967 Zachar.
2381 2917 2456 2975 u,
2496 2895 2579 2963 10
2614 2916 2630 2962 :
2673 2897 2851 2964 Ecce

1277 3028 1400 3097 eqo
1438 3005 1661 3085 venio,
1691 3015 1759 3073 et
1811 3003 2142 3072 habitabo
2175 3004 2248 3071 in
2303 3001 2529 3070 medio
2567 3002 2693 3070 tui.
2729 3001 2839 3080 Et,

1276 3136 1373 3193 ix,
1406 3115 1448 3182 9
1484 3136 1502 3185 ε
1543 3114 1722 3183 Ecce
1749 3135 1874 3183 rex
1900 3123 2059 3183 tuns
2097 3113 2313 3182 veniet
2333 3110 2465 3180 tibi
2478 3110 2747 3201 justus,
2780 3117 2846 3179 et

1273 3222 1612 3291 salvator.
1648 3220 1861 3291 Venit
1899 3230 2130 3291 autem
2163 3230 2231 3289 et
2273 3222 2417 3313 ipse
2445 3243 2653 3311 super
2685 3243 2837 3300 nos,

1281 3339 1356 3399 ut
1397 3353 1526 3400 nos
1581 3338 1996 3424 protegeret.
2062 3329 2191 3399 lsa.
2243 3351 2432 3414 xxvi,
2481 3329 2510 3395 1
2577 3348 2596 3398 τ
2664 3327 2841 3398 Urbs

1275 3438 1723 3528 fortitudinis
1768 3447 2021 3507 nostrae
2064 3437 2263 3520 Sion,
2310 3433 2668 3516 Salvator,
2702 3442 2834 3504 etc.

1277 3547 1386 3626 131,
1411 3557 1487 3618 ut
1508 3571 1631 3618 nos
1669 3549 1996 3618 excitaret
2023 3546 2109 3615 ad
2137 3546 2427 3627 bonum,
2457 3545 2834 3615 Deuterou.

1274 3677 1511 3731 xxxin.
1570 3656 1643 3723 11
1693 3676 1711 3724 :
1756 3655 1957 3725 Sicut
2011 3652 2259 3746 aquila
2298 3675 2679 3745 provocans
2742 3651 2841 3721 ad

1273 3761 1657 3832 volandum
1678 3762 1922 3855 pullos
1964 3784 2149 3842 suos,
2181 3770 2248 3829 et
2271 3783 2480 3854 super
2504 3784 2616 3829 eos
2651 3759 2838 3829 voli-

1277 3879 1457 3940 lans.

1367 4236 1403 4273 α
1462 4207 1562 4279 E't
1613 4204 2058 4300 respondebo.
2102 4233 2138 4272 n
2208 4205 2339 4278 llic
2376 4206 2678 4289 tertium,
2746 4205 2833 4275 ad

1273 4315 1441 4408 quid
1471 4315 1642 4407 petit
1680 4313 1870 4384 illam
1908 4314 2228 4407 gratiam,
2271 4313 2359 4384 ad
2402 4321 2678 4383 strenue
2723 4335 2838 4384 re-

1271 4419 1754 4514 spondendum
1800 4428 1868 4490 et
1906 4419 2229 4490 audacter
2283 4418 2699 4507 infidelibus,
2766 4429 2836 4491 et

1270 4528 1680 4598 adversariis
1724 4550 1742 4598 ε
1784 4526 1968 4598 unde
2008 4527 2326 4597 dicuntur
2360 4527 2522 4597 duc.
2565 4526 2830 4608 Primo,

1268 4637 1634 4731 promissio
1664 4634 1750 4704 de
1778 4634 2022 4705 audaci
2054 4637 2523 4729 responsione,
2564 4636 2621 4705 si
2654 4637 2836 4728 peti-

1266 4758 1338 4818 ta
1372 4747 1594 4841 gratia
1623 4745 1786 4817 data
1818 4745 2045 4815 fuerit.
2110 4745 2455 4831 Secundo,
2507 4747 2668 4839 quia
2707 4748 2837 4818 erit

1269 4857 1476 4928 etiam
1518 4857 1831 4927 firmatus
1881 4880 2003 4949 spe
2043 4856 2372 4943 victoriae,
2415 4856 2534 4939 ibi,
2570 4882 2605 4923 ι
2651 4858 2836 4944 Quia

1266 4965 1565 5059 speravi.
1600 4988 1635 5032 a

4397 325 4533 435 ⁴2⁶3

2973 557 3106 602 nue
3149 560 3183 601 α
3215 535 3628 626 respondebo
3659 535 3938 603 verbum
3972 564 4004 597 »
4032 534 4213 613 fidei,
4259 542 4324 602 et
4362 558 4532 603 con-

2973 641 3309 722 fessioniS,
3374 671 3408 706 α
3476 642 4071 734 exprobrantibus,
4168 668 4203 708 n
4275 641 4314 708 J
4323 641 4529 708 udaeis

2971 750 3251 830 scilicet,
3304 753 3420 841 qui
3460 751 3541 820 de
3582 751 3711 818 fide
3762 749 4146 819 Christiana
4184 749 4525 818 scandali-

2969 866 3234 940 zantur,
3299 865 3367 926 et
3423 858 3755 926 Gentibus
3804 859 3919 949 qui
3978 865 4296 947 reputant
4332 856 4519 923 illam

2969 963 3329 1033 stultitiam
3362 967 3407 1032 ¹.
3450 964 3610 1033 Mali
3643 966 3825 1032 enim
3855 964 4080 1033 solent
4108 962 4520 1055 exprobrare

2967 1070 3190 1141 boniS.
3246 1073 3500 1140 Jerem.
3561 1096 3678 1151 xv,
3745 1075 3824 1141 15
3897 1095 3913 1139 :
3982 1073 4199 1150 Scito,
4268 1071 4514 1162 inquit,

2967 1182 3299 1270 quoniam
3321 1182 3626 1249 sustinui
3646 1189 4011 1271 propterte
4039 1178 4510 1270 opprobrium.

2970 1283 3106 1354 Sed
3142 1285 3249 1354 his
3291 1285 3691 1377 responde0,
3725 1309 3866 1354 non
3905 1285 4231 1354 confusus
4261 1285 4343 1353 de
4377 1308 4511 1368 me,

2965 1392 3083 1460 sed
3111 1420 3146 1457 α
3187 1395 3357 1484 quia
3392 1394 3664 1485 speravi
3693 1394 3764 1461 in
3809 1392 4237 1461 sermonibus
4275 1393 4436 1476 tuis,
4476 1418 4508 1459 n

2965 1502 3212 1590 quibus
3241 1501 3432 1580 dicis,
3484 1501 3569 1569 ad
3608 1501 3897 1569 Roman.
3929 1524 3999 1583 x,
4035 1501 4074 1569 8
4105 1522 4122 1570 ε
4156 1503 4381 1592 Prope
4418 1509 4513 1566 est

2962 1609 3243 1677 verbum
3280 1613 3352 1678 in
3391 1634 3506 1678 ore
3546 1622 3688 1690 tuo,
3742 1619 3805 1677 et
3843 1612 3915 1677 in
3952 1609 4152 1677 corde
4192 1618 4308 1676 tuo
4347 1603 4392 1675 ⁸.
4428 1608 4514 1675 Et

2960 1716 3129 1785 illud
3146 1710 3308 1789 Luc.
3338 1722 3577 1794 xxr.15
3604 1742 3619 1788 :
3646 1718 3842 1787 Dabo
3865 1718 4052 1787 vobis
4072 1741 4146 1785 os
4165 1725 4229 1783 et
4246 1717 4511 1807 sapien-

2962 1826 3158 1907 tiam,
3189 1829 3305 1895 cui
3320 1851 3458 1896 non
3469 1837 3796 1920 poterunt
3824 1828 4129 1894 resistere
4152 1836 4215 1894 et
4244 1835 4510 1894 contra-

2960 1933 3179 2003 dicere
3233 1958 3463 2004 omnes
3501 1936 3884 2004 adversarii
3946 1935 4172 2003 vestri.
4217 1933 4305 2001 Et
4343 1941 4506 2001 tunc

2959 2051 3234 2133 accepta
3316 2043 3649 2136 sapientia
3749 2050 3986 2135 potero
4071 2040 4504 2132 respondere.

2961 2149 3287 2219 Proverb.
3369 2174 3586 2231 xxvu,
3650 2152 3724 2218 11
3803 2174 3818 2218 ;
3868 2148 4087 2220 Stude
4125 2150 4504 2241 sapientise,

2953 2258 3071 2345 fili
3097 2260 3221 2338 mi,
3258 2269 3337 2328 ut
3356 2261 3578 2351 possis
3615 2258 4064 2350 exprobranti
4107 2257 4509 2350 respondere

2953 2388 3353 2435 sermonem,
3415 2366 3633 2435 Aliter
3689 2388 3829 2435 non
3882 2364 4298 2456 respondeas
4337 2364 4505 2432 mihi

2950 2475 3141 2566 prius
3178 2474 3411 2544 habita
3459 2477 3812 2566 sapientia.
3856 2474 4065 2545 Eccli.
4106 2498 4177 2555 v,
4244 2476 4325 2542 14
4367 2497 4383 2542 :
4425 2475 4509 2545 Si

2950 2593 3046 2651 est
3103 2583 3233 2652 tibi
3270 2584 3683 2663 intellectus,
3742 2582 4072 2676 responde
4120 2584 4444 2674 proximo
4480 2603 4503 2649 .·

2946 2694 3054 2759 sin
3084 2702 3345 2774 autem,
3382 2693 3476 2759 sit
3504 2693 3751 2761 manus
3776 2715 3986 2784 super
4012 2714 4086 2759 os
4116 2700 4338 2759 tuum.

3036 3052 3071 3094 ι
3133 3029 3230 3097 E't
3281 3052 3366 3097 ne
3420 3029 3727 3120 auferas.
3803 3055 3836 3091 n
3896 3026 4028 3098 llic
4092 3024 4497 3100 secundum.

2944 3134 3322 3229 Postquam
3378 3137 3561 3206 enim
3615 3136 3811 3229 petiit
3856 3138 4147 3231 gratiam
4187 3136 4319 3206 sibi
4356 3138 4500 3208 dari

2944 3243 3031 3314 ad
3051 3253 3323 3315 strenue
3354 3245 3932 3337 respondendum,
3962 3244 4075 3316 hic
4111 3248 4283 3338 petit
4310 3270 4504 3317 eam-

2944 3350 3098 3420 dem
3146 3351 3440 3444 gratiam
3498 3373 3637 3421 non
3695 3352 3946 3420 auferri
4005 3377 4023 3423 ε
4075 3360 4144 3422 et
4183 3351 4504 3423 dicuntur

2943 3458 3105 3528 duo.
3142 3457 3405 3539 Primo,
3440 3458 3702 3551 petitio.
3749 3453 4095 3540 Secundo,
4120 3455 4297 3524 ratio
4336 3479 4504 3549 qua-

2942 3589 3013 3636 re
3052 3565 3534 3657 adjiciendum,
3567 3565 3686 3649 ibi,
3713 3590 3751 3628 σε
3784 3563 3967 3648 Quia
4007 3564 4077 3630 in
4101 3562 4425 3652 judiciis.
4456 3591 4487 3628 ι

3032 3675 3210 3746 Dicit
3246 3698 3412 3769 ergo
3447 3699 3463 3744 :
3492 3673 3605 3744 Sic
3642 3674 3730 3743 da
3763 3674 4080 3767 gratiam,
4113 3680 4182 3742 et
4213 3695 4502 3765 respon-

2940 3781 3115 3853 debo
3153 3805 3171 3851 z
3215 3809 3254 3850 e
3283 3785 3380 3853 Et
3419 3809 3455 3848 n
3488 3782 3693 3851 etiam
3735 3806 3770 3848 ι
3810 3805 3895 3850 ne
3917 3782 4227 3873 auferas,
4273 3805 4308 3846 ι
4340 3802 4502 3872 gra-

2937 3891 3106 3960 tiam
3137 3888 3629 3974 subtrahend0,
3682 3915 3717 3956 e
3748 3888 3835 3959 de
3886 3912 4003 3958 ore
4028 3912 4177 3957 meo
4216 3886 4497 3958 verbum

2938 3999 3274 4080 veritatis,
3317 4024 3354 4062 ο
3384 4004 3680 4068 strenuae
3720 4003 3789 4068 et
3823 3995 4101 4066 audacis
4128 3995 4497 4065 confessio-

2938 4107 3063 4177 nis·
3088 4114 3158 4177 et
3217 4105 3744 4199 praedicationis,
3799 4130 3834 4172 ι
3879 4125 4393 4197 usquequaque,
4454 4127 4491 4171 ι

2940 4217 3226 4285 omnino
3255 4214 3535 4300 scilicet,
3577 4213 3691 4284 vel
3718 4235 3937 4306 usque
3961 4210 4188 4292 valde,
4219 4219 4287 4281 et
4321 4210 4377 4279 si
4407 4209 4495 4279 ad

2939 4322 3182 4394 horam
3228 4324 3519 4406 auferas,
3587 4326 3763 4394 sicut
3826 4322 3899 4392 in
3962 4321 4172 4391 Petro
4236 4320 4493 4390 factum

2938 4439 3040 4501 est
3076 4425 3126 4513 ⁸,
3165 4439 3400 4501 tamen
3460 4429 3775 4500 restituas
3829 4429 3995 4516 cito,
4053 4427 4234 4498 sicut
4273 4426 4492 4498 fecisti

2940 4538 3037 4611 illi
3066 4540 3114 4612 ⁴.

3031 4856 3434 4928 Notandum
3464 4863 3721 4940 autem,
3760 4856 3947 4950 quod
3979 4852 4271 4926 verbum
4299 4855 4487 4927 veri-

2944 4966 3102 5036 tatis
3121 4964 3426 5035 aufertur
3450 4964 3533 5035 de
3563 4987 3681 5035 ore
3701 4964 4184 5059 praedicatoris.
4218 4964 4483 5051 Primo,

1358 5074 1475 5143 Ait
1504 5096 1672 5165 ergo
1717 5093 1736 5142 ε
1774 5071 1892 5140 Sic
1937 5071 2171 5140 veniat
2225 5094 2432 5163 super
2468 5094 2580 5142 me
2618 5074 2840 5165 gratia
2945 5081 3225 5167 propter
3262 5072 3737 5167 indignitatem
3774 5071 4235 5164 proedicantis.
4296 5071 4486 5144 Psal.

1261 5207 1385 5278 per
1410 5180 1751 5253 salutare:
1783 5207 1816 5239 κ
1848 5180 1947 5248 Et
1973 5206 2007 5244 ιο
2043 5187 2205 5250 tuuc
2232 5179 2552 5251 audacter
2580 5189 2648 5251 et
2674 5189 2843 5252 stre.
2942 5204 3127 5268 xux,
3164 5181 3247 5250 16
3298 5200 3317 5251 :
3366 5182 3723 5252 Peccatori
3756 5189 3988 5249 autem
4017 5178 4205 5248 dixit
4246 5182 4428 5250 Deus
4466 5203 4492 5252 .·
4555 5180 4805 5229 «nemu,

1338 5468 1357 5506 ¹
1387 5467 1416 5524 1
1443 5463 1519 5524 ad
1544 5463 1815 5523 Corinth.
1849 5480 1893 5534 n,
1916 5464 1988 5521 2³
2022 5479 2038 5521 z
2069 5463 2175 5521 Nos
2229 5469 2419 5522 autem
2462 5464 2836 5537 predicemus
2938 5467 3000 5526 in
3030 5481 3127 5525 ore
3146 5473 3267 5537 tuo,
3305 5472 3360 5524 et
3388 5433 3449 5523 in
3482 5465 3787 5536 romtuo,
3815 5470 3879 5521 ut
3915 5464 4098 5536 tactas
4124 5463 4306 5523 utum.

1263 5557 1545 5617 Christum
1570 5557 1907 5627 crucifixum
1943 5570 1966 5611 .-
1999 5554 2209 5611 Ιιιιίεἰι
2234 5554 2461 5628 quidem
2485 5554 2833 5628 scandatum,

1265 5642 1537 5708 Gentibus
1567 5650 1757 5701 autem
1784 5642 2117 5701 stultitiam.

1333 5736 1359 5773 ²
1384 5734 1471 5794 Ct'.
1500 5735 1739 5792 neuter.
1774 5749 1912 5808 ιιι,
1945 5734 2015 5790 u
2043 5748 2061 5791 ε
2090 5732 2266 5792 Juxta
2286 5740 2338 5793 te
2359 5742 2438 5794 est
2465 5751 2640 5795 sermo
2666 5733 2831 5796 vata«

3007 5555 3034 5593 ⁸
3060 5555 3149 5613 ct.
3179 5554 3385 5614 nauh.
3417 5570 3571 5625 xxvi,
3600 5555 3693 5614 ³4.

3007 5645 3032 5682 ⁴
3067 5642 3155 5703 Cf.
3187 5642 3328 5704 Luc.
3351 5660 3494 5715 ιιιι,
3534 5645 3625 5701 ⁶2.

4629 3033 4751 3104 48

4539 4909 4708 4959 llum·
4746 4909 4810 4958 de

4514 4967 4681 5013 eant·
4728 4977 4837 5012 ver·

4517 5019 4631 5065 bum
4666 5020 4840 5067 verho-

4515 5074 4582 5120 εἰ·
4626 5074 4846 5120 euterun

4517 5127 4582 5174 de
4602 5139 4691 5173 ore
4717 5139 4844 5183 pr·-
