5008 6329
1645 349 1727 414 D.
1779 348 1981 414 ΑΕΒ.
2036 345 2253 413 MAG.
2307 344 2515 410 om).
2573 344 2866 412 PRAED.

1884 882 2349 957 PSALMUS
2409 884 2642 955 CVII.

933 1227 1130 1297 Dicit
1163 1251 1290 1299 cor
1316 1252 1519 1298 suum
1551 1227 1649 1297 ad
1676 1229 1815 1297 Dei
1853 1227 2120 1296 cultum
2147 1238 2527 1320 paratum,
2573 1236 2639 1296 et
2670 1224 2826 1295 ideo
2865 1224 3243 1295 victoriam
3271 1238 3541 1319 sperae.

711 1600 765 1645 ι.
819 1573 1200 1645 Canticum
1238 1579 1536 1660 Psalmi,
1574 1581 1715 1673 ipsi
1753 1580 2009 1651 David.

1113 1685 1407 1778 (Supra,
1453 1711 1591 1768 ινι,
1636 1691 1736 1778 8.)

704 1814 770 1861 2.
824 1792 1164 1862 Paratum
1214 1815 1339 1864 cor
1385 1818 1661 1875 meum,
1719 1797 1940 1878 Deus,
1992 1818 2204 1888 para-

1635 1924 1654 1973 :
1731 1902 2062 1984 cantabo,
2132 1922 2200 1973 et

920 1918 1075 1970 tum
1126 1922 1251 1970 cor
1305 1924 1554 1972 meum

919 2009 1217 2100 psallam
1244 2009 1315 2079 in
1348 2012 1576 2104 gloria
1615 2034 1804 2083 mea.

701 2120 765 2189 3.
823 2119 1170 2211 Exsurge,
1239 2119 1463 2212 gloria
1536 2143 1699 2192 mea

916 2359 1080 2430 gam
1121 2338 1471 2411 diluculo.

695 2468 762 2531 4.
818 2443 1239 2515 Confitebor
1286 2446 1416 2515 tibi
1460 2446 1533 2516 in
1575 2448 1894 2540 populis,
1953 2448 2199 2518 Domi·

914 2575 1028 2636 ne,
1071 2571 1139 2622 et
1197 2553 1501 2645 psallam
1549 2554 1683 2625 tibi
1744 2556 1817 2624 in
1880 2555 2197 2626 nationi-

910 2657 1046 2728 bus
1089 2680 1106 2729 ε

696 2772 760 2838 5.
813 2766 1003 2856 Quia
1043 2788 1304 2859 magna
1336 2784 1443 2837 est
1483 2790 1703 2861 super
1728 2770 1954 2838 coelos
1984 2768 2198 2838 mise-

909 2872 1215 2943 ricordia
1246 2891 1396 2954 tua,
1445 2892 1515 2944 et
1565 2896 1797 2967 usque
1829 2875 1920 2944 ad
1964 2875 2193 2944 nubes

906 2979 1167 3051 veritas
1206 2996 1355 3051 tua.

687 3088 758 3157 6.
806 3087 1135 3157 Exaltare
1210 3111 1431 3181 super
1500 3090 1756 3172 coelos,
1832 3090 2054 3174 Deus,
2122 3109 2193 3161 et

910 3217 1126 3289 super
1154 3217 1448 3267 omnem
1483 3216 1747 3268 terram
1770 3197 1999 3290 gloria
2025 3216 2187 3269 tua:

693 3328 757 3396 7.
816 3304 914 3376 Ut
948 3302 1346 3375 liberentur
1372 3304 1617 3375 dilecti
1658 3304 1795 3390 tui,

821 3410 1118 3482 Salvum
1157 3409 1267 3480 fac
1315 3412 1605 3484 dextera
1645 3431 1797 3498 tua,
1854 3431 1924 3484 et
1972 3436 2194 3484 exau-

906 3516 981 3588 di
1011 3539 1153 3588 me.

684 3628 755 3696 8.
810 3626 1002 3695 Deus
1050 3625 1335 3695 locutus
1382 3643 1491 3698 est
1545 3625 1618 3697 in
1688 3647 1940 3699 sancto
1989 3650 2126 3698 suo
2167 3652 2182 3697 :

820 3730 1243 3811 Exsultabo,
1268 3750 1334 3802 et
1368 3731 1693 3805 dividam
1725 3731 2129 3806 Sichimam
2165 3759 2181 3803 ε

993 4230 1083 4298 ΙΝ
1133 4231 1432 4301 PSALM
1445 4235 1567 4304 UM
1632 4236 1815 4307 cvl!

1138 4465 1669 4518 consummatus.

732 4779 765 4820 α
792 4755 1144 4823 Canticum
1201 4758 1498 4840 Psalmi,
1550 4761 1689 4853 ipsi
1725 4759 2083 4831 David¹m

731 5098 764 5139 α
804 5075 1151 5141 Paratum
1270 5098 1389 5143 cor
1458 5099 1713 5148 meum.
1789 5103 1823 5142 s
1905 5078 2033 5147 llic
2085 5089 2187 5148 est

637 5179 950 5249 l‘salmus
987 5181 1399 5250 centesimus
1436 5184 1770 5276 septimus
1802 5184 1871 5252 in
1909 5193 2057 5255 tolo
2100 5186 2187 5254 li-

705 5432 722 5469 ⁸
748 5428 825 5486 Ce
856 5444 1125 5504 mantne,
1153 5427 1244 5485 dit
1271 5432 1344 5490 M.
1378 5430 1572 5490 l'abbe
1595 5432 1858 5503 Lesetre,
1887 5441 1982 5492 est
2027 5451 2188 5492 com-

631 5520 776 5596 pose
834 5517 908 5575 de
966 5517 1122 5576 deux
1167 5517 1499 5592 fragments
1536 5524 1891 5595 emm-untes
1940 5523 1978 5580 ὲ
2029 5523 2185 5581 deux

625 5613 835 5671 chauts
877 5610 953 5669 de
983 5608 1184 5680 David,
1216 5610 1351 5681 LVI,
1381 5614 1536 5682 842,
1569 5619 1630 5669 et
1660 5613 1802 5680 ux.
1839 5615 1998 5671 Ἰ-Μ.
2031 5617 2118 5673 On
2148 5631 2184 5673 a

624 5697 934 5762 retr-mehe
965 5696 1053 5755 les
1078 5695 1370 5771 premier-s
1393 5705 1618 5757 vei-sets
1648 5699 1729 5756 du
1800 5716 2051 5773 psaume
2108 5703 2179 5762 X,

1777 2143 1794 2192 ε
1869 2144 2195 2216 exsurge,

917 2228 1337 2320 psalterium
1420 2250 1491 2301 et
1557 2232 1833 2302 cithara
1888 2256 1904 2305 ε
1950 2256 2197 2303 exsur-

2586 1598 2656 1649 et
2739 1582 3136 1650 convallem
3222 1578 3849 1650 tabernaculorum

2580 1689 2942 1761 dimetiar.

2357 1822 2426 1890 9.
2478 1799 2690 1866 Meus
2731 1816 2838 1868 est
2868 1798 3163 1880 Galaad,
3199 1818 3267 1868 et
3307 1821 3511 1868 meus
3551 1820 3658 1869 est
3697 1802 3852 1869 Ma-

2582 1927 2831 1974 nasses
2883 1928 2899 1972 :
2957 1924 3025 1975 et
3078 1905 3427 1996 Ephraim
3482 1908 3847 1997 susceptio

2578 2012 2835 2104 capitis
2865 2012 3031 2082 mei.

2483 2121 2674 2191 Juda
2717 2142 2835 2191 rex
2864 2143 3094 2191 meus.

2321 2254 2426 2300 10.
2480 2228 2702 2298 Moab
2735 2229 2927 2298 lebes
2966 2227 3117 2320 spei
3155 2250 3357 2298 meae:

2491 2337 2573 2405 In
2596 2336 2995 2406 Idumaeam
3017 2338 3392 2407 extendam
3412 2338 3845 2406 calceamen-

2574 2461 2735 2514 tum
2792 2466 3038 2514 meum
3098 2465 3115 2514 :
3175 2443 3355 2513 mihi
3421 2443 3852 2536 alienigenae

2576 2549 2791 2620 amici
2815 2549 2980 2619 sacti
3014 2569 3207 2619 sunt.

2316 2682 2422 2728 ιι.
2475 2656 2667 2747 Quis
2761 2656 3067 2727 deducet
3130 2678 3248 2726 me
3326 2656 3395 2725 in
3484 2656 3845 2726 civitatem

2571 2763 2977 2834 munitam?
3014 2763 3179 2856 quis
3216 2763 3524 2832 deducet
3565 2784 3681 2832 me
3723 2785 3855 2833 us-

2573 2892 2715 2963 que
2747 2870 2820 2940 in
2855 2871 3306 2941 ldumaeam?

2314 3001 2419 3049 ια.
2477 2980 2742 3049 Nonne
2770 2994 2877 3058 tu,
2915 2978 3134 3061 Deus,
3159 2978 3283 3070 qui
3318 2977 3642 3069 repulisti
3666 2979 3838 3047 nos?

2572 3104 2642 3156 et
2691 3108 2837 3156 non
2876 3085 3128 3168 exibis,
3175 3088 3395 3172 Deus,
3439 3085 3510 3156 in
3554 3086 3841 3157 virtuti-

2573 3194 2712 3264 bus
2743 3193 3048 3263 nostris?

2313 3306 2419 3374 13.
2481 3305 2584 3373 Da
2618 3300 3206 3373 nobisauxilium
3237 3301 3325 3371 de
3347 3301 3838 3390 tribulatione,

2572 3413 2746 3505 quia
2790 3434 2966 3482 vana
2999 3413 3194 3483 salus
3227 3412 3571 3483 hominis.

2314 3544 2421 3611 ¹4·
2468 3525 2552 3593 ln
2591 3522 2744 3592 Deo
2775 3521 3120 3594 faciemus
3156 3520 3546 3592 virtutem:
3580 3538 3651 3591 et
3693 3522 3844 3614 ipse

2572 3629 2661 3699 ad
2743 3628 3054 3700 nihilum
3131 3627 3433 3699 deducet
3511 3627 3843 3698 inimicos

2571 3754 2887 3807 nostros.

2290 4113 2440 4194 hro,
2498 4113 2569 4180 in
2642 4111 2840 4182 tertia
2894 4135 3058 4182 vero
3125 4122 3310 4204 parte
3356 4114 3711 4204 septimus.
3756 4114 3831 4182 ln

2292 4218 2828 4310 praecedentibus
2881 4218 3066 4287 enim
3107 4218 3400 4287 Psalmis
3451 4219 3715 4287 monuit
3753 4217 3837 4285 ml

2289 4326 2562 4395 laudern
2601 4325 2727 4395 Dei
2765 4347 2890 4417 pro
2932 4323 3277 4396 beneficiis
3333 4323 3651 4393 exhibitis
3699 4348 3841 4416 po-

2293 4434 2455 4526 pulo
2495 4434 2809 4523 antiquo,
2876 4429 3130 4501 scilieet
3186 4429 3661 4512 Hebraeorum,
3730 4429 3840 4497 liic

2294 4548 2528 4610 monet
2566 4538 2868 4610 secundo
2940 4538 3027 4609 sd
3091 4538 3387 4619 laudem,
3455 4537 3562 4608 vel
3621 4539 3841 4630 magis

2292 4648 2632 4742 promittit
2685 4670 2759 4717 so
2827 4645 3259 4716 laudaturum
3322 4670 3447 4740 pro
3497 4646 3843 4716 beneficiis

2294 4756 2617 4828 exhibitis
2661 4756 2920 4850 populo
2975 4778 3185 4835 novo,
3218 4756 3474 4854 scilieet
3512 4754 3843 4824 Christia-

2296 4891 2412 4949 no,
2454 4865 2563 4935 vel
2614 4867 2684 4934 in
2733 4887 2861 4934 suo
2906 4864 3150 4958 eapite,
3211 4864 3319 4934 vel
3354 4865 3421 4932 in
3462 4864 3687 4954 seipso
3724 4885 3740 4930 :
3774 4870 3840 4930 el

2295 4974 2672 5045 secundum
2704 4973 2835 5043 hoc
2863 4973 3183 5043 dicuntur
3200 4971 3337 5040 duo
3368 4973 3436 5041 in
3468 4970 3595 5040 liae
3621 4979 3837 5061 parte.

2297 5082 2557 5162 Primo,
2626 5081 2993 5174 promissio
3041 5079 3259 5149 laudis
3312 5102 3436 5171 pro
3493 5077 3839 5145 beneficiis

2295 5191 2618 5262 exhibitis
2654 5191 2913 5284 populo
2945 5213 3141 5261 novoe
3174 5189 3345 5282 legis
3376 5189 3443 5256 in
3473 5210 3599 5255 suo
3625 5187 3843 5278 eapite

2294 5437 2396 5512 qui
2438 5436 2817 5511 rappelaient
2869 5436 2976 5494 des
3002 5437 3174 5510 jour-s
3213 5434 3628 5506 malbeureux,
3658 5439 3717 5490 et
3763 5450 3842 5489 on

2295 5530 2383 5587 les
2413 5545 2449 5587 a
2481 5546 2606 5587 rem
2615 5528 2815 5604 places
2844 5546 2953 5603 par
2972 5527 3231 5586 d'autres
3250 5532 3475 5586 versets
3495 5526 3573 5583 du
3591 5541 3838 5601 psaume

2294 5618 2432 5688 tw,
2462 5619 2538 5677 de
2568 5619 2837 5677 muniere
2857 5618 2893 5675 a
2920 5618 3145 5675 former
3171 5633 3253 5674 un
3270 5617 3491 5692 hymne
3514 5611 3845 5688 triumpha!

2292 5714 2349 5765 et
2381 5705 2679 5767 solennel.
2712 5708 2787 5765 Le
2818 5712 2946 5764 tout
2983 5711 3076 5766 est
3119 5706 3376 5765 attribue
3432 5705 3471 5762 a
3499 5701 3699 5772 David,
3728 5700 3840 5775 qui
