5008 6329
280 3645 602 3746 ‘’wae-
635 3646 854 3718 qu...
910 3646 928 3693 ²

281 3754 518 3806 Mento
536 3745 604 3793 ‹u-

337 3804 554 3857 habnt·

354 3864 532 3923 ραι-ιιι.

607 343 737 412 208

612 518 842 600 fldem,
886 527 952 589 et
1015 540 1281 587 morum
1317 515 1888 591 conformitatem,
1927 521 1992 581 et
2011 512 2157 580 haec

616 629 849 696 omnia
888 631 957 695 in
996 626 1289 701 Christo,
1328 630 1624 714 quatuor
1670 631 1831 690 sunt
1898 621 2156 688 Psalmi

616 737 700 804 ad
729 737 1021 803 invicem
1061 740 1578 821 consequentes,
1667 730 1903 798 Primo
1974 732 2156 797 enim

615 842 859 908 invitat
886 838 970 905 ad
998 835 1270 904 laudem
1295 845 1572 926 propter
1595 837 1920 904 unionem
1947 857 2160 902 mem-

613 948 897 1016 brorum
934 968 1054 1035 per
1082 944 1479 1014 charitatem
1511 955 1577 1014 et
1604 968 1938 1025 amorem,
1975 940 2160 1033 quod

616 1056 887 1146 respicit
916 1053 999 1121 ad
1028 1052 1369 1122 affectum.
1417 1052 1760 1135 SecundO,
1786 1075 1906 1141 per
1928 1049 2156 1135 fidem,

617 1162 800 1252 quod
839 1161 1115 1252 respicit
1155 1160 1240 1229 ad
1286 1160 1731 1238 intellectum,
1804 1157 1924 1236 ibi,
1969 1154 2153 1223 Psal-

615 1293 744 1338 cxv
796 1292 813 1337 ε
888 1269 1190 1348 Credidi,
1252 1276 1535 1358 propter
1615 1264 1826 1355 quod.
1899 1262 2154 1339 Tertio,

614 1400 739 1468 pro
778 1377 1033 1443 unione
1073 1376 1144 1441 in
1185 1372 1499 1440 exteriori
1539 1370 1748 1449 cultu,
1784 1377 1852 1436 et
1926 1389 2155 1459 opere,

616 1486 688 1554 in
719 1485 863 1564 illo,
896 1483 1017 1565 ibi,
1049 1480 1233 1547 Psal.
1284 1499 1486 1546 cxvi:
1547 1478 1865 1546 Laudate
1911 1478 2162 1545 Domi-

615 1617 812 1678 num,
916 1590 1099 1681 quod
1184 1589 1458 1678 respicit
1550 1588 1635 1656 ad
1750 1589 2161 1656 exteriorem

620 1697 959 1765 affectum.
1020 1692 1306 1773 Quarto,
1372 1715 1495 1782 pro
1535 1714 1738 1759 causa
1783 1701 1850 1760 et
1897 1692 2161 1758 ratione

626 1806 725 1873 sic
768 1802 1050 1872 uniendi
1115 1800 1447 1879 membra,
1535 1800 1792 1868 scilicet
1848 1798 2164 1890 angulari

619 1911 842 2003 lapide
899 1909 1190 1985 Christo,
1229 1909 1296 1974 in
1336 1914 1577 1997 quarto
1618 1904 1923 1982 Psalnm,
1980 1927 2157 1974 cxvn

618 2019 896 2097 scilicet,
935 2014 1391 2105 Confitemini.

701 2124 966 2194 Ti⁴ulus
1005 2131 1232 2192 autem
1263 2121 1665 2212 praepositus
1694 2120 1855 2189 huic
1886 2121 2163 2190 Psalmo

617 2233 780 2302 satis
809 2232 1158 2323 expositus
1197 2236 1321 2306 est,
1365 2226 1618 2295 scilicet
1662 2254 1693 2292 ι
1741 2228 2081 2297 Alleluia.
2127 2253 2161 2289 n

712 2446 864 2514 Duo
895 2466 1060 2537 ergo
1091 2445 1407 2516 dicuntur
1434 2442 1519 2532 ⁸in
1567 2440 1697 2508 hoc
1754 2437 2062 2520 Psalm0,
2095 2440 2166 2508 in

622 2577 759 2648 quo
808 2554 951 2645 agit
995 2554 1077 2623 de
1108 2556 1361 2623 unione
1404 2550 1866 2621 membrorum
1926 2547 2166 2616 Eccle-

624 2665 738 2731 siae
768 2662 838 2730 in
879 2661 1027 2753 ipsa
1064 2660 1414 2730 charitate.
1452 2658 1687 2726 Primo
1747 2659 1933 2724 enim
2000 2656 2162 2724 dicit

622 2790 694 2837 se
733 2766 984 2837 habere
1029 2767 1490 2847 dilectionem,
1549 2763 1832 2853 loquens
1883 2764 1954 2831 in
2013 2784 2171 2853 pcr-

624 2897 794 2944 sona
822 2874 1032 2944 totius
1073 2872 1413 2942 Ecclesiae.
1489 2870 1830 2947 Secundo,
1874 2869 2169 2958 subjun-

625 2983 726 3072 git
760 2980 1144 3050 dilectionis
1173 3002 1476 3061 causam,
1541 2977 1658 3056 ibi,
1724 3003 1758 3042 ι
1822 2978 2166 3063 Quoniam

622 3088 952 3159 eti-audiet
977 3089 1341 3166 Dominus,
1386 3113 1420 3151 ιι
1461 3086 1599 3166 vel,
1644 3112 1674 3149 ιι
1712 3083 2088 3163 exaudivit,
2132 3111 2165 3146 n

624 3197 998 3268 secundum
1028 3198 1233 3267 aliam
1273 3198 1593 3265 litteram.

716 3517 896 3588 Dicit
958 3536 1122 3608 ergo
1177 3515 1250 3583 in
1313 3535 1606 3606 persona
1671 3510 1992 3580 Ecclesiae
2067 3512 2175 3580 lo-

1005 3651 1039 3686 ·
1101 3621 1370 3707 Dileaei,
1462 3648 1495 3683 ιο
1569 3619 2007 3689 dilectionem
2086 3618 2172 3687 ud

632 3733 883 3810 Deum,
925 3738 993 3800 et
1018 3730 1412 3822 proximum
1442 3727 1675 3805 habui,
1716 3748 1860 3795 non
1914 3726 2171 3805 fictam,

631 3842 805 3912 sicut
841 3846 1075 3909 monet
1125 3836 1407 3915 Paulus,
1466 3834 1551 3904 ad
1598 3834 1893 3902 Roman.
1938 3856 2011 3913 ιι,
2078 3837 2170 3902 9:

630 3948 929 4023 Dileclio
955 3949 1102 4016 sine
1127 3944 1597 4015 simulatione.
1639 3942 1796 4011 Non
1863 3940 2180 4011 adulato-

630 4284 952 4330 morceuux
976 4266 1015 4327 δ
1042 4283 1154 4326 sou
1182 4264 1381 4325 theme
1416 4263 1590 4322 truite
1619 4278 1758 4320 avec
1787 4277 1907 4319 une
1928 4259 2181 4336 ραι-18110

631 4359 1108 4437 independanee,
1139 4357 1372 4416 chacun
1400 4371 1439 4413 a
1483 4370 1593 4411 son
1629 4351 1816 4410 debut
1853 4357 1916 4409 et
1946 4368 2010 4408 su
2033 4367 2183 4408 con·

629 4450 865 4511 clusion
888 4466 905 4522 3
933 4448 993 4508 le
1020 4446 1284 4523 premier
1302 4462 1377 4504 ne
1397 4460 1653 4520 suppose
1674 4459 1783 4517 pas
1801 4441 1861 4500 la
1878 4440 2179 4516 captivite,

628 4541 688 4601 le
708 4536 931 4599 second
957 4553 997 4612 y
1021 4536 1131 4595 isit
1151 4533 1434 4601 allusion,
1456 4532 1492 4601 5
1513 4532 1603 4589 Ac
1624 4547 1642 4600 ς
1672 4530 1762 4588 les
1782 4528 2182 4586 chaldatsmes

632 4627 897 4707 signatos
923 4627 1077 4687 dans
1122 4625 1182 4683 le
1209 4637 1459 4700 psaume
1485 4637 1564 4680 ne
1612 4626 1745 4678 sont
1797 4634 1918 4693 que
1944 4617 2097 4677 dans
2126 4618 2185 4677 la

631 4717 892 4779 seconde
948 4712 1160 4791 paruo.
1215 4713 1328 4770 Ces
1374 4710 1607 4768 raisous
1633 4723 1711 4766 ne
1757 4714 1896 4765 sont
1931 4723 2042 4782 pas
2086 4709 2185 4782 pe-

635 4806 1012 4883 remptoires,
1041 4821 1146 4863 cer
1174 4801 1218 4861 il
1260 4817 1335 4859 ne
1365 4815 1625 4872 :nanque
1662 4814 1772 4872 pas
1801 4796 1875 4853 de
1904 4812 2184 4870 psaumes

635 4902 714 4959 οὺ
750 4896 872 4956 l'on
902 4894 1193 4970 pout-tait,
1235 4891 1283 4947 si
1317 4889 1435 4948 l'on
1485 4886 1726 4951 voulait.
1781 4894 2020 4943 trouver
2045 4888 2182 4960 plu·

633 4987 829 5048 sieut-s
857 4979 1262 5046 conclusions,
1288 4983 1349 5036 et
1379 4980 1458 5035 ou
1487 4974 1785 5033 cei-taines
1815 4973 2189 5048 particulari·

637 5078 729 5134 tes
755 5091 832 5134 ne
860 5090 926 5133 se
954 5074 1344 5131 rencontnent
1384 5081 1502 5141 que
1559 5063 1712 5121 dans
1741 5078 1861 5119 une
1889 5063 2186 5137 premiere

639 5182 718 5226 ou
746 5181 870 5223 une
900 5161 1160 5222 seconde
1186 5159 1400 5236 partie.
1452 5160 1611 5214 nans
1655 5152 1748 5211 les
1791 5153 2086 5220 versions,
2130 5152 2189 5209 la

640 5253 1021 5313 numeration
1050 5249 1159 5307 des
1205 5252 1430 5305 versets
1465 5261 1530 5302 se
1568 5243 1850 5302 continue
1884 5242 1920 5298 ὁ
1965 5246 2188 5298 travers

637 5344 727 5403 les
751 5342 908 5400 deux
943 5354 1262 5414 psaumes:
1290 5336 1600 5409 beaucoup
1643 5331 1719 5391 de
1771 5331 1952 5389 peres
1993 5330 2194 5388 roient

637 5435 792 5494 dans
816 5430 878 5490 le
907 5436 1035 5489 mot
1059 5428 1275 5487 credidi
1298 5443 1380 5486 un
1400 5429 1531 5484 acte
1561 5421 1637 5481 de
1663 5421 1749 5480 soi
1775 5420 1814 5481 δ
1855 5437 1925 5479 ce
1954 5437 2072 5495 que
2102 5419 2194 5478 dit

629 5524 696 5583 ·1e
725 5523 781 5592 5.
813 5523 870 5590 ⁹,
903 5526 965 5578 et
989 5517 1054 5576 la
1081 5515 1323 5592 plupart
1360 5513 1468 5571 des
1496 5510 1819 5571 modernos
1859 5507 2196 5568 admettent

641 5609 848 5669 l'unite
880 5606 1021 5665 telle
1069 5619 1189 5678 que
1236 5602 1295 5659 le
1335 5615 1595 5675 suppose
1646 5597 1703 5655 le
1736 5603 1898 5655 texte
1944 5597 2188 5655 hebreu.

637 5705 799 5763 Nous
835 5714 1102 5777 pouvons
1128 5694 1285 5755 donc
1322 5693 1515 5752 suivre
1544 5689 1677 5749 leur
1702 5690 1850 5748 avis.

1602 342 1688 409 D.
1738 340 1941 420 ALB.
1994 337 2212 406 MAG.
2265 337 2470 405 ORD.
2524 336 2818 404 PRAED.

2262 512 2456 596 riam,
2487 510 2647 601 quia
2675 507 2972 574 Joannes
3003 503 3189 581 dicit,
3224 503 3295 567 in
3325 499 3354 565 Ι
3394 500 3656 567 Canon.
3706 521 3802 574 ιιι,

2268 623 2348 688 18
2386 645 2400 689 :
2441 619 2689 688 Filioli
2745 617 2899 695 mei,
2940 635 3077 681 non
3128 610 3514 700 diliqamtes
3577 606 3801 688 verbo,

2264 754 2474 820 neque
2532 730 2800 819 linqua,
2881 723 3007 791 sed
3078 742 3277 812 opere
3359 726 3424 783 et
3498 714 3803 781 veritate.

2265 839 2419 906 Non
2471 859 2744 914 vanam,
2808 856 2942 924 qua
2970 830 3350 920 diliguntur
3396 845 3600 906 vana,
3645 823 3809 910 quia

2265 943 2483 1010 David
2523 942 2704 1017 dicit,
2778 936 2955 1004 Psal.
3027 958 3123 1012 IV,
3195 934 3285 1000 3:
3350 930 3527 996 Filii
3576 925 3806 994 homi-

2263 1073 2454 1129 num,
2490 1046 2766 1137 utquid
2798 1042 3098 1132 diliqitis
3134 1039 3510 1106 vanitatem
3546 1034 3586 1101 Ρ
3623 1034 3809 1100 Νοιι-

2265 1177 2641 1246 numquam
2690 1155 2871 1221 enim
2936 1148 3317 1238 diliguntur
3381 1150 3681 1234 peccata,
3741 1147 3809 1208 ct

2266 1264 2590 1333 occiditur
2619 1262 2846 1329 anima
2880 1280 2895 1327 t
2951 1257 3034 1324 de
3066 1277 3232 1346 quo,
3262 1254 3335 1319 in
3363 1249 3549 1319 Psal.
3609 1273 3678 1330 x,
3710 1250 3749 1315 6
3784 1268 3801 1314 t
3876 1326 3883 1333 ,

2270 1372 2408 1456 Qui
2448 1370 2685 1460 diliqit
2760 1365 3223 1456 iniquitatem,
3291 1359 3438 1427 odit
3495 1357 3806 1424 animam

2265 1502 2484 1549 suam.
2546 1477 2681 1545 Sed
2747 1494 3101 1564 magnam,
3188 1468 3362 1534 imo‘
3399 1464 3801 1544 maximam,

2268 1586 2507 1655 Matth.
2575 1605 2768 1660 xxm,
2804 1581 2885 1647 37
2949 1601 2963 1645 :
3028 1578 3173 1644 Hoc
3211 1583 3307 1641 est
3356 1572 3668 1663 primum
3745 1577 3811 1634 et

2268 1695 2653 1763 mazimum
2725 1685 3134 1756 mandatum
3167 1704 3190 1748 .·
3239 1679 3514 1770 Diliqes
3574 1676 3815 1746 Domi-

2267 1826 2433 1870 num
2508 1804 2728 1869 Deum
2802 1807 2999 1863 tuum
3057 1815 3144 1860 ea:
3200 1800 3339 1858 toto
3396 1786 3595 1855 corde
3660 1795 3800 1852 tuo.

2269 1912 2695 1986 Ferventem,
2736 1902 2822 1971 ad
2862 1902 3152 1969 Roman.
3188 1919 3308 1973 xn,
3358 1898 3432 1961 11
3484 1915 3499 1960 :
3580 1893 3810 1983 Spiri-

2271 2030 2347 2087 tu
2375 2020 2707 2108 ferventes
2737 2036 2759 2080 .·
2810 2008 3109 2080 Domino
3146 2005 3531 2074 servientes.
3566 1998 3808 2068 Ezech.

2270 2150 2318 2204 1,
2368 2126 2443 2192 12
2489 2146 2504 2192 :
2556 2120 2685 2190 Ubi
2710 2127 2858 2187 erat
2894 2118 3187 2207 impetus
3249 2111 3564 2202 spiritus,
3638 2106 3813 2175 illuc

2265 2229 2762 2324 qradiebantur
2817 2245 2971 2293 cum
3002 2219 3463 2289 ambularent.
3517 2215 3814 2282 Anxiam

2271 2348 2340 2410 ct
2375 2345 2752 2428 urgentem,
2797 2332 2855 2398 ll
2888 2330 2974 2398 ad
3010 2324 3320 2397 Corinth.
3352 2348 3422 2402 v,
3471 2324 3551 2389 14
3585 2344 3601 2391 ε
3641 2321 3818 2391 Clea-

2272 2451 2443 2517 rilas
2482 2443 2734 2516 Christi
2774 2449 2966 2531 urqet
3025 2460 3172 2506 nos.
3228 2434 3662 2522 Languorem
3704 2432 3817 2496 in-

2272 2556 2652 2629 ducentem,
2715 2548 2971 2616 Cantic.
3013 2570 3084 2628 v,
3128 2545 3168 2612 8
3226 2565 3241 2609 :
3337 2539 3614 2629 Adjuro
3674 2559 3810 2613 ros,

2269 2665 2439 2754 filia?
2487 2659 2898 2736 Jerusalem,
2938 2656 3000 2723 si
3048 2651 3442 2721 inveneritis
3481 2646 3811 2715 dilectum

2273 2791 2524 2847 meum,
2559 2777 2635 2835 ut
2662 2763 2988 2834 nuntietis
3041 2760 3104 2826 ei
3158 2758 3326 2849 quia
3380 2776 3614 2822 amore
3654 2750 3813 2816 lan-

2271 2902 2469 2972 queo.
2556 2876 2728 2958 lino,
2797 2870 3244 2946 occidentem,
3316 2864 3575 2932 Cantic.
3666 2882 3811 2941 vin,

2274 2988 2316 3053 ti
2360 3007 2377 3053 :
2432 2984 2660 3052 Fortis
2684 2989 2782 3048 est
2819 2989 2898 3047 ut
2934 2997 3119 3045 mors
3155 2970 3458 3041 dilectio.
3516 2969 3820 3035 Bernar-

2275 3092 2451 3161 dus:
2523 3117 2553 3154 ιι
2591 3085 2916 3156 Min-abilis
2983 3104 3200 3161 amor,
3256 3078 3419 3173 quia
3490 3098 3628 3143 non
3693 3095 3818 3139 ex-

2281 3232 2313 3265 «
2381 3200 2566 3279 cidit,
2648 3196 2766 3267 sed
2839 3193 3108 3264 occidit.
3177 3218 3210 3253 a·
3300 3186 3813 3261 vivificantem,

2276 3310 2534 3379 IJoan.
2582 3331 2678 3386 ιιι,
2738 3306 2869 3374 14:
2917 3302 3053 3388 Qui
3108 3322 3244 3368 non
3275 3297 3540 3387 diliqil,
3584 3299 3817 3360 manet

2279 3423 2351 3488 in
2381 3427 2615 3486 morte.
2664 3415 2840 3505 Ergo
2872 3412 2988 3503 qui
3028 3409 3276 3499 diligit,
3312 3407 3381 3474 in
3428 3405 3595 3472 vita.
3643 3400 3821 3466 Om-

2279 3526 2704 3596 niabreviter
2750 3517 3262 3610 adimplentem,
3347 3511 3451 3581 Ad
3510 3510 3807 3577 Roman.

2280 3657 2426 3714 xm,
2475 3637 2553 3701 10
2605 3653 2621 3699 :
2669 3625 3042 3701 Plenitudo
3110 3623 3283 3713 leqis
3344 3630 3443 3689 est
3509 3615 3811 3685 dilectio.

2374 3873 2408 3912 ι
2453 3845 2793 3932 Quoniam
2837 3838 3162 3909 exaudiet
3199 3833 3563 3904 Dominus.
3605 3856 3637 3896 ιι
3700 3827 3826 3896 llic

2281 3952 2681 4033 secundum,
2750 3948 2921 4017 ratio
2981 3952 3049 4013 et
3098 3942 3436 4011 motivum
3493 3937 3579 4005 ad
3648 3933 3823 4003 dile-

2357 4274 2435 4329 ιιι
2463 4268 2744 4327 tradition
2758 4265 2945 4339 juive,
2977 4276 3119 4319 sans
3148 4257 3351 4315 raison
3382 4254 3522 4311 bien
3539 4253 3826 4321 sericum,

2284 4359 2591 4420 attribuait
2619 4357 2673 4413 le
2703 4368 2954 4428 psaume
2977 4350 3017 4408 ὸ
3055 4347 3332 4421 l’epoque
3361 4340 3740 4406 d'Ezecliias;
3772 4339 3829 4395 la

2285 4450 2533 4508 couleur
2585 4450 2925 4515 aramaique
2976 4437 3051 4495 de
3104 4434 3398 4510 quelques
3445 4429 3829 4504 expressions

2287 4545 2454 4615 porte
2484 4536 2677 4611 plutot
2701 4533 2740 4591 ὲ
2777 4530 2969 4588 eroice
2998 4525 3144 4601 qu’il
3193 4528 3287 4580 est
3344 4520 3683 4595 posterieur
3709 4517 3745 4574 a
3772 4515 3831 4572 la

2288 4626 2584 4702 captivite.

2363 4740 2393 4769 ιι
2432 4717 2534 4771 Est
2565 4714 2676 4769 iste
2693 4708 2959 4784 psalmus
2983 4701 3252 4762 fidelium
3271 4696 3603 4757 consolatio
3623 4701 3835 4751 contra

2293 4830 2314 4856 ι
2337 4804 2574 4861 dolores
2603 4797 2827 4857 smculi.
2860 4821 2884 4850 ι
2942 4789 3211 4852 Cassiod.
3262 4787 3520 4860 L’Eglise
3568 4802 3602 4840 a
3635 4783 3832 4840 insere

2292 4896 2348 4952 lc·
2377 4893 2558 4950 Dilata·
2586 4890 2735 4947 dans
2758 4887 2846 4943 les
2873 4884 3091 4956 vepres
3119 4877 3228 4936 des
3256 4883 3466 4941 morts,
3497 4875 3531 4930 a
3559 4889 3738 4929 cause
3753 4871 3834 4926 du

2293 4986 2346 5053 j.
2388 4987 2443 5038 9.
2472 4980 2559 5039 Ct'.
2607 4975 2856 5036 constit.
2901 4975 3104 5045 Apost.
3158 4985 3233 5037 vi,
3266 4969 3357 5033 30,
3379 4966 3438 5021 S.
3492 4964 3541 5019 J.
3600 4961 3835 5032 Clu-ys..

2293 5075 2461 5130 Rom.
2493 5088 2545 5127 iv
2574 5070 2635 5126 in
2664 5065 2838 5125 nehr.
2871 5079 2944 5131 ⁸13
2994 5063 3056 5118 et
3085 5060 3143 5117 le
3172 5057 3398 5115 Credidi
3426 5054 3577 5110 dans
3607 5049 3833 5107 romae

2292 5164 2372 5221 du
2400 5162 2567 5220 Saint
2593 5159 2956 5226 saci-emeat,
2980 5153 3016 5211 a
3044 5166 3224 5211 cause
3245 5148 3351 5205 des
3380 5146 3474 5214 11.
3501 5146 3586 5210 12,
3626 5141 3714 5205 13,
3748 5141 3836 5207 11,

2294 5259 2410 5311 etc.

3261 5399 3332 5455 11.
3362 5396 3625 5455 Lanu.

2370 5591 2394 5628 ²
2421 5590 2504 5647 ct.
2536 5589 2668 5645 Luc.
2696 5602 2786 5655 xv,
2816 5585 2849 5639 4
2873 5587 2932 5636 et
2959 5595 3085 5651 seq.

2372 5683 2396 5717 ⁸
2427 5676 2572 5737 lbid.
2613 5693 2704 5746 xv,
2740 5678 2798 5730 11
2834 5678 3047 5743 etseq.
3208 5674 3211 5675 ’
