5008 6329
1959 334 2672 404 COMMENTARIUS
2721 334 2816 401 IN
2863 332 3299 402 PSALMUM
3349 331 3657 402 CXVIII.

1291 529 1323 562 «
1366 503 1546 585 Quia
1605 505 1966 572 mandata.
2010 533 2040 570 n
2107 508 2281 576 Ecce
2339 506 2738 574 secundum.

1200 608 1408 687 Quasi
1451 610 1739 679 diceret:
1779 612 2002 705 Super
2032 639 2227 683 senes
2269 614 2598 692 intellexi,
2634 611 2749 700 qui

1200 718 1369 785 tales
1401 718 1712 788 suerunt:
1774 734 1839 791 et
1888 724 2021 792 hoc
2085 725 2236 805 fuit,
2290 751 2323 785 «
2358 722 2523 811 quia
2564 742 2750 784 man·

1202 826 1371 893 data
1409 837 1557 908 tua,
1595 857 1628 892 »
1664 853 1803 898 non
1852 831 2242 907 hominum,
2282 854 2314 894 <a
2359 829 2667 917 quaesivi,
2714 854 2746 888 υ

1200 941 1278 1000 ut
1304 934 1592 1004 facerem
1635 937 1773 1022 illa,
1811 961 1965 1004 cum
1999 937 2094 1003 illi
2143 936 2444 1002 facerent
2474 941 2751 1002 contra-

1201 1040 1404 1108 rium.
1446 1043 1699 1112 Jerem.
1733 1066 1804 1122 v,
1847 1045 1930 1110 5:
1974 1044 2149 1109 Ecce
2175 1043 2402 1132 maqis
2429 1044 2506 1108 lei
2540 1042 2754 1109 simul

1198 1151 1681 1240 confreqerunt
1707 1149 2001 1238 juyum,
2052 1160 2391 1240 ruperunt
2439 1146 2741 1215 vincula.

1198 1255 1308 1337 Et,
1354 1257 1629 1333 ibidem,
1663 1280 1732 1340 v,
1777 1258 1862 1322 28
1901 1280 1915 1323 :
1979 1258 2471 1324 Proeterierzmt
2497 1279 2748 1324 sermo-

1198 1387 1314 1431 nes
1343 1386 1524 1432 meos
1573 1365 1885 1454 pessime.
1938 1364 2069 1433 Isa.
2131 1388 2324 1445 xx1v,
2375 1368 2457 1434 5:
2498 1367 2751 1433 Trans-

1194 1473 1412 1562 qressi
1437 1481 1600 1539 sunt
1640 1470 1817 1560 leqes
1847 1497 2058 1553 meaS,
2110 1481 2556 1542 mutaverunt
2589 1472 2742 1560 jus,

1196 1584 1701 1676 dissipaverunt
1725 1585 1958 1673 foedus
1983 1587 2500 1676 sempiternum.

1287 1892 1432 1960 «Ab
1449 1893 1639 1960 omni
1658 1895 1771 1962 via
1790 1894 2007 1963 mala.
2032 1919 2066 1961 »
2093 1895 2221 1964 llic
2240 1895 2615 1965 secundum
2640 1905 2750 1963 to-

1195 2004 1329 2070 tius
1360 2005 1719 2082 octonarii,
1754 2007 2102 2097 perceptio
2144 2007 2394 2075 divinoe
2422 2006 2748 2074 bonitatis

1191 2134 1313 2202 per
1342 2110 1562 2202 legem
1593 2135 1789 2181 suam
1842 2114 1913 2179 in
1964 2113 2231 2182 ellectu.
2270 2114 2354 2181 Et
2385 2115 2634 2204 primo,
2676 2114 2747 2179 in

1192 2222 1596 2292 declinando
1638 2248 1678 2292 a
1719 2225 1930 2306 male,
1973 2234 2038 2293 et
2068 2228 2444 2294 cessatione
2475 2225 2559 2291 al»
2600 2224 2740 2292 illu.

1195 2333 1538 2413 Secundo,
1565 2337 1634 2403 in
1652 2336 2001 2426 operando
2032 2335 2323 2418 honum,
2347 2336 2463 2418 ibi,
2488 2345 2551 2413 ὲ.
2584 2339 2736 2403 102:

1195 2465 1228 2505 ι
1262 2443 1318 2509 Α
1340 2441 1665 2532 judiciis,
1698 2470 1727 2505 υ

1281 2545 1359 2615 In
1399 2548 1619 2639 prima
1649 2549 1809 2619 duo.
1856 2550 2120 2631 Primo,
2156 2551 2483 2621 cohibitio
2514 2552 2645 2631 sui,
2677 2559 2743 2618 et

1189 2662 1476 2728 cessatio
1516 2685 1556 2730 a
1602 2663 1809 2730 male.
1848 2664 2193 2744 Secundo,
2250 2666 2422 2733 ratio
2469 2673 2535 2732 et
2591 2664 2744 2731 finis

1187 2795 1258 2840 se
1281 2772 1669 2852 cohibendi,
1715 2775 1834 2856 ihi,
1873 2800 1907 2841 α
1956 2778 2046 2845 Ue
2072 2776 2480 2847 custodiam.
2529 2804 2561 2842 »

1281 2881 1458 2951 Dicit
1487 2906 1650 2975 ergo
1677 2907 1693 2952 ε
1730 2884 1845 2953 Sic
1865 2885 2118 2976 prol'eci
2141 2910 2263 2977 per
2283 2886 2504 2976 legem
2530 2894 2739 2964 tuam,

1192 2992 1511 3072 Domine,
1592 3004 1929 3086 quantum
2007 2996 2094 3064 ad
2152 2983 2601 3078 intellectum,
2670 3003 2743 3062 ut

1192 3104 1439 3173 scirem
1471 3104 1635 3196 quid
1676 3106 2087 3192 cavendum,
2130 3106 2293 3198 quid
2331 3106 2741 3176 credendum

1188 3221 1257 3281 ct
1289 3214 1456 3305 quid
1494 3215 1838 3306 agendum
1872 3239 1888 3283 :
1924 3226 1992 3286 et
2039 3217 2136 3284 sic
2186 3245 2221 3280 ι(
2249 3215 2581 3307 prohibui
2615 3240 2743 3308 pe-

1195 3319 1313 3389 dcs
1368 3345 1577 3402 meos,
1652 3352 1685 3385 n
1746 3323 2143 3392 affectiones
2208 3324 2459 3393 scilicet
2528 3348 2739 3403 meaS,

1191 3456 1223 3488 «
1262 3428 1348 3496 ab
1380 3432 1572 3499 omni
1608 3433 1722 3498 via
1755 3431 1978 3511 mala,
2015 3457 2050 3498 »
2119 3432 2582 3510 inimicorum,
2619 3433 2747 3500 do-

1191 3545 1455 3606 ctorum
1491 3562 1997 3630 perversorum,
2037 3548 2101 3608 et
2134 3539 2474 3609 malorum
2506 3564 2747 3608 servo-

1191 3666 1372 3729 rum,
1406 3644 1736 3715 I‘roverb.
1771 3669 1817 3723 ι,
1861 3648 1984 3716 15:
2018 3647 2168 3715 Fili
2214 3648 2337 3729 mi,
2384 3671 2468 3714 nc
2495 3646 2747 3713 ambu-

1194 3752 1291 3821 les
1319 3776 1474 3821 cum
1503 3755 1623 3823 eis,
1657 3753 1763 3822 Ab
1796 3757 1989 3822 omni
2019 3756 2225 3824 etiam
2265 3758 2747 3846 concupiscen-

1193 3860 1314 3942 tia,
1353 3868 1431 3929 ut
1495 3884 1636 3930 non
1693 3886 2017 3955 sequerer
2053 3864 2271 3947 illam,
2306 3862 2514 3933 liccli.
2550 3887 2739 3939 xvnn,

1192 3968 1315 4039 30:
1351 3973 1519 4039 Post
1556 3973 2140 4066 concupiscentias
2170 3982 2327 4041 tuas
2347 3996 2482 4040 mm
2513 3995 2651 4052 cas,
2684 3981 2748 4039 et

1190 4101 1233 4145 a
1262 4079 1621 4149 voluntate
1660 4090 1784 4148 tua
1824 4090 2149 4162 avertere,
2191 4089 2321 4148 etc.

1277 4185 1399 4254 Est
1437 4186 1621 4255 enim
1651 4186 1901 4279 triplex
1937 4188 2052 4256 via
2094 4186 2278 4256 mala
2308 4211 2346 4255 a
2377 4210 2511 4279 qua
2544 4186 2747 4278 pedes

1185 4295 1596 4390 prohibendi
1627 4307 1811 4384 sunt,
1865 4297 1947 4368 de
1987 4322 2148 4392 qua,
2184 4297 2208 4364 1
2249 4299 2452 4368 Joan.
2488 4320 2562 4375 ιι,
2612 4300 2690 4364 16
2726 4319 2742 4364 :

1189 4408 1407 4478 Omne
1433 4408 1628 4502 quod
1643 4418 1741 4478 cst
1779 4411 1852 4478 in
1882 4410 2170 4494 maredo,
2201 4412 2747 4504 concupiscentia

1184 4521 1414 4587 carnis
1440 4528 1565 4599 est,
1609 4542 1760 4611 quae
1791 4526 1894 4587 est
1921 4521 2036 4587 via
2058 4519 2415 4589 immunda
2445 4528 2513 4587 et
2544 4518 2744 4586 lubri-

1183 4650 1369 4697 cosa.
1418 4627 1670 4699 Thren.
1712 4651 1808 4711 w,
1856 4631 1939 4697 18
1979 4652 1997 4697 :
2047 4629 2598 4699 Lubricavcrunt
2646 4653 2748 4697 rc-

1180 4735 1397 4827 stiqia
1416 4743 1651 4804 nostra
1674 4737 1744 4803 in
1776 4736 2020 4804 itinere
2040 4736 2441 4828 platearum
2472 4748 2744 4806 nostra-

1179 4864 1364 4911 rum.
1432 4845 1529 4912 Et
1565 4844 2112 4935 concupiscentia
2148 4843 2542 4926 oculorum,
2589 4867 2741 4936 qua-

1183 4958 1289 5020 est
1332 4948 1534 5020 valde
1589 4950 1982 5032 tenebrosa,
2043 4951 2377 5022 Proverb.
2447 4976 2543 5033 ιν,
2611 4955 2688 5020 19
2725 4973 2741 5019 :

1197 5059 1321 5127 Via
1361 5060 1760 5151 impiorum,
1802 5081 2169 5129 avarorum
2208 5059 2463 5128 scilicet
2500 5059 2749 5128 crude-

1183 5166 1384 5245 lium,
1430 5164 1807 5235 tenebrosa.
1853 5168 1952 5234 Et
1985 5167 2311 5259 superbia
2360 5168 2539 5243 vitae,
2592 5190 2745 5259 quae

1183 5283 1288 5345 est
1310 5276 1429 5344 via
1455 5273 1865 5367 periculosa,
1908 5276 2071 5366 quia
2103 5276 2485 5345 latronibus
2514 5275 2739 5367 plena.

1187 5380 1447 5450 Omnes
1484 5383 1667 5451 enim
1700 5378 2003 5473 superbi,
2038 5391 2106 5450 et
2154 5382 2592 5453 ostendentes
2621 5404 2745 5450 sua

1184 5486 1394 5571 bona,
1428 5513 1470 5557 a
1523 5486 1926 5567 latronibus,
1990 5487 2423 5558 damonibus
2487 5489 2745 5559 scilicet

1188 5596 1597 5689 spoliantur,
1628 5603 1708 5664 ut
1749 5597 1968 5689 possit
2020 5596 2242 5666 dicere
2282 5597 2617 5690 superbus
2655 5596 2745 5664 il-

1187 5702 1307 5774 lud
1342 5702 1503 5786 Job,
1535 5726 1681 5792 xxx,
1721 5706 1845 5772 ¹2:
1897 5705 2138 5775 Simul
2165 5715 2491 5785 venierunt
2530 5706 2739 5773 Iatro-

4280 327 4407 397 297

2860 525 2974 570 nes
3021 504 3199 591 ejuS,
3258 514 3321 570 et
3392 506 3703 591 fecerunt
3760 504 3943 571 viam
4008 526 4209 570 suam
4281 525 4405 591 per

2859 635 2985 677 me.

2950 853 2982 892 α
3041 830 3128 896 Ut
3183 830 3589 896 custodiam.
3656 853 3690 893 n
3761 829 3930 895 Ecce
3998 826 4398 894 secundum.

2859 937 3066 1016 Quasi
3107 938 3359 1006 diceret
3392 960 3407 1006 ε
3439 937 3553 1005 Sic
3599 936 3914 1027 prohibui
3947 936 4152 1025 pedes
4184 956 4399 1016 meoS,

2860 1056 2925 1115 ct
2954 1048 3038 1114 ad
3058 1046 3209 1125 hoc,
3257 1075 3287 1110 «
3318 1056 3394 1113 ut
3423 1047 3805 1114 custodiam
3836 1044 4170 1112 mandata
4192 1053 4338 1122 tua,
4366 1067 4399 1107 u

2860 1155 3161 1223 cavendo
3222 1156 3426 1234 mala,
3487 1154 3679 1222 nullo
3728 1154 3933 1221 modo
3992 1151 4400 1220 recurrendo

2861 1263 2927 1329 in
2978 1261 3118 1341 illa,
3160 1270 3226 1329 et
3264 1260 3725 1330 recidivando.
3790 1259 3945 1327 Scio
3996 1259 4178 1326 enim
4236 1256 4402 1324 illud

2859 1369 3061 1436 Eccli.
3099 1392 3333 1448 xxxiv,
3370 1369 3455 1436 30
3484 1391 3498 1434 :
3531 1369 3668 1452 Qui
3699 1367 4096 1458 baptizatur
4133 1389 4175 1432 a
4229 1386 4404 1430 mor-

2859 1486 2999 1554 tuo,
3043 1486 3106 1544 ct
3136 1478 3384 1543 iterum
3417 1476 3644 1564 tanqit
3666 1474 3899 1556 illum,
3932 1472 4107 1563 quid
4125 1471 4404 1562 prodest

2860 1584 3117 1651 lavatio
3158 1580 3425 1650 illius?
3470 1582 3632 1649 Luc.
3688 1604 3782 1661 xt,
3825 1582 3948 1648 28:
3993 1582 4218 1662 Beati,
4280 1579 4404 1667 qui

2856 1691 3155 1757 audiunt
3183 1688 3463 1756 verbum
3494 1689 3649 1770 Dei,
3684 1685 4086 1754 declinando
4119 1707 4157 1750 a
4188 1682 4395 1762 mal0,

2856 1808 2920 1865 ct
2947 1797 3343 1864 custodiunt
3381 1795 3593 1864 illud.

2947 2145 2983 2181 «
3023 2119 3078 2185 Α
3110 2115 3411 2206 judiciis
3441 2115 3605 2184 tuis,
3635 2137 3669 2179 »
3714 2112 3840 2181 llic
3893 2109 4293 2188 secundum,
4329 2110 4396 2175 in

2855 2249 2990 2317 quo
3031 2232 3368 2294 monstrat
3407 2247 3478 2291 se
3509 2223 3796 2290 sensisse
3829 2220 3950 2288 Dei
3990 2219 4391 2294 bonitatem,

2854 2357 2975 2423 per
3004 2332 3224 2423 legem
3265 2354 3462 2400 suam
3493 2333 3564 2398 in
3603 2328 3909 2397 faciendo
3950 2326 4208 2395 bonum
4256 2349 4271 2393 :
4332 2334 4400 2392 et

2854 2441 3157 2530 tangitur
3219 2440 3442 2529 primo
3510 2436 3850 2505 bonorum
3917 2432 4396 2501 mandatorum

2853 2548 3274 2640 adimpletiO.
3316 2545 3659 2624 Secundo,
3704 2545 3874 2613 ratio
3901 2551 3967 2611 et
3992 2564 4197 2610 causa
4227 2563 4401 2630 qua-

2854 2684 2922 2726 re
2978 2656 3197 2725 voluit
3252 2653 3653 2746 adimplere,
3690 2653 3809 2732 ibi,
3871 2677 3904 2717 ι
3942 2651 4125 2735 Quia
4164 2659 4241 2715 tu
4301 2649 4402 2715 lc-

2848 2790 3027 2858 yem.
3066 2793 3100 2829 n

2944 2876 3119 2943 Dicit
3138 2895 3345 2965 ergo:
3393 2871 3509 2941 Sic
3536 2872 3742 2963 pedes
3771 2893 3810 2938 a
3838 2867 4019 2937 malo
4050 2865 4393 2958 prohibui,

2852 2994 2915 3052 et
2956 2985 3159 3052 etiam
3222 3011 3253 3045 a
3287 3004 3425 3049 non
3463 2979 3827 3053 declinari,
3865 3002 3900 3043 ιι
3964 2976 4130 3067 quin
4161 2975 4394 3042 onmia

2853 3090 3321 3184 adimplerem,
3358 3115 3391 3155 ι
3425 3114 3471 3158 a
3486 3087 3788 3180 judiciis
3844 3086 4007 3162 tuis,
4059 3081 4398 3150 mandatis

2856 3201 3206 3279 institutis,
3241 3222 3321 3268 ex
3358 3206 3541 3267 recto
3562 3196 3823 3286 judicio
3851 3193 4051 3270 datis,
4085 3200 4149 3260 et
4182 3188 4402 3258 homi·

2854 3337 3022 3381 num
3054 3313 3265 3380 vitam
3335 3307 3827 3401 regulantihus.
3897 3305 4173 3374 Denter.
4237 3325 4399 3380 xvn,

2861 3423 2939 3488 19
2970 3429 3039 3488 et
3065 3422 3189 3488 20:
3231 3422 3438 3509 Lcyet
3467 3416 3660 3484 illud
3684 3413 3999 3482 omnibus
4025 3410 4264 3480 diebus
4302 3411 4408 3477 ci-

2856 3539 2940 3596 !ae
2965 3551 3133 3608 surr,
3283 3549 3370 3594 nc
3426 3524 3720 3594 declinet
3758 3524 3827 3589 in
3861 3530 4130 3614 partem
4170 3519 4409 3585 ‹Ic-xte-

2858 3658 3007 3704 ram
3041 3634 3152 3702 rel
3174 3635 3531 3702 sinistram
3563 3655 3586 3699 .·
3617 3632 3816 3713 sicut,
3853 3629 4010 3707 Job,
4056 3650 4247 3706 xxxi,
4282 3627 4321 3692 ‘i
4380 3646 4395 3690 ε

2855 3745 2938 3813 Si
2973 3742 3349 3811 declinarit
3384 3763 3662 3834 qrcssus
3694 3761 3886 3806 nicus
3915 3736 3999 3804 dc
4036 3737 4175 3804 via.
4220 3732 4413 3801 Judi-

2856 3853 2957 3919 cia
2985 3851 3167 3919 enim
3222 3850 3345 3918 Dei
3402 3851 3516 3918 via
3556 3854 3715 3917 sunt
3767 3844 3853 3914 ad
3910 3840 4407 3913 ambulandum

2862 3957 3262 4027 rectissima.
3295 3956 3428 4024 lsa.
3464 3977 3678 4036 xxxv,
3720 3955 3801 4020 8:
3849 3953 4012 4021 llaec
4058 3949 4187 4018 crit
4228 3945 4413 4014 robis

2858 4068 2970 4133 via
3010 4065 3296 4143 directa,
3343 4065 3445 4130 ila
3503 4072 3579 4129 ut
3632 4059 3837 4128 stulti
3862 4081 3997 4126 non
4036 4066 4258 4125 errent
4288 4078 4413 4146 per

2855 4196 3031 4243 cam.
3077 4172 3366 4241 Numer.
3409 4193 3554 4251 xxi,
3588 4172 3716 4237 22:
3765 4170 3884 4235 l'ia
3914 4167 4106 4256 reqia
4132 4163 4412 4255 qrmlie-

2857 4306 3038 4361 nner,
3081 4280 3337 4350 scilicet
3377 4301 3516 4348 non
3573 4275 4071 4346 declinabimus
4108 4272 4192 4340 ad
4251 4270 4412 4337 dex-

2858 4403 3033 4460 tram
3081 4413 3205 4460 ncc
3243 4390 3331 4458 ad
3368 4389 3744 4458 sinistram.
3801 4384 3960 4477 lpsa
4004 4389 4189 4462 sunt,
4239 4381 4415 4449 sicut

2856 4499 3004 4568 vult
3035 4498 3303 4578 Glossa,
3336 4494 3572 4588 regula
3623 4494 3762 4573 illa,
3812 4493 3896 4562 de
3945 4514 4082 4584 qua
4118 4493 4415 4582 Aposto-

2856 4607 2989 4690 lus,
3021 4606 3107 4677 ad
3143 4605 3366 4676 Galat.
3426 4627 3523 4685 vt,
3579 4604 3701 4670 16:
3747 4602 4182 4691 Quicumque
4234 4598 4411 4665 lianc

2856 4716 3171 4808 requiam
3198 4714 3415 4783 secuti
3440 4712 3734 4802 suerint,
3775 4732 3928 4803 pax
3966 4731 4181 4799 super
4212 4707 4410 4788 illos,

2854 4834 2920 4894 ct
2956 4820 3452 4892 misericordia.

2949 5077 2986 5118 ι
3022 5053 3205 5139 Quia
3272 5060 3349 5117 tu
3392 5048 3634 5140 leqem.
3681 5072 3716 5115 ι
3774 5045 3948 5118 Ecce
4002 5046 4404 5116 secundum.

2858 5161 3069 5242 Quasi
3138 5159 3391 5228 diceret
3463 5178 3480 5224 τ
3549 5155 3707 5224 Non
3772 5154 4134 5235 declinavi,
4174 5161 4243 5222 et
4278 5152 4410 5224 hoc

2858 5268 3008 5347 tuit,
3048 5293 3082 5334 α
3115 5268 3285 5360 quia
3341 5273 3420 5333 tu
3480 5263 3726 5355 lcqem,
3762 5288 3795 5328 ι
3835 5261 4083 5353 (legem
4115 5261 4414 5354 appellat

2848 5373 3308 5466 judicia—ipsa)
3360 5369 3720 5464 «posuisti
3769 5368 3966 5449 milei,
4003 5393 4038 5434 »
4109 5370 4177 5438 in
4205 5370 4406 5440 corde

2855 5507 3004 5553 eam
3045 5482 3259 5575 digito
3290 5478 3674 5551 scribendo.
3715 5477 3970 5549 Jerem.
4039 5502 4229 5559 xxxi,
4264 5482 4349 5548 33
4383 5502 4400 5548 :

2855 5591 3053 5662 Dabo
3101 5592 3320 5682 lcqem
3358 5610 3584 5657 meam
3613 5588 3687 5656 in
3724 5587 4094 5658 visceribus
4138 5612 4400 5674 eorum,

2852 5714 2917 5772 ct
2945 5705 3014 5771 in
3043 5700 3363 5771 cordibus
3381 5722 3618 5769 eorum
3643 5698 4146 5791 superscribam
4165 5721 4341 5768 eam.
4362 5725 4399 5764 ι

4490 2144 4678 2210 1⁰⁰2
