5008 6329
595 374 725 442 390

593 550 760 617 sisse
800 544 1151 614 humiliter
1180 542 1263 610 de
1293 544 1540 634 seipso.
1590 543 1932 623 Secundo,
1994 545 2152 612 nul-

594 657 729 723 lam
773 652 1254 721 exaltationem
1288 651 1491 720 fuisse
1521 674 1645 743 pro
1715 674 2151 743 quocumque

593 762 719 829 Dei
750 759 1105 839 beneficiO,
1142 759 1326 850 quod
1363 770 1461 828 est
1493 783 1742 849 magna
1774 759 2148 841 humilitaS,

596 868 713 946 ibi,
752 891 783 931 α
818 867 959 934 Sed
992 868 1324 937 exaltavi.
1366 894 1397 930 »

683 973 864 1043 Dicit
895 998 1056 1066 ergo
1092 998 1108 1041 τ
1192 974 1308 1041 Sic
1372 996 1511 1041 non
1587 972 1962 1062 superbivi,
2032 993 2155 1038 nec

595 1082 880 1150 interius
910 1083 980 1149 in
1012 1082 1271 1163 animo,
1306 1101 1431 1147 nec
1478 1079 1780 1146 exterius
1829 1080 1897 1145 in
1956 1078 2153 1168 signo

594 1191 705 1258 vel
743 1191 944 1269 facto,
991 1190 1128 1254 imo
1173 1214 1209 1250 α
1238 1188 1303 1253 si
1328 1209 1466 1253 non
1510 1186 1883 1254 sentiebam
1921 1186 2158 1253 humi-

602 1301 759 1368 liter
788 1298 870 1364 de
908 1297 1187 1386 meipso.
1258 1324 1290 1357 »
1340 1295 1449 1363 Ad
1494 1296 1788 1363 Roman.
1854 1319 1951 1374 xi,
2014 1295 2099 1362 20
2139 1318 2153 1361 :

596 1407 766 1475 Noli
824 1405 1052 1472 altum
1102 1427 1363 1496 sapere,
1431 1405 1557 1472 sed
1618 1407 1805 1473 time.
1874 1405 1982 1483 Et,
2035 1426 2156 1486 xn,

604 1514 685 1580 16
721 1535 734 1578 :
799 1512 952 1579 Non
1009 1511 1158 1579 alta
1238 1514 1598 1604 sapienteS,
1676 1512 1799 1579 sed
1866 1512 2164 1578 bumili-

603 1620 728 1687 bus
793 1622 1298 1690 consentientes.
1368 1621 1500 1690 Isa.
1545 1644 1611 1699 v,
1686 1623 1823 1687 21:
1882 1621 1989 1687 Vae
2042 1621 2165 1709 qui

602 1728 940 1818 sapientes
968 1729 1126 1795 estis
1193 1730 1265 1796 in
1332 1727 1550 1795 oculis
1600 1729 1864 1807 vestriS‚
1937 1736 2001 1794 et
2059 1750 2165 1795 co·

610 1857 762 1902 ram
800 1834 1724 1926 vobismetipsisprudentes!
1748 1833 2118 1924 Gregorius
2145 1856 2159 1899 ε

615 1971 649 2007 α
719 1944 1085 2033 Proprium
1143 1942 1516 2010 electorum
1600 1942 2166 2028 specialissimum

617 2080 652 2116 α
685 2074 830 2119 esse
869 2049 1067 2134 solet,
1097 2074 1263 2120 vera
1291 2051 1372 2119 de
1410 2050 1556 2120 Deo
1589 2052 1889 2133 credere,
1942 2051 2169 2120 humi·

617 2185 650 2224 ι
688 2158 775 2226 lia
801 2159 882 2227 de
911 2181 982 2227 se
1009 2160 1282 2238 sentire,
1319 2159 1491 2228 sicut
1546 2162 1874 2250 magister
1930 2182 2169 2227 eorum

619 2290 650 2330 α
686 2263 1016 2340 Christus,
1073 2265 1159 2332 ad
1196 2264 1447 2355 Philip.
1484 2289 1555 2344 11,
1591 2268 1631 2334 5
1669 2289 1684 2333 :
1740 2269 1889 2334 Hoc
1930 2267 2173 2333 sentite

619 2398 652 2437 ι
690 2374 758 2439 in
785 2372 997 2451 vobis,
1033 2373 1224 2463 quod
1256 2384 1321 2440 et
1368 2375 1438 2440 in
1487 2373 1760 2443 Christo
1814 2376 2003 2442 Jesu.
2045 2398 2076 2438 ι

709 2507 743 2545 α
776 2480 918 2550 Sed
950 2480 1262 2549 exaltavi
1289 2481 1597 2549 animam
1645 2504 1895 2562 meam,
1939 2481 2022 2549 de
2079 2479 2173 2548 di-

615 2589 792 2655 vinis
860 2612 969 2657 me
1035 2589 1382 2658 beneficiis
1437 2589 1855 2672 extollendo,
1952 2591 2172 2658 sciens

615 2697 780 2764 illud
818 2697 1160 2787 Apostoli,
1205 2697 1235 2765 1
1264 2697 1349 2765 ad
1379 2697 1687 2767 Corinth.
1734 2722 1827 2779 iv,
1862 2700 1901 2766 7
1938 2717 1954 2766 ε
1988 2696 2177 2782 Quid

613 2804 841 2884 habes,
876 2805 1066 2896 quod
1090 2829 1227 2873 non
1266 2808 1584 2897 accepisti
1615 2805 1657 2873 ?
1683 2810 1747 2874 si
1775 2819 2006 2875 autem
2055 2831 2171 2874 ac-

616 2913 875 3003 cepisti,
920 2912 1451 3002 quidyloria1·is
1487 2915 1693 3003 quasi
1727 2937 1863 2981 non
1913 2938 2177 3005 accepe-

615 3020 711 3085 ris
745 3019 787 3087 ?
826 3017 937 3086 Sic
968 3016 1342 3099 Abraham,
1388 3022 1505 3111 qui
1553 3019 1769 3089 multa
1818 3021 2003 3089 bona
2058 3044 2176 3090 ac-

617 3136 911 3218 ceperat,
969 3149 1111 3194 non
1160 3149 1233 3196 se
1272 3125 1643 3207 exaltabat,
1688 3127 1934 3198 Genes.
1979 3151 2170 3213 xvm,

617 3236 752 3302 27:
804 3238 1088 3325 Loquar
1133 3234 1230 3301 ad
1279 3236 1659 3304 Dominum
1724 3258 1952 3304 meum
2018 3258 2173 3305 cum

612 3342 746 3408 sim
778 3340 1014 3433 pulvis
1051 3352 1115 3408 et
1143 3343 1316 3409 cinis
1340 3339 1384 3408 ?
1417 3342 1526 3425 Et,
1575 3340 1736 3421 Job,
1790 3365 1979 3427 xxxi,
2042 3346 2169 3412 26:

617 3450 699 3517 Si
729 3448 1137 3526 eidisolc1n‚
1176 3450 1406 3540 magni
1448 3449 1755 3518 beneficii
1809 3450 2170 3541 fulgorem,

617 3580 772 3625 cuin
806 3556 1138 3648 sulqeret,
1170 3566 1234 3623 et
1267 3556 1508 3625 lunam
1548 3556 1961 3625 incedentem
2027 3557 2176 3626 cla-

621 3686 713 3741 re,
750 3665 1034 3733 minoris
1065 3661 1372 3733 beneficii
1407 3666 1903 3756 apparentiam.

713 3903 746 3942 ι
790 3879 988 3946 Sicut
1042 3877 1456 3947 ablactatus.
1519 3903 1552 3943 ι
1605 3878 1733 3948 Hic
1770 3878 2173 3959 secundum,

623 3982 874 4052 scilicet
931 3984 1330 4075 imprecatio
1430 3993 1669 4053 contra
1736 3987 2067 4078 seipsum,
2122 3988 2178 4053 si

626 4113 764 4158 non
794 4090 996 4158 fuerit
1026 4089 1333 4171 humilia,
1375 4091 1551 4160 sicut
1586 4092 1783 4163 dixit.

710 4198 828 4266 Ait
850 4197 1034 4265 enim
1079 4198 1209 4265 :Si
1251 4221 1391 4266 non
1448 4201 1629 4268 sensi
1687 4198 2063 4279 humiliter,
2116 4208 2184 4269 et

625 4306 919 4375 exaltavi
947 4306 1277 4385 animam,
1312 4333 1349 4371 ι
1377 4307 1509 4396 fiat
1533 4308 1895 4377 retributio
1925 4311 1997 4377 in
2035 4310 2184 4379 ani-

627 4436 948 4493 mamea,
998 4439 1027 4475 ιι
1088 4437 1228 4481 non
1284 4415 1354 4482 in
1413 4438 1698 4508 corpore
1744 4426 2038 4500 tantum,
2109 4426 2185 4486 ut

625 4521 988 4612 impleatur
1008 4520 1078 4589 in
1099 4543 1209 4590 me
1232 4520 1398 4589 illud
1419 4521 1551 4592 lsa.
1578 4526 1716 4603 m,1
1739 4527 1761 4593 ¹
1801 4549 1817 4595 ε
1849 4526 1953 4594 Vae
1970 4524 2183 4618 impio

626 4635 698 4702 in
758 4634 1028 4703 malum
1057 4637 1089 4701 Ι
1169 4634 1527 4704 retributio
1589 4639 1773 4705 enim
1846 4660 2184 4706 manuum

1594 371 1682 438 D.
1733 369 1933 437 ALB.
1987 367 2205 435 MAG.
2259 366 2465 437 ORD.
2519 369 2807 435 PRAED.

2264 546 2446 610 viam
2478 567 2608 609 non
2643 542 2905 610 bonam.
2941 543 3046 609 Ab
3076 542 3207 610 hoc
3246 544 3505 611 bonum
3544 553 3644 611 est
3691 565 3804 610 sc-

2267 654 2513 742 parari,
2550 651 2867 718 Proverl).
2916 676 2960 732 1,
3009 654 3087 719 10
3127 676 3140 718 :
3176 653 3322 718 Fili
3359 653 3480 729 mi,
3513 653 3661 718 site
3693 651 3803 716 la-

2266 761 2592 826 ctaverint
2627 772 3027 850 peccatores,
3094 782 3177 825 ne
3242 760 3625 848 acquiescas
3681 759 3798 824 eis.

2269 865 2351 930 Et
2383 875 2481 931 est
2523 867 2618 933 lac
2650 870 2932 935 carnalis
2976 868 3368 959 voluptatis,
3402 878 3469 935 et
3509 866 3799 955 pruden-

2267 974 2375 1038 tiae
2413 973 2770 1051 saeculari&
2823 985 2885 1042 et
2941 975 3268 1043 haereticae
3314 974 3800 1065 perversitatiS,

2270 1078 2351 1145 de
2391 1101 2552 1168 quo,
2592 1080 2839 1148 Thren.
2908 1106 3000 1162 ιν,
3062 1084 3101 1149 3
3146 1105 3160 1148 :
3212 1084 3473 1150 Lamiae
3510 1082 3810 1149 nudave-

2270 1195 2433 1253 runt
2456 1210 2851 1267 mammam,
2886 1212 3068 1270 cam,
3104 1190 3425 1267 munduS,
3459 1200 3525 1258 et
3587 1187 3808 1257 haerc-

2270 1298 2492 1364 ticus:
2556 1298 2974 1365 lactaverunt
3019 1300 3285 1366 catulos
3337 1321 3519 1366 suoS.
3580 1297 3666 1363 Et
3722 1297 3806 1364 ab

2272 1404 2401 1472 hoc
2428 1404 2803 1474 ablactandi
2835 1430 3095 1491 sumus,
3149 1406 3278 1474 lsa.
3311 1429 3406 1485 x1,
3460 1406 3500 1472 8
3534 1428 3550 1471 :
3585 1407 3813 1495 Super

2269 1514 2613 1602 foramine
2639 1514 2917 1603 aspidis,
2988 1525 3052 1581 et
3106 1517 3178 1581 in
3242 1535 3528 1581 caverna
3554 1512 3805 1602 requli,

2274 1619 2400 1709 qui
2464 1620 2846 1688 ablactatus
2934 1623 3151 1710 luerit
3228 1643 3511 1689 manum
3603 1641 3805 1687 suam

2275 1728 2519 1795 mittet.
2554 1729 2636 1795 Et
2665 1739 2762 1796 est
2785 1728 2884 1797 lac
2905 1728 3340 1796 abundantia}
3374 1726 3796 1817 temporaliS,

2277 1835 2494 1904 Exod.
2533 1860 2627 1917 ιιι,
2669 1839 2738 1906 Π
2785 1839 3147 1906 :Educam
3179 1862 3296 1906 vos
3343 1839 3425 1906 de
3472 1837 3813 1927 afflictio-

2276 1962 2361 2007 ne
2397 1942 2718 2031 AEqypti,
2752 1952 2815 2008 et
2878 1943 3201 2010 inducam
3267 1965 3382 2010 vos
3439 1943 3507 2008 in
3561 1950 3814 2008 terram

2276 2047 2602 2134 fluentem
2634 2048 2739 2117 Iac
2768 2060 2831 2115 et
2858 2050 3014 2116 mel.
3061 2049 3144 2119 Et
3182 2049 3266 2116 ab
3335 2048 3466 2117 hoc
3497 2070 3635 2116 non
3709 2046 3819 2113 la-

2279 2154 2441 2222 ctari
2473 2155 2860 2244 perfectum,
2905 2155 3033 2225 Isa.
3072 2158 3366 2234 xxviii,9
3403 2177 3417 2221 ε
3458 2158 3669 2240 Quem
3701 2153 3820 2220 do-

2278 2260 2447 2329 cebit
2469 2265 2868 2331 scientiam?
2895 2274 2958 2332 et
3011 2287 3212 2356 quem
3261 2263 3646 2356 intelliqere
3695 2264 3819 2353 sa-

2278 2369 2405 2435 ciet
2444 2369 2759 2438 auditum
2794 2370 2834 2436 ?
2878 2369 3261 2439 ablactatos
3307 2394 3351 2438 a
3412 2368 3609 2454 lacte,
3679 2378 3807 2437 etc.

2281 2477 2364 2545 Et
2411 2487 2512 2546 cst
2573 2478 2671 2546 lac
2717 2479 3036 2548 doctrinae
3096 2480 3448 2570 simplicis,
3509 2477 3651 2547 lad
3690 2479 3817 2547 Co-

2282 2584 2486 2652 rinth.
2558 2608 2651 2666 ιιι,
2720 2589 2759 2651 2
2801 2613 2816 2653 :
2928 2589 3305 2677 Tamquam
3369 2587 3688 2678 parvulis
3745 2586 3815 2651 in

2285 2691 2573 2769 Christo,
2612 2692 2717 2759 lac
2743 2692 2928 2759 vobis
2979 2704 3224 2784 potum
3276 2694 3458 2772 dedi,
3519 2717 3651 2760 non
3710 2715 3818 2759 es-

2279 2822 2452 2867 cam.
2489 2799 2594 2866 Ad
2624 2800 2829 2868 llebr.
2873 2824 2943 2878 v,
2984 2803 3061 2867 12
3097 2823 3112 2869 t
3159 2803 3361 2869 Facti
3404 2802 3584 2878 estis,
3652 2800 3818 2890 qui-

2281 2903 2405 2971 bus
2446 2904 2617 2973 lacte
2643 2929 2809 2997 opus
2859 2909 2973 2984 sit,
3001 2930 3136 2974 non
3175 2907 3400 2975 solido
3445 2905 3616 2974 cibo.
3669 2905 3818 2973 lloc

2282 3011 2607 3081 debemus
2663 3013 2918 3094 lactari,
2982 3014 3005 3081 1
3069 3014 3250 3083 Petr.
3321 3037 3393 3094 ιι,
3464 3015 3558 3081 2:
3620 3013 3817 3082 Sicut

2281 3121 2482 3191 modo
2544 3125 2760 3214 ymiti
2824 3125 3145 3214 infantes,
3196 3122 3636 3201 rationabile,
3672 3124 3819 3190 sine

2281 3230 2437 3298 dolo
2465 3231 2575 3299 lac
2599 3234 3063 3324 concupiscite.
3097 3232 3246 3301 Hoc
3274 3233 3525 3302 lactant
3552 3254 3678 3299 nos
3707 3253 3814 3298 sa-

2281 3341 2375 3405 cri
2414 3337 2738 3407 Doctores
2775 3349 2849 3407 ut
2887 3341 3206 3421 nutrices,
3259 3339 3319 3407 11
3372 3340 3459 3410 ad
3509 3337 3813 3408 Thessal.

2285 3467 2358 3521 ιι,
2403 3446 2442 3512 ’7
2480 3469 2495 3513 :
2530 3447 2725 3513 Facti
2749 3469 2984 3515 sumus
3017 3448 3084 3514 in
3114 3447 3337 3515 medio
3370 3447 3594 3525 vestri,
3629 3456 3816 3514 tam-

2283 3575 2492 3644 quam
2519 3554 2581 3621 si
2624 3556 2862 3623 nutrix
2895 3559 3127 3646 foveat
3177 3555 3367 3644 filios
3418 3577 3605 3638 suos,
3655 3553 3820 3622 ube·

2282 3661 2468 3730 ribus
2498 3662 2784 3732 duorum
2835 3673 3420 3734 testamentorum.
3483 3665 3816 3743 Cantic.1,

2286 3773 2317 3837 1
2360 3770 2698 3839 :Meliora
2723 3781 2884 3839 sunt
2914 3771 3122 3839 ubera
3151 3782 3274 3840 tua
3330 3773 3511 3842 vino.
3571 3770 3658 3840 Et
3720 3779 3822 3839 est

2282 3875 2387 3945 lac
2415 3876 2659 3945 divinae
2695 3878 3203 3958 consolationis,
3247 3901 3384 3972 quo
3424 3876 3825 3948 mirabiliter

2283 3986 2603 4076 pascitur,
2653 3997 2718 4054 et
2768 3986 3065 4055 reficitur
3129 3987 3435 4067 affectus,
3497 3986 3695 4065 Osee,
3747 4008 3820 4062 ιι,

2291 4095 2423 4161 14:
2475 4095 2647 4161 Ecce
2707 4118 2864 4186 erqo
2932 4094 3200 4163 lactabo
3253 4117 3431 4175 eam,
3474 4105 3539 4164 et
3574 4094 3823 4163 ducam

2287 4225 2437 4271 eam
2498 4205 2565 4270 in
2609 4202 3078 4285 solitudinm,
3127 4213 3190 4271 et
3239 4204 3492 4297 loquar
3553 4204 3651 4272 ad
3709 4226 3826 4271 cor

2287 4310 2465 4400 ejus.
2501 4309 2631 4379 isa.
2673 4333 2852 4390 vai,
2891 4313 2968 4380 10
3006 4319 3076 4381 et
3116 4312 3189 4380 11
3230 4333 3246 4379 τ
3294 4313 3683 4382 Gaudete...
3747 4322 3825 4379 ut

2284 4420 2577 4510 suqatis,
2610 4430 2673 4489 et
2708 4417 3112 4512 repleamini
3133 4417 3220 4487 ab
3260 4418 3464 4488 ubere
3511 4418 3830 4490 consola-

2289 4528 2493 4596 tionis
2529 4528 2705 4617 eju-r.

628 4741 784 4833 ejus
817 4743 938 4832 siet
974 4743 1060 4810 ei.
1123 4769 1159 4805 υ
1217 4741 1321 4810 lta
1374 4765 1485 4811 me
1531 4744 1822 4814 miseriae
1865 4754 1933 4814 et
1979 4745 2185 4814 morti

630 4872 929 4942 expono,
966 4874 1001 4916 ι
1039 4851 1220 4920 sicut
1251 4873 1460 4944 super
1487 4863 1708 4922 matre
1746 4877 1903 4939 sna,
1950 4880 1983 4920 n
2019 4877 2190 4946 sup·
2380 4880 2412 4914 «
2458 4853 2693 4943 Speret
2747 4851 2985 4920 Israel.
3039 4877 3073 4917 ιι
3133 4851 3261 4920 llic
3315 4851 3613 4922 secunda
3666 4874 3824 4944 pars
3979 4834 4037 4905 ⁸

631 4957 767 5050 ple,
798 4957 1201 5025 incumbens
1238 4957 1592 5049 parvuluS,
1647 4963 1849 5029 morti
1896 4963 2190 5053 exponi·
2290 4962 2501 5031 totius
2542 4960 2815 5038 Psalmi,
2868 4963 2936 5028 in
2985 4983 3119 5052 qua
3169 4960 3606 5054 subjungitur
3649 4960 3828 5030 alio·
3854 4938 4175 5054 μ’,ἷοέἒῶι

632 5073 769 5144 tur,
806 5094 839 5128 «
891 5064 1309 5151 ablactatus,
1345 5091 1378 5133 a
1412 5090 1453 5134 a
1493 5070 1731 5136 matris
1773 5068 1947 5138 lacte
1990 5092 2194 5161 sepa·
2293 5092 2446 5138 rum
2477 5068 2784 5136 invitatio
2813 5066 2898 5135 ad
2925 5067 3360 5159 sperandum,
3391 5079 3460 5138 et
3504 5091 3830 5159 perseve-

634 5184 822 5242 ratus
863 5196 878 5240 :
915 5176 1144 5242 statim
1176 5176 1357 5244 enim
1388 5177 1585 5267 perit.
1628 5176 1881 5247 Thr-en.
1923 5202 2017 5258 w,
2096 5179 2136 5244 4
2170 5200 2186 5245 :
2298 5186 2524 5246 ranter
2554 5198 2570 5243 ε
2604 5184 2670 5244 et
2705 5175 3018 5243 dicuntur
3053 5176 3213 5247 duo.
3247 5176 3509 5259 Primo,
3560 5178 3827 5245 invitat.

639 5279 944 5349 Adhaesit
1004 5281 1250 5373 linqua
1318 5282 1631 5352 lactentis
1702 5285 1803 5353 ad
1866 5286 2195 5378 palatum
2304 5282 2645 5360 Secundo,
2707 5281 3000 5352 declarat
3048 5283 3376 5376 quamdiu
3418 5286 3508 5351 sit
3560 5306 3840 5376 speran-

642 5387 800 5478 ejus
831 5389 902 5456 in
948 5390 1092 5459 siti.
2302 5390 2491 5468 dum,
2526 5387 2643 5471 ibi,
2686 5414 2718 5452 ι
2760 5388 2877 5455 Ex
2900 5388 3025 5457 hoc
3059 5412 3261 5458 nunc.
3311 5417 3345 5451 »ι

736 5495 820 5564 Et
866 5504 1033 5564 nota
1071 5496 1205 5577 hic,
1239 5499 1424 5591 quod
1460 5507 1563 5569 est
1607 5500 1715 5570 lac
1760 5500 2193 5580 adulationis,
2387 5496 2568 5566 Dicit
2602 5517 2764 5589 ergo
2797 5517 2813 5564 ι
2851 5495 2965 5565 Sic
2991 5495 3287 5565 confisus
3314 5519 3468 5565 sum
3507 5497 3577 5567 in
3606 5497 3846 5568 Domi-

652 5606 734 5675 de
795 5629 958 5697 quo,
1019 5605 1349 5676 l’roverb.
1409 5632 1550 5695 xvi,
1611 5612 1652 5678 2
1687 5632 1704 5679 ε
1755 5612 1869 5680 Vir
1924 5613 2204 5702 iniquus
2306 5631 2424 5694 nc,
2466 5617 2533 5677 et
2559 5604 3000 5675 nihilominus
3038 5604 3318 5674 humilis
3362 5606 3580 5677 factus
3621 5628 3775 5676 sum
3817 5626 3837 5674 τ

657 5715 871 5787 lactat
899 5715 1201 5783 amicum
1227 5739 1459 5800 suum,
1491 5728 1554 5786 et
1584 5719 1777 5787 ducit
1821 5718 2031 5788 illum
2074 5743 2209 5813 per
2308 5719 2427 5789 sed
2455 5716 2879 5787 admonendo
2908 5715 3059 5786 dico
3103 5736 3120 5783 ε
3156 5741 3191 5780 α
3222 5716 3462 5810 Speret
3507 5714 3728 5785 Israel
3770 5713 3846 5781 in

300 5506 463 5553 Laeti·
472 5498 619 5544 vori-

299 5557 620 5617 multone·-
