<?xml version="1.0" encoding="UTF-8"?>
<!DOCTYPE html PUBLIC "-//W3C//DTD XHTML 1.0 Transitional//EN"
    "http://www.w3.org/TR/xhtml1/DTD/xhtml1-transitional.dtd">
<html xmlns="http://www.w3.org/1999/xhtml" xml:lang="en" lang="en">
 <head>
  <title>
</title>
<meta http-equiv="Content-Type" content="text/html;charset=utf-8" />
  <meta name='ocr-system' content='tesseract 3.04.00' />
  <meta name='ocr-capabilities' content='ocr_page ocr_carea ocr_par ocr_line ocrx_word'/>
</head>
<body>
  <div class='ocr_page' id='page_1' title='image "balbertimagnira02chgoog_0413.png"; bbox 0 0 5008 6329; ppageno 0'>
   <div class='ocr_carea' id='block_1_1' title="bbox 2318 411 4358 492">
    <p class='ocr_par' dir='ltr' id='par_1_1' title="bbox 2318 411 4358 492">
     <span class='ocr_line' id='line_1_1' title="bbox 2318 411 4358 492; baseline -0.007 -2"><span class='ocrx_word' id='word_1_1' title='bbox 2318 422 2743 492; x_wconf 86' lang='lat' dir='ltr'>PSALMUS</span> <span class='ocrx_word' id='word_1_2' title='bbox 2793 419 3109 490; x_wconf 76' lang='lat' dir='ltr'>CXXXI!</span> <span class='ocrx_word' id='word_1_3' title='bbox 3125 471 3139 485; x_wconf 90' lang='lat'><strong><em>.</em></strong></span> <span class='ocrx_word' id='word_1_4' title='bbox 4229 411 4358 477; x_wconf 74' lang='lat'><strong>403</strong></span> 
     </span>
    </p>
   </div>
   <div class='ocr_carea' id='block_1_2' title="bbox 2299 933 3188 1011">
    <p class='ocr_par' dir='ltr' id='par_1_2' title="bbox 2299 933 3188 1011">
     <span class='ocr_line' id='line_1_2' title="bbox 2299 933 3188 1011; baseline -0.001 -6"><span class='ocrx_word' id='word_1_5' title='bbox 2299 933 2765 1011; x_wconf 84' lang='lat' dir='ltr'><strong>PSALMUS</strong></span> <span class='ocrx_word' id='word_1_6' title='bbox 2820 936 3188 1009; x_wconf 85' lang='lat' dir='ltr'>CXXXII.</span> 
     </span>
    </p>
   </div>
   <div class='ocr_carea' id='block_1_3' title="bbox 2042 1283 3430 1357">
    <p class='ocr_par' dir='ltr' id='par_1_3' title="bbox 2042 1283 3430 1357">
     <span class='ocr_line' id='line_1_3' title="bbox 2042 1283 3430 1357; baseline -0.005 0"><span class='ocrx_word' id='word_1_7' title='bbox 2042 1285 2377 1357; x_wconf 68' lang='lat' dir='ltr'><strong>celebrat</strong></span> <span class='ocrx_word' id='word_1_8' title='bbox 2405 1283 2956 1356; x_wconf 80' lang='lat' dir='ltr'><strong><em>communionem</em></strong></span> <span class='ocrx_word' id='word_1_9' title='bbox 2995 1294 3430 1354; x_wconf 79' lang='lat' dir='ltr'><strong>sanctorum.</strong></span> 
     </span>
    </p>
   </div>
   <div class='ocr_carea' id='block_1_4' title="bbox 2832 1620 4339 2237">
    <p class='ocr_par' dir='ltr' id='par_1_4' title="bbox 2832 1620 4339 2237">
     <span class='ocr_line' id='line_1_4' title="bbox 2966 1620 4339 1711; baseline 0 -21"><span class='ocrx_word' id='word_1_10' title='bbox 2966 1620 3189 1711; x_wconf 90' lang='lat' dir='ltr'><strong>Quod</strong></span> <span class='ocrx_word' id='word_1_11' title='bbox 3256 1622 3630 1693; x_wconf 88' lang='lat' dir='ltr'><strong>descendit</strong></span> <span class='ocrx_word' id='word_1_12' title='bbox 3707 1622 3777 1692; x_wconf 93' lang='lat' dir='ltr'><strong>in</strong></span> <span class='ocrx_word' id='word_1_13' title='bbox 3848 1642 4054 1693; x_wconf 89' lang='lat' dir='ltr'><strong>oram</strong></span> <span class='ocrx_word' id='word_1_14' title='bbox 4127 1620 4339 1690; x_wconf 84' lang='lat' dir='ltr'><strong>vesti-</strong></span> 
     </span>
     <span class='ocr_line' id='line_1_5' title="bbox 3054 1729 3538 1818; baseline -0.002 -19"><span class='ocrx_word' id='word_1_15' title='bbox 3054 1729 3280 1799; x_wconf 86' lang='lat' dir='ltr'>menti</span> <span class='ocrx_word' id='word_1_16' title='bbox 3322 1729 3476 1818; x_wconf 84' lang='lat' dir='ltr'><strong>ejus</strong></span> <span class='ocrx_word' id='word_1_17' title='bbox 3523 1754 3538 1798; x_wconf 89' lang='lat'>:</span> 
     </span>
     <span class='ocr_line' id='line_1_6' title="bbox 2832 1833 4332 1928; baseline 0.001 -23"><span class='ocrx_word' id='word_1_18' title='bbox 2832 1837 2898 1905; x_wconf 90' lang='lat'><strong>3.</strong></span> <span class='ocrx_word' id='word_1_19' title='bbox 2956 1833 3161 1907; x_wconf 86' lang='lat' dir='ltr'><strong>Sicut</strong></span> <span class='ocrx_word' id='word_1_20' title='bbox 3212 1860 3328 1907; x_wconf 89' lang='lat' dir='ltr'><strong>ros</strong></span> <span class='ocrx_word' id='word_1_21' title='bbox 3364 1838 3719 1921; x_wconf 86' lang='lat' dir='ltr'>Hermon,</span> <span class='ocrx_word' id='word_1_22' title='bbox 3774 1836 3903 1928; x_wconf 88' lang='lat' dir='ltr'><strong>qui</strong></span> <span class='ocrx_word' id='word_1_23' title='bbox 3961 1835 4332 1906; x_wconf 88' lang='lat' dir='ltr'><strong>descendit</strong></span> 
     </span>
     <span class='ocr_line' id='line_1_7' title="bbox 3051 1943 3726 2016; baseline 0 -3"><span class='ocrx_word' id='word_1_24' title='bbox 3051 1944 3123 2013; x_wconf 91' lang='lat' dir='ltr'><strong>in</strong></span> <span class='ocrx_word' id='word_1_25' title='bbox 3165 1963 3489 2014; x_wconf 88' lang='lat' dir='ltr'><strong>montem</strong></span> <span class='ocrx_word' id='word_1_26' title='bbox 3523 1943 3726 2016; x_wconf 86' lang='lat' dir='ltr'>Sion.</span> 
     </span>
     <span class='ocr_line' id='line_1_8' title="bbox 2961 2047 4330 2140; baseline -0.001 -20"><span class='ocrx_word' id='word_1_27' title='bbox 2961 2048 3333 2140; x_wconf 80' lang='lat' dir='ltr'><strong>Quoniam</strong></span> <span class='ocrx_word' id='word_1_28' title='bbox 3417 2051 3563 2123; x_wconf 86' lang='lat' dir='ltr'><strong>illic</strong></span> <span class='ocrx_word' id='word_1_29' title='bbox 3638 2049 4010 2121; x_wconf 87' lang='lat' dir='ltr'><strong>mandavit</strong></span> <span class='ocrx_word' id='word_1_30' title='bbox 4082 2047 4330 2119; x_wconf 90' lang='lat' dir='ltr'><strong>Domi-</strong></span> 
     </span>
     <span class='ocr_line' id='line_1_9' title="bbox 3050 2155 4329 2237; baseline 0 -11"><span class='ocrx_word' id='word_1_31' title='bbox 3050 2180 3188 2227; x_wconf 87' lang='lat' dir='ltr'><strong>nus</strong></span> <span class='ocrx_word' id='word_1_32' title='bbox 3277 2158 3879 2237; x_wconf 83' lang='lat' dir='ltr'><strong>benedictionem.</strong></span> <span class='ocrx_word' id='word_1_33' title='bbox 3963 2174 4033 2227; x_wconf 83' lang='lat' dir='ltr'><strong>et</strong></span> <span class='ocrx_word' id='word_1_34' title='bbox 4108 2155 4329 2226; x_wconf 89' lang='lat' dir='ltr'><strong>vitam</strong></span> 
     </span>
    </p>
   </div>
   <div class='ocr_carea' id='block_1_5' title="bbox 1163 1618 2673 2246">
    <p class='ocr_par' dir='ltr' id='par_1_5' title="bbox 1180 1618 2386 1717">
     <span class='ocr_line' id='line_1_10' title="bbox 1180 1618 2386 1717; baseline 0 -28"><span class='ocrx_word' id='word_1_35' title='bbox 1180 1644 1238 1689; x_wconf 90' lang='lat'><strong>1.</strong></span> <span class='ocrx_word' id='word_1_36' title='bbox 1293 1618 1680 1694; x_wconf 81' lang='lat' dir='ltr'><strong>Canticum</strong></span> <span class='ocrx_word' id='word_1_37' title='bbox 1722 1623 2087 1717; x_wconf 70' lang='lat' dir='ltr'><strong>graduum</strong></span> <span class='ocrx_word' id='word_1_38' title='bbox 2130 1621 2386 1691; x_wconf 87' lang='lat' dir='ltr'><strong>David.</strong></span> 
     </span>
    </p>

    <p class='ocr_par' dir='ltr' id='par_1_6' title="bbox 1308 1728 2673 2018">
     <span class='ocr_line' id='line_1_11' title="bbox 1308 1728 2673 1823; baseline -0.001 -26"><span class='ocrx_word' id='word_1_39' title='bbox 1308 1729 1491 1800; x_wconf 84' lang='lat' dir='ltr'><strong>Ecce</strong></span> <span class='ocrx_word' id='word_1_40' title='bbox 1535 1752 1754 1823; x_wconf 91' lang='lat' dir='ltr'><strong>quam</strong></span> <span class='ocrx_word' id='word_1_41' title='bbox 1827 1732 2098 1801; x_wconf 86' lang='lat' dir='ltr'><strong>bonum</strong></span> <span class='ocrx_word' id='word_1_42' title='bbox 2164 1747 2234 1799; x_wconf 90' lang='lat' dir='ltr'><strong>et</strong></span> <span class='ocrx_word' id='word_1_43' title='bbox 2283 1748 2506 1821; x_wconf 90' lang='lat' dir='ltr'><strong>quam</strong></span> <span class='ocrx_word' id='word_1_44' title='bbox 2557 1728 2673 1816; x_wconf 82' lang='lat' dir='ltr'><strong>ju-</strong></span> 
     </span>
     <span class='ocr_line' id='line_1_12' title="bbox 1387 1837 2670 1922; baseline -0.004 -12"><span class='ocrx_word' id='word_1_45' title='bbox 1387 1840 1742 1922; x_wconf 85' lang='lat' dir='ltr'><strong>cundum,</strong></span> <span class='ocrx_word' id='word_1_46' title='bbox 1831 1840 2150 1909; x_wconf 88' lang='lat' dir='ltr'><strong>habitare</strong></span> <span class='ocrx_word' id='word_1_47' title='bbox 2246 1842 2499 1912; x_wconf 84' lang='lat' dir='ltr'><strong>fratres</strong></span> <span class='ocrx_word' id='word_1_48' title='bbox 2596 1837 2670 1906; x_wconf 92' lang='lat' dir='ltr'><strong>in</strong></span> 
     </span>
     <span class='ocr_line' id='line_1_13' title="bbox 1386 1953 1661 2018; baseline 0 -1"><span class='ocrx_word' id='word_1_49' title='bbox 1386 1953 1661 2018; x_wconf 86' lang='lat' dir='ltr'><strong>unum!</strong></span> 
     </span>
    </p>

    <p class='ocr_par' dir='ltr' id='par_1_7' title="bbox 1163 2051 2668 2246">
     <span class='ocr_line' id='line_1_14' title="bbox 1163 2051 2667 2148; baseline -0.001 -26"><span class='ocrx_word' id='word_1_50' title='bbox 1163 2075 1229 2122; x_wconf 87' lang='lat'><strong>2.</strong></span> <span class='ocrx_word' id='word_1_51' title='bbox 1283 2051 1489 2125; x_wconf 89' lang='lat' dir='ltr'><strong>Sicut</strong></span> <span class='ocrx_word' id='word_1_52' title='bbox 1530 2072 1985 2148; x_wconf 84' lang='lat' dir='ltr'><strong>unguentum</strong></span> <span class='ocrx_word' id='word_1_53' title='bbox 2044 2053 2115 2122; x_wconf 91' lang='lat' dir='ltr'><strong>in</strong></span> <span class='ocrx_word' id='word_1_54' title='bbox 2167 2051 2423 2144; x_wconf 82' lang='lat' dir='ltr'><strong>capite,</strong></span> <span class='ocrx_word' id='word_1_55' title='bbox 2470 2052 2667 2143; x_wconf 90' lang='lat' dir='ltr'><strong>quod</strong></span> 
     </span>
     <span class='ocr_line' id='line_1_15' title="bbox 1382 2159 2668 2246; baseline -0.003 -14"><span class='ocrx_word' id='word_1_56' title='bbox 1382 2162 1761 2233; x_wconf 84' lang='lat' dir='ltr'><strong>descendit</strong></span> <span class='ocrx_word' id='word_1_57' title='bbox 1832 2161 1901 2231; x_wconf 91' lang='lat' dir='ltr'><strong>in</strong></span> <span class='ocrx_word' id='word_1_58' title='bbox 1973 2162 2295 2246; x_wconf 84' lang='lat' dir='ltr'><strong>barbam,</strong></span> <span class='ocrx_word' id='word_1_59' title='bbox 2370 2159 2668 2230; x_wconf 86' lang='lat' dir='ltr'><strong>barbam</strong></span> 
     </span>
    </p>
   </div>
   <div class='ocr_carea' id='block_1_6' title="bbox 762 4343 4658 4572">
    <p class='ocr_par' dir='ltr' id='par_1_8' title="bbox 762 4343 4658 4572">
     <span class='ocr_line' id='line_1_16' title="bbox 762 4343 4658 4462; baseline -0.003 -33"><span class='ocrx_word' id='word_1_60' title='bbox 762 4368 1070 4462; x_wconf 43' lang='lat' dir='ltr'><strong>gamm:</strong></span> <span class='ocrx_word' id='word_1_61' title='bbox 1184 4351 1357 4420; x_wconf 87' lang='lat' dir='ltr'><strong>Cum</strong></span> <span class='ocrx_word' id='word_1_62' title='bbox 1412 4353 1596 4420; x_wconf 88' lang='lat' dir='ltr'><strong>enim</strong></span> <span class='ocrx_word' id='word_1_63' title='bbox 1654 4359 1884 4420; x_wconf 90' lang='lat' dir='ltr'><strong>actum</strong></span> <span class='ocrx_word' id='word_1_64' title='bbox 1939 4350 2026 4417; x_wconf 89' lang='lat' dir='ltr'><strong>sit</strong></span> <span class='ocrx_word' id='word_1_65' title='bbox 2098 4349 2183 4417; x_wconf 86' lang='lat' dir='ltr'><strong>de</strong></span> <span class='ocrx_word' id='word_1_66' title='bbox 2239 4347 2653 4418; x_wconf 75' lang='lat' dir='ltr'><strong>confidentia</strong></span> <span class='ocrx_word' id='word_1_67' title='bbox 2762 4352 3145 4443; x_wconf 83' lang='lat' dir='ltr'><strong>conjunctis</strong></span> <span class='ocrx_word' id='word_1_68' title='bbox 3195 4354 3509 4423; x_wconf 78' lang='lat' dir='ltr'><strong>evenient</strong></span> <span class='ocrx_word' id='word_1_69' title='bbox 3560 4355 3883 4447; x_wconf 60' lang='lat' dir='ltr'><strong>praedicta</strong></span> <span class='ocrx_word' id='word_1_70' title='bbox 3950 4355 4131 4427; x_wconf 92' lang='lat' dir='ltr'><strong>bona</strong></span> <span class='ocrx_word' id='word_1_71' title='bbox 4193 4381 4314 4451; x_wconf 85' lang='lat' dir='ltr'><strong>per</strong></span> <span class='ocrx_word' id='word_1_72' title='bbox 4339 4343 4658 4453; x_wconf 52' lang='lat' dir='ltr'><strong>&#39;&#39;⁶ss:¹3¹&#39;-</strong></span> 
     </span>
     <span class='ocr_line' id='line_1_17' title="bbox 778 4456 4309 4572; baseline 0.001 -38"><span class='ocrx_word' id='word_1_73' title='bbox 778 4469 1063 4572; x_wconf 42' lang='lat' dir='ltr'><strong>‘avgg-⁰2⁸</strong></span> <span class='ocrx_word' id='word_1_74' title='bbox 1103 4462 1361 4529; x_wconf 89' lang='lat' dir='ltr'><strong>orantis</strong></span> <span class='ocrx_word' id='word_1_75' title='bbox 1425 4462 1677 4552; x_wconf 84' lang='lat' dir='ltr'><strong>primo,</strong></span> <span class='ocrx_word' id='word_1_76' title='bbox 1746 4458 2071 4537; x_wconf 85' lang='lat' dir='ltr'><strong>secunde,</strong></span> <span class='ocrx_word' id='word_1_77' title='bbox 2139 4457 2223 4527; x_wconf 89' lang='lat' dir='ltr'><strong>de</strong></span> <span class='ocrx_word' id='word_1_78' title='bbox 2263 4456 2652 4527; x_wconf 86' lang='lat' dir='ltr'><strong>humilitate</strong></span> <span class='ocrx_word' id='word_1_79' title='bbox 2763 4457 3112 4529; x_wconf 79' lang='lat' dir='ltr'><strong>Christum</strong></span> <span class='ocrx_word' id='word_1_80' title='bbox 3146 4483 3353 4554; x_wconf 87' lang='lat' dir='ltr'><strong>:ergo</strong></span> <span class='ocrx_word' id='word_1_81' title='bbox 3393 4491 3426 4527; x_wconf 74' lang='grc' dir='ltr'><strong>α</strong></span> <span class='ocrx_word' id='word_1_82' title='bbox 3457 4486 3622 4543; x_wconf 85' lang='lat' dir='ltr'><strong>ecce,</strong></span> <span class='ocrx_word' id='word_1_83' title='bbox 3657 4490 3692 4527; x_wconf 73' lang='lat' dir='ltr'><strong>n</strong></span> <span class='ocrx_word' id='word_1_84' title='bbox 3727 4465 3796 4533; x_wconf 88' lang='lat' dir='ltr'><strong>in</strong></span> <span class='ocrx_word' id='word_1_85' title='bbox 3828 4476 4155 4560; x_wconf 80' lang='lat' dir='ltr'><strong>promptu</strong></span> <span class='ocrx_word' id='word_1_86' title='bbox 4181 4475 4309 4550; x_wconf 83' lang='lat' dir='ltr'><strong>est,</strong></span> 
     </span>
    </p>
   </div>
   <div class='ocr_carea' id='block_1_7' title="bbox 805 4577 1041 4676">
    <p class='ocr_par' dir='ltr' id='par_1_9' title="bbox 805 4577 1041 4676">
     <span class='ocr_line' id='line_1_18' title="bbox 805 4577 1041 4676; baseline -0.004 -54"><span class='ocrx_word' id='word_1_87' title='bbox 805 4577 1041 4676; x_wconf 48' lang='lat' dir='ltr'><strong>mutatis·</strong></span> 
     </span>
    </p>
   </div>
   <div class='ocr_carea' id='block_1_8' title="bbox 1379 2272 1656 2353">
    <p class='ocr_par' dir='ltr' id='par_1_10' title="bbox 1379 2272 1656 2353">
     <span class='ocr_line' id='line_1_19' title="bbox 1379 2272 1656 2353; baseline 0.004 -15"><span class='ocrx_word' id='word_1_88' title='bbox 1379 2272 1656 2353; x_wconf 85' lang='lat' dir='ltr'><strong>Aaron,</strong></span> 
     </span>
    </p>
   </div>
   <div class='ocr_carea' id='block_1_9' title="bbox 1411 2733 2360 2805">
    <p class='ocr_par' dir='ltr' id='par_1_11' title="bbox 1411 2733 2360 2805">
     <span class='ocr_line' id='line_1_20' title="bbox 1411 2733 2360 2805; baseline -0.002 -2"><span class='ocrx_word' id='word_1_89' title='bbox 1411 2734 1505 2803; x_wconf 86' lang='lat' dir='ltr'><strong>1N</strong></span> <span class='ocrx_word' id='word_1_90' title='bbox 1554 2733 1993 2805; x_wconf 74' lang='lat' dir='ltr'><strong>PSALMUM</strong></span> <span class='ocrx_word' id='word_1_91' title='bbox 2041 2735 2360 2805; x_wconf 80' lang='lat' dir='ltr'><strong>cxxxn</strong></span> 
     </span>
    </p>
   </div>
   <div class='ocr_carea' id='block_1_10' title="bbox 1620 2974 2149 3022">
    <p class='ocr_par' dir='ltr' id='par_1_12' title="bbox 1620 2974 2149 3022">
     <span class='ocr_line' id='line_1_21' title="bbox 1620 2974 2149 3022; baseline 0.004 -2"><span class='ocrx_word' id='word_1_92' title='bbox 1620 2974 2149 3022; x_wconf 62' lang='lat' dir='ltr'>COMMENTARIUS.</span> 
     </span>
    </p>
   </div>
   <div class='ocr_carea' id='block_1_11' title="bbox 1284 3276 2472 3368">
    <p class='ocr_par' dir='ltr' id='par_1_13' title="bbox 1284 3276 2472 3368">
     <span class='ocr_line' id='line_1_22' title="bbox 1284 3276 2472 3368; baseline -0.001 -24"><span class='ocrx_word' id='word_1_93' title='bbox 1284 3303 1318 3344; x_wconf 71' lang='grc' dir='ltr'>ι</span> <span class='ocrx_word' id='word_1_94' title='bbox 1355 3279 1722 3348; x_wconf 78' lang='lat' dir='ltr'><strong>Canticum</strong></span> <span class='ocrx_word' id='word_1_95' title='bbox 1749 3276 2103 3368; x_wconf 77' lang='lat' dir='ltr'><strong>qraduum</strong></span> <span class='ocrx_word' id='word_1_96' title='bbox 2141 3277 2398 3345; x_wconf 82' lang='lat' dir='ltr'><strong>David.</strong></span> <span class='ocrx_word' id='word_1_97' title='bbox 2438 3302 2472 3343; x_wconf 65' lang='lat'>2</span> 
     </span>
    </p>
   </div>
   <div class='ocr_carea' id='block_1_12' title="bbox 1097 3596 2659 4317">
    <p class='ocr_par' dir='ltr' id='par_1_14' title="bbox 1097 3596 2659 4317">
     <span class='ocr_line' id='line_1_23' title="bbox 1194 3596 2658 3692; baseline 0.001 -28"><span class='ocrx_word' id='word_1_98' title='bbox 1194 3630 1226 3664; x_wconf 88' lang='lat'>«</span> <span class='ocrx_word' id='word_1_99' title='bbox 1260 3602 1436 3668; x_wconf 83' lang='lat' dir='ltr'><strong>Eece</strong></span> <span class='ocrx_word' id='word_1_100' title='bbox 1463 3622 1677 3692; x_wconf 80' lang='lat' dir='ltr'><strong>quam</strong></span> <span class='ocrx_word' id='word_1_101' title='bbox 1717 3599 1972 3668; x_wconf 80' lang='lat' dir='ltr'><strong>bonum</strong></span> <span class='ocrx_word' id='word_1_102' title='bbox 2002 3609 2048 3666; x_wconf 89' lang='lat'><strong>¹.</strong></span> <span class='ocrx_word' id='word_1_103' title='bbox 2086 3624 2120 3665; x_wconf 65' lang='lat'>2</span> <span class='ocrx_word' id='word_1_104' title='bbox 2163 3597 2293 3667; x_wconf 90' lang='lat' dir='ltr'><strong>llic</strong></span> <span class='ocrx_word' id='word_1_105' title='bbox 2320 3604 2421 3667; x_wconf 88' lang='lat' dir='ltr'><strong>est</strong></span> <span class='ocrx_word' id='word_1_106' title='bbox 2453 3596 2658 3666; x_wconf 88' lang='lat' dir='ltr'><strong>Psal-</strong></span> 
     </span>
     <span class='ocr_line' id='line_1_24' title="bbox 1104 3704 2655 3798; baseline -0.003 -22"><span class='ocrx_word' id='word_1_107' title='bbox 1104 3732 1257 3776; x_wconf 88' lang='lat' dir='ltr'><strong>mus</strong></span> <span class='ocrx_word' id='word_1_108' title='bbox 1303 3708 1720 3777; x_wconf 87' lang='lat' dir='ltr'><strong>centesimus</strong></span> <span class='ocrx_word' id='word_1_109' title='bbox 1759 3706 2144 3798; x_wconf 78' lang='lat' dir='ltr'><strong>trigesimus</strong></span> <span class='ocrx_word' id='word_1_110' title='bbox 2174 3704 2517 3775; x_wconf 87' lang='lat' dir='ltr'><strong>secundus</strong></span> <span class='ocrx_word' id='word_1_111' title='bbox 2586 3707 2655 3773; x_wconf 92' lang='lat' dir='ltr'><strong>in</strong></span> 
     </span>
     <span class='ocr_line' id='line_1_25' title="bbox 1098 3813 2659 3907; baseline -0.002 -22"><span class='ocrx_word' id='word_1_112' title='bbox 1098 3825 1242 3886; x_wconf 89' lang='lat' dir='ltr'><strong>toto</strong></span> <span class='ocrx_word' id='word_1_113' title='bbox 1265 3816 1465 3899; x_wconf 87' lang='lat' dir='ltr'><strong>libro,</strong></span> <span class='ocrx_word' id='word_1_114' title='bbox 1484 3817 1557 3885; x_wconf 89' lang='lat' dir='ltr'><strong>in</strong></span> <span class='ocrx_word' id='word_1_115' title='bbox 1584 3816 1784 3885; x_wconf 90' lang='lat' dir='ltr'><strong>tertia</strong></span> <span class='ocrx_word' id='word_1_116' title='bbox 1802 3838 1967 3884; x_wconf 83' lang='lat' dir='ltr'><strong>vero</strong></span> <span class='ocrx_word' id='word_1_117' title='bbox 1992 3824 2180 3907; x_wconf 83' lang='lat' dir='ltr'><strong>parte</strong></span> <span class='ocrx_word' id='word_1_118' title='bbox 2201 3813 2352 3883; x_wconf 88' lang='lat' dir='ltr'><strong>libri</strong></span> <span class='ocrx_word' id='word_1_119' title='bbox 2393 3815 2659 3906; x_wconf 88' lang='lat' dir='ltr'><strong>trigesi-</strong></span> 
     </span>
     <span class='ocr_line' id='line_1_26' title="bbox 1097 3920 2657 4014; baseline -0.001 -22"><span class='ocrx_word' id='word_1_120' title='bbox 1097 3947 1252 3993; x_wconf 88' lang='lat' dir='ltr'><strong>mus</strong></span> <span class='ocrx_word' id='word_1_121' title='bbox 1289 3923 1655 4006; x_wconf 88' lang='lat' dir='ltr'><strong>secundus,</strong></span> <span class='ocrx_word' id='word_1_122' title='bbox 1681 3925 1752 3991; x_wconf 89' lang='lat' dir='ltr'><strong>in</strong></span> <span class='ocrx_word' id='word_1_123' title='bbox 1770 3921 2058 3992; x_wconf 83' lang='lat' dir='ltr'><strong>Psalmis</strong></span> <span class='ocrx_word' id='word_1_124' title='bbox 2076 3920 2517 4014; x_wconf 85' lang='lat' dir='ltr'><strong>gradualibus</strong></span> <span class='ocrx_word' id='word_1_125' title='bbox 2536 3921 2657 3990; x_wconf 89' lang='lat' dir='ltr'><strong>de-</strong></span> 
     </span>
     <span class='ocr_line' id='line_1_27' title="bbox 1097 4027 2657 4124; baseline -0.004 -21"><span class='ocrx_word' id='word_1_126' title='bbox 1097 4035 1315 4105; x_wconf 89' lang='lat' dir='ltr'><strong>cimus</strong></span> <span class='ocrx_word' id='word_1_127' title='bbox 1353 4041 1662 4124; x_wconf 85' lang='lat' dir='ltr'><strong>quartus,</strong></span> <span class='ocrx_word' id='word_1_128' title='bbox 1698 4039 1980 4122; x_wconf 90' lang='lat' dir='ltr'><strong>quartus</strong></span> <span class='ocrx_word' id='word_1_129' title='bbox 2007 4039 2236 4100; x_wconf 87' lang='lat' dir='ltr'><strong>autem</strong></span> <span class='ocrx_word' id='word_1_130' title='bbox 2267 4028 2444 4098; x_wconf 88' lang='lat' dir='ltr'><strong>inter</strong></span> <span class='ocrx_word' id='word_1_131' title='bbox 2501 4027 2657 4097; x_wconf 91' lang='lat' dir='ltr'><strong>illos</strong></span> 
     </span>
     <span class='ocr_line' id='line_1_28' title="bbox 1098 4134 2657 4233; baseline -0.001 -26"><span class='ocrx_word' id='word_1_132' title='bbox 1098 4141 1212 4233; x_wconf 89' lang='lat' dir='ltr'><strong>qui</strong></span> <span class='ocrx_word' id='word_1_133' title='bbox 1236 4139 1579 4233; x_wconf 85' lang='lat' dir='ltr'><strong>pertinent</strong></span> <span class='ocrx_word' id='word_1_134' title='bbox 1609 4137 1695 4207; x_wconf 94' lang='lat' dir='ltr'><strong>ad</strong></span> <span class='ocrx_word' id='word_1_135' title='bbox 1721 4135 2388 4207; x_wconf 79' lang='lat' dir='ltr'><strong>consummationem</strong></span> <span class='ocrx_word' id='word_1_136' title='bbox 2418 4136 2488 4205; x_wconf 88' lang='lat' dir='ltr'><strong>in</strong></span> <span class='ocrx_word' id='word_1_137' title='bbox 2533 4134 2657 4205; x_wconf 83' lang='lat' dir='ltr'><strong>bo·</strong></span> 
     </span>
     <span class='ocr_line' id='line_1_29' title="bbox 1097 4269 1213 4317; baseline 0.026 -3"><span class='ocrx_word' id='word_1_138' title='bbox 1097 4269 1213 4317; x_wconf 90' lang='lat' dir='ltr'><strong>no.</strong></span> 
     </span>
    </p>
   </div>
   <div class='ocr_carea' id='block_1_13' title="bbox 1107 4565 2653 4658">
    <p class='ocr_par' dir='ltr' id='par_1_15' title="bbox 1107 4565 2653 4658">
     <span class='ocr_line' id='line_1_30' title="bbox 1107 4565 2653 4658; baseline -0.002 -20"><span class='ocrx_word' id='word_1_139' title='bbox 1107 4569 1536 4652; x_wconf 76' lang='lat' dir='ltr'><strong>confidentia,</strong></span> <span class='ocrx_word' id='word_1_140' title='bbox 1571 4568 1800 4651; x_wconf 89' lang='lat' dir='ltr'><strong>tertio,</strong></span> <span class='ocrx_word' id='word_1_141' title='bbox 1842 4566 1927 4636; x_wconf 88' lang='lat' dir='ltr'><strong>de</strong></span> <span class='ocrx_word' id='word_1_142' title='bbox 1946 4566 2248 4658; x_wconf 80' lang='lat' dir='ltr'><strong>appetitu</strong></span> <span class='ocrx_word' id='word_1_143' title='bbox 2280 4574 2349 4636; x_wconf 87' lang='lat' dir='ltr'><strong>et</strong></span> <span class='ocrx_word' id='word_1_144' title='bbox 2386 4565 2653 4635; x_wconf 87' lang='lat' dir='ltr'><strong>deside-</strong></span> 
     </span>
    </p>
   </div>
   <div class='ocr_carea' id='block_1_14' title="bbox 1099 4835 2656 5793">
    <p class='ocr_par' dir='ltr' id='par_1_16' title="bbox 1099 4835 2656 5717">
     <span class='ocr_line' id='line_1_31' title="bbox 1172 4835 2653 4914; baseline -0.005 -15"><span class='ocrx_word' id='word_1_145' title='bbox 1172 4842 1191 4878; x_wconf 83' lang='lat'>¹</span> <span class='ocrx_word' id='word_1_146' title='bbox 1231 4840 1310 4899; x_wconf 86' lang='lat' dir='ltr'><strong>Ce</strong></span> <span class='ocrx_word' id='word_1_147' title='bbox 1339 4855 1610 4914; x_wconf 80' lang='lat' dir='ltr'><strong>psanme,</strong></span> <span class='ocrx_word' id='word_1_148' title='bbox 1639 4836 1730 4895; x_wconf 85' lang='lat' dir='ltr'><strong>dit</strong></span> <span class='ocrx_word' id='word_1_149' title='bbox 1763 4838 1836 4895; x_wconf 71' lang='grc' dir='ltr'><strong>Μ.</strong></span> <span class='ocrx_word' id='word_1_150' title='bbox 1885 4835 2075 4894; x_wconf 80' lang='lat' dir='ltr'><strong>l&#39;abbe</strong></span> <span class='ocrx_word' id='word_1_151' title='bbox 2124 4835 2383 4903; x_wconf 79' lang='lat' dir='ltr'><strong>Lesetre.</strong></span> <span class='ocrx_word' id='word_1_152' title='bbox 2414 4835 2653 4894; x_wconf 80' lang='lat' dir='ltr'><strong>celebre</strong></span> 
     </span>
     <span class='ocr_line' id='line_1_32' title="bbox 1099 4925 2652 4987; baseline -0.002 -1"><span class='ocrx_word' id='word_1_153' title='bbox 1099 4929 1189 4987; x_wconf 87' lang='lat' dir='ltr'><strong>les</strong></span> <span class='ocrx_word' id='word_1_154' title='bbox 1224 4930 1498 4986; x_wconf 82' lang='lat' dir='ltr'><strong>charmes</strong></span> <span class='ocrx_word' id='word_1_155' title='bbox 1556 4926 1632 4984; x_wconf 92' lang='lat' dir='ltr'><strong>de</strong></span> <span class='ocrx_word' id='word_1_156' title='bbox 1674 4926 1904 4984; x_wconf 82' lang='lat' dir='ltr'><strong>l&#39;union</strong></span> <span class='ocrx_word' id='word_1_157' title='bbox 1962 4925 2327 4984; x_wconf 72' lang='lat' dir='ltr'><strong>fraternelle.</strong></span> <span class='ocrx_word' id='word_1_158' title='bbox 2379 4926 2454 4983; x_wconf 86' lang='lat' dir='ltr'><strong>Le</strong></span> <span class='ocrx_word' id='word_1_159' title='bbox 2514 4925 2652 4983; x_wconf 87' lang='lat' dir='ltr'><strong>titre</strong></span> 
     </span>
     <span class='ocr_line' id='line_1_33' title="bbox 1099 5014 2656 5077; baseline -0.004 0"><span class='ocrx_word' id='word_1_160' title='bbox 1099 5018 1325 5077; x_wconf 77' lang='lat' dir='ltr'><strong>hebrea</strong></span> <span class='ocrx_word' id='word_1_161' title='bbox 1358 5016 1661 5075; x_wconf 84' lang='lat' dir='ltr'><strong>t&#39;attribue</strong></span> <span class='ocrx_word' id='word_1_162' title='bbox 1705 5017 1743 5073; x_wconf 78' lang='lat' dir='ltr'><strong>a</strong></span> <span class='ocrx_word' id='word_1_163' title='bbox 1782 5014 1961 5074; x_wconf 82' lang='lat' dir='ltr'><strong>David</strong></span> <span class='ocrx_word' id='word_1_164' title='bbox 1995 5033 2010 5072; x_wconf 72' lang='grc' dir='ltr'><em>τ</em></span> <span class='ocrx_word' id='word_1_165' title='bbox 2046 5015 2196 5073; x_wconf 87' lang='lat' dir='ltr'><strong>mais</strong></span> <span class='ocrx_word' id='word_1_166' title='bbox 2230 5032 2299 5073; x_wconf 88' lang='lat' dir='ltr'><strong>ce</strong></span> <span class='ocrx_word' id='word_1_167' title='bbox 2329 5015 2469 5073; x_wconf 83' lang='lat' dir='ltr'><strong>titre</strong></span> <span class='ocrx_word' id='word_1_168' title='bbox 2498 5016 2656 5073; x_wconf 84' lang='lat' dir='ltr'><strong>n&#39;est</strong></span> 
     </span>
     <span class='ocr_line' id='line_1_34' title="bbox 1101 5107 2652 5185; baseline -0.002 -16"><span class='ocrx_word' id='word_1_169' title='bbox 1101 5126 1209 5185; x_wconf 82' lang='lat' dir='ltr'><strong>pas</strong></span> <span class='ocrx_word' id='word_1_170' title='bbox 1257 5110 1409 5168; x_wconf 89' lang='lat' dir='ltr'><strong>dans</strong></span> <span class='ocrx_word' id='word_1_171' title='bbox 1467 5115 1601 5166; x_wconf 87' lang='lat' dir='ltr'><strong>tons</strong></span> <span class='ocrx_word' id='word_1_172' title='bbox 1648 5107 1739 5165; x_wconf 84' lang='lat' dir='ltr'><strong>les</strong></span> <span class='ocrx_word' id='word_1_173' title='bbox 1783 5109 2164 5179; x_wconf 84' lang='lat' dir='ltr'><strong>manuscrits,</strong></span> <span class='ocrx_word' id='word_1_174' title='bbox 2209 5108 2342 5165; x_wconf 84' lang='lat' dir='ltr'><strong>etit</strong></span> <span class='ocrx_word' id='word_1_175' title='bbox 2388 5124 2652 5182; x_wconf 83' lang='lat' dir='ltr'><strong>manqne</strong></span> 
     </span>
     <span class='ocr_line' id='line_1_35' title="bbox 1100 5192 2652 5268; baseline -0.002 -14"><span class='ocrx_word' id='word_1_176' title='bbox 1100 5197 1253 5254; x_wconf 90' lang='lat' dir='ltr'><strong>dans</strong></span> <span class='ocrx_word' id='word_1_177' title='bbox 1283 5194 1692 5253; x_wconf 79' lang='lat' dir='ltr'><strong>l&#39;Alexandrin</strong></span> <span class='ocrx_word' id='word_1_178' title='bbox 1723 5199 1784 5249; x_wconf 87' lang='lat' dir='ltr'><strong>et</strong></span> <span class='ocrx_word' id='word_1_179' title='bbox 1810 5192 1866 5249; x_wconf 89' lang='lat' dir='ltr'><strong>le</strong></span> <span class='ocrx_word' id='word_1_180' title='bbox 1889 5193 2211 5252; x_wconf 81' lang='lat' dir='ltr'><strong>Chaldeen.</strong></span> <span class='ocrx_word' id='word_1_181' title='bbox 2242 5192 2478 5251; x_wconf 82' lang='lat' dir='ltr'><strong>D&#39;antre</strong></span> <span class='ocrx_word' id='word_1_182' title='bbox 2495 5200 2652 5268; x_wconf 81' lang='lat' dir='ltr'><strong>part,</strong></span> 
     </span>
     <span class='ocr_line' id='line_1_36' title="bbox 1101 5281 2653 5353; baseline -0.002 -11"><span class='ocrx_word' id='word_1_183' title='bbox 1101 5284 1156 5342; x_wconf 91' lang='lat' dir='ltr'><strong>le</strong></span> <span class='ocrx_word' id='word_1_184' title='bbox 1187 5300 1243 5346; x_wconf 71' lang='lat' dir='ltr'><strong>‘e</strong></span> <span class='ocrx_word' id='word_1_185' title='bbox 1281 5284 1486 5342; x_wconf 78' lang='lat' dir='ltr'><strong>relatis</strong></span> <span class='ocrx_word' id='word_1_186' title='bbox 1526 5283 1630 5340; x_wconf 88' lang='lat' dir='ltr'><strong>uni</strong></span> <span class='ocrx_word' id='word_1_187' title='bbox 1682 5299 1758 5339; x_wconf 88' lang='lat' dir='ltr'><strong>au</strong></span> <span class='ocrx_word' id='word_1_188' title='bbox 1806 5288 1933 5338; x_wconf 89' lang='lat' dir='ltr'><strong>mot</strong></span> <span class='ocrx_word' id='word_1_189' title='bbox 1986 5281 2239 5347; x_wconf 80' lang='lat' dir='ltr'><strong>suivant,</strong></span> <span class='ocrx_word' id='word_1_190' title='bbox 2270 5283 2327 5353; x_wconf 66' lang='grc'><strong>9.</strong></span> <span class='ocrx_word' id='word_1_191' title='bbox 2381 5283 2442 5353; x_wconf 85' lang='grc'><strong>2,</strong></span> <span class='ocrx_word' id='word_1_192' title='bbox 2480 5299 2558 5340; x_wconf 89' lang='lat' dir='ltr'><strong>ne</strong></span> <span class='ocrx_word' id='word_1_193' title='bbox 2588 5299 2653 5339; x_wconf 86' lang='lat' dir='ltr'><strong>se</strong></span> 
     </span>
     <span class='ocr_line' id='line_1_37' title="bbox 1100 5369 2652 5448; baseline -0.001 -18"><span class='ocrx_word' id='word_1_194' title='bbox 1100 5379 1305 5432; x_wconf 77' lang='lat' dir='ltr'><strong>trouve</strong></span> <span class='ocrx_word' id='word_1_195' title='bbox 1344 5374 1515 5448; x_wconf 81' lang='lat' dir='ltr'><strong>point</strong></span> <span class='ocrx_word' id='word_1_196' title='bbox 1550 5373 1705 5430; x_wconf 82' lang='lat' dir='ltr'><strong>dans</strong></span> <span class='ocrx_word' id='word_1_197' title='bbox 1739 5370 1799 5428; x_wconf 90' lang='lat' dir='ltr'><strong>la</strong></span> <span class='ocrx_word' id='word_1_198' title='bbox 1849 5369 2182 5429; x_wconf 73' lang='lat' dir='ltr'><strong>litterature</strong></span> <span class='ocrx_word' id='word_1_199' title='bbox 2228 5372 2571 5429; x_wconf 85' lang='lat' dir='ltr'><strong>anterienre</strong></span> <span class='ocrx_word' id='word_1_200' title='bbox 2615 5371 2652 5428; x_wconf 72' lang='lat' dir='ltr'><strong>a</strong></span> 
     </span>
     <span class='ocr_line' id='line_1_38' title="bbox 1099 5449 2655 5534; baseline -0.001 -14"><span class='ocrx_word' id='word_1_201' title='bbox 1099 5461 1280 5520; x_wconf 83' lang='lat' dir='ltr'><strong>l‘exil.</strong></span> <span class='ocrx_word' id='word_1_202' title='bbox 1305 5461 1381 5519; x_wconf 79' lang='lat' dir='ltr'><strong>Le</strong></span> <span class='ocrx_word' id='word_1_203' title='bbox 1411 5479 1555 5519; x_wconf 89' lang='lat' dir='ltr'><strong>nom</strong></span> <span class='ocrx_word' id='word_1_204' title='bbox 1577 5460 1653 5517; x_wconf 89' lang='lat' dir='ltr'><strong>de</strong></span> <span class='ocrx_word' id='word_1_205' title='bbox 1674 5458 1856 5517; x_wconf 76' lang='lat' dir='ltr'><strong>David</strong></span> <span class='ocrx_word' id='word_1_206' title='bbox 1875 5459 2110 5534; x_wconf 83' lang='lat' dir='ltr'><strong>signisse</strong></span> <span class='ocrx_word' id='word_1_207' title='bbox 2138 5460 2294 5517; x_wconf 88' lang='lat' dir='ltr'><strong>donc</strong></span> <span class='ocrx_word' id='word_1_208' title='bbox 2314 5449 2655 5519; x_wconf 82' lang='lat' dir='ltr'><strong>seulement</strong></span> 
     </span>
     <span class='ocr_line' id='line_1_39' title="bbox 1099 5551 2652 5628; baseline 0 -18"><span class='ocrx_word' id='word_1_209' title='bbox 1099 5569 1217 5628; x_wconf 85' lang='lat' dir='ltr'><strong>qne</strong></span> <span class='ocrx_word' id='word_1_210' title='bbox 1245 5554 1304 5610; x_wconf 87' lang='lat' dir='ltr'><strong>te</strong></span> <span class='ocrx_word' id='word_1_211' title='bbox 1333 5567 1580 5627; x_wconf 83' lang='lat' dir='ltr'><strong>psaume</strong></span> <span class='ocrx_word' id='word_1_212' title='bbox 1600 5569 1639 5610; x_wconf 83' lang='lat' dir='ltr'><strong>a</strong></span> <span class='ocrx_word' id='word_1_213' title='bbox 1662 5555 1758 5611; x_wconf 78' lang='lat' dir='ltr'><strong>ete</strong></span> <span class='ocrx_word' id='word_1_214' title='bbox 1786 5553 2066 5626; x_wconf 79' lang='lat' dir='ltr'><strong>compose</strong></span> <span class='ocrx_word' id='word_1_215' title='bbox 2096 5552 2133 5609; x_wconf 66' lang='lat' dir='ltr'><strong>e</strong></span> <span class='ocrx_word' id='word_1_216' title='bbox 2160 5551 2221 5610; x_wconf 89' lang='lat' dir='ltr'><strong>la</strong></span> <span class='ocrx_word' id='word_1_217' title='bbox 2246 5551 2517 5610; x_wconf 74' lang='lat' dir='ltr'><strong>maniere</strong></span> <span class='ocrx_word' id='word_1_218' title='bbox 2543 5553 2652 5610; x_wconf 88' lang='lat' dir='ltr'><strong>des</strong></span> 
     </span>
     <span class='ocr_line' id='line_1_40' title="bbox 1103 5641 1819 5717; baseline -0.003 -16"><span class='ocrx_word' id='word_1_219' title='bbox 1103 5659 1384 5717; x_wconf 82' lang='lat' dir='ltr'><strong>psaumes</strong></span> <span class='ocrx_word' id='word_1_220' title='bbox 1411 5642 1492 5701; x_wconf 88' lang='lat' dir='ltr'><strong>dn</strong></span> <span class='ocrx_word' id='word_1_221' title='bbox 1522 5643 1684 5700; x_wconf 80' lang='lat' dir='ltr'><strong>saint</strong></span> <span class='ocrx_word' id='word_1_222' title='bbox 1707 5641 1819 5700; x_wconf 88' lang='lat' dir='ltr'><strong>roi.</strong></span> 
     </span>
    </p>

    <p class='ocr_par' dir='ltr' id='par_1_17' title="bbox 1178 5732 2652 5793">
     <span class='ocr_line' id='line_1_41' title="bbox 1178 5732 2652 5793; baseline 0 -2"><span class='ocrx_word' id='word_1_223' title='bbox 1178 5734 1453 5793; x_wconf 82' lang='lat' dir='ltr'><strong>L&#39;auteur</strong></span> <span class='ocrx_word' id='word_1_224' title='bbox 1488 5733 1683 5791; x_wconf 84' lang='lat' dir='ltr'><strong>decrit</strong></span> <span class='ocrx_word' id='word_1_225' title='bbox 1736 5732 2046 5792; x_wconf 80' lang='lat' dir='ltr'><strong>l&#39;henrenx</strong></span> <span class='ocrx_word' id='word_1_226' title='bbox 2080 5732 2205 5792; x_wconf 81' lang='lat' dir='ltr'><strong>etat</strong></span> <span class='ocrx_word' id='word_1_227' title='bbox 2231 5732 2339 5793; x_wconf 86' lang='lat' dir='ltr'><strong>des</strong></span> <span class='ocrx_word' id='word_1_228' title='bbox 2382 5733 2535 5792; x_wconf 78' lang='lat' dir='ltr'><strong>Jnit&#39;s</strong></span> <span class='ocrx_word' id='word_1_229' title='bbox 2574 5749 2652 5792; x_wconf 89' lang='lat' dir='ltr'><strong>au</strong></span> 
     </span>
    </p>
   </div>
   <div class='ocr_carea' id='block_1_15' title="bbox 3048 2266 3806 2357">
    <p class='ocr_par' dir='ltr' id='par_1_18' title="bbox 3048 2266 3806 2357">
     <span class='ocr_line' id='line_1_42' title="bbox 3048 2266 3806 2357; baseline 0 -23"><span class='ocrx_word' id='word_1_230' title='bbox 3048 2287 3283 2357; x_wconf 84' lang='lat' dir='ltr'><strong>usque</strong></span> <span class='ocrx_word' id='word_1_231' title='bbox 3316 2266 3387 2337; x_wconf 91' lang='lat' dir='ltr'><strong>in</strong></span> <span class='ocrx_word' id='word_1_232' title='bbox 3433 2266 3806 2337; x_wconf 83' lang='lat' dir='ltr'><strong>saeculum.</strong></span> 
     </span>
    </p>
   </div>
   <div class='ocr_carea' id='block_1_16' title="bbox 2772 2632 4333 3157">
    <p class='ocr_par' dir='ltr' id='par_1_19' title="bbox 2772 2632 4333 3157">
     <span class='ocr_line' id='line_1_43' title="bbox 2778 2632 4333 2728; baseline 0.004 -29"><span class='ocrx_word' id='word_1_233' title='bbox 2778 2632 2880 2699; x_wconf 91' lang='lat' dir='ltr'><strong>rio</strong></span> <span class='ocrx_word' id='word_1_234' title='bbox 2903 2632 3371 2701; x_wconf 65' lang='lat' dir='ltr'><strong>aedificationis</strong></span> <span class='ocrx_word' id='word_1_235' title='bbox 3392 2633 3735 2719; x_wconf 67' lang='lat' dir='ltr'><strong>Ecclesiae,</strong></span> <span class='ocrx_word' id='word_1_236' title='bbox 3763 2633 4333 2728; x_wconf 79' lang='lat' dir='ltr'><strong>hic&#39;subjungitur</strong></span> 
     </span>
     <span class='ocr_line' id='line_1_44' title="bbox 2775 2738 4323 2814; baseline 0.005 -8"><span class='ocrx_word' id='word_1_237' title='bbox 2775 2738 2859 2806; x_wconf 88' lang='lat' dir='ltr'><strong>de</strong></span> <span class='ocrx_word' id='word_1_238' title='bbox 2915 2740 3509 2810; x_wconf 82' lang='lat' dir='ltr'><strong>commendatione</strong></span> <span class='ocrx_word' id='word_1_239' title='bbox 3559 2742 3869 2811; x_wconf 81' lang='lat' dir='ltr'><strong>fraternae</strong></span> <span class='ocrx_word' id='word_1_240' title='bbox 3905 2742 4255 2814; x_wconf 86' lang='lat' dir='ltr'><strong>charitatis</strong></span> <span class='ocrx_word' id='word_1_241' title='bbox 4306 2767 4323 2813; x_wconf 76' lang='grc' dir='ltr'><strong><em>ε</em></strong></span> 
     </span>
     <span class='ocr_line' id='line_1_45' title="bbox 2777 2844 4329 2944; baseline 0.005 -31"><span class='ocrx_word' id='word_1_242' title='bbox 2777 2844 2958 2915; x_wconf 89' lang='lat' dir='ltr'><strong>hanc</strong></span> <span class='ocrx_word' id='word_1_243' title='bbox 2987 2849 3171 2916; x_wconf 90' lang='lat' dir='ltr'><strong>enim</strong></span> <span class='ocrx_word' id='word_1_244' title='bbox 3204 2848 3452 2941; x_wconf 82' lang='lat' dir='ltr'><strong>diligit,</strong></span> <span class='ocrx_word' id='word_1_245' title='bbox 3497 2847 3673 2917; x_wconf 87' lang='lat' dir='ltr'><strong>hanc</strong></span> <span class='ocrx_word' id='word_1_246' title='bbox 3701 2852 4142 2921; x_wconf 89' lang='lat' dir='ltr'><strong>commendat</strong></span> <span class='ocrx_word' id='word_1_247' title='bbox 4178 2875 4329 2944; x_wconf 87' lang='lat' dir='ltr'><strong>per·</strong></span> 
     </span>
     <span class='ocr_line' id='line_1_46' title="bbox 2774 2953 4326 3052; baseline 0.007 -32"><span class='ocrx_word' id='word_1_248' title='bbox 2774 2953 2987 3024; x_wconf 76' lang='lat' dir='ltr'><strong>fectus</strong></span> <span class='ocrx_word' id='word_1_249' title='bbox 3013 2957 3123 3024; x_wconf 83' lang='lat' dir='ltr'><strong>vir</strong></span> <span class='ocrx_word' id='word_1_250' title='bbox 3167 2980 3184 3026; x_wconf 74' lang='grc' dir='ltr'><strong><em>ε</em></strong></span> <span class='ocrx_word' id='word_1_251' title='bbox 3224 2956 3367 3026; x_wconf 80' lang='lat' dir='ltr'><strong>hoec</strong></span> <span class='ocrx_word' id='word_1_252' title='bbox 3413 2958 3620 3027; x_wconf 87' lang='lat' dir='ltr'><strong>etiam</strong></span> <span class='ocrx_word' id='word_1_253' title='bbox 3668 2968 3771 3029; x_wconf 88' lang='lat' dir='ltr'><strong>est</strong></span> <span class='ocrx_word' id='word_1_254' title='bbox 3824 2982 3981 3052; x_wconf 78' lang='lat' dir='ltr'><strong>quae</strong></span> <span class='ocrx_word' id='word_1_255' title='bbox 4037 2960 4326 3031; x_wconf 67' lang='lat' dir='ltr'><strong>aedificat</strong></span> 
     </span>
     <span class='ocr_line' id='line_1_47' title="bbox 2772 3060 3738 3157; baseline 0.005 -28"><span class='ocrx_word' id='word_1_256' title='bbox 2772 3060 3143 3131; x_wconf 83' lang='lat' dir='ltr'><strong>Ecclesiam</strong></span> <span class='ocrx_word' id='word_1_257' title='bbox 3185 3073 3252 3133; x_wconf 91' lang='lat' dir='ltr'><strong>et</strong></span> <span class='ocrx_word' id='word_1_258' title='bbox 3279 3066 3738 3157; x_wconf 84' lang='lat' dir='ltr'><strong>compaginat.</strong></span> 
     </span>
    </p>
   </div>
   <div class='ocr_carea' id='block_1_17' title="bbox 2765 3169 4327 4020">
    <p class='ocr_par' dir='ltr' id='par_1_20' title="bbox 2765 3169 4327 3688">
     <span class='ocr_line' id='line_1_48' title="bbox 2862 3169 4327 3269; baseline 0.009 -31"><span class='ocrx_word' id='word_1_259' title='bbox 2862 3169 3097 3241; x_wconf 84' lang='lat' dir='ltr'><strong>Primo</strong></span> <span class='ocrx_word' id='word_1_260' title='bbox 3147 3196 3310 3266; x_wconf 88' lang='lat' dir='ltr'><strong>ergo</strong></span> <span class='ocrx_word' id='word_1_261' title='bbox 3361 3177 3760 3269; x_wconf 63' lang='lat' dir='ltr'><strong>supernam:</strong></span> <span class='ocrx_word' id='word_1_262' title='bbox 3787 3175 4216 3262; x_wconf 89' lang='lat' dir='ltr'><strong>charitatem,</strong></span> <span class='ocrx_word' id='word_1_263' title='bbox 4258 3190 4327 3251; x_wconf 96' lang='lat' dir='ltr'><strong>et</strong></span> 
     </span>
     <span class='ocr_line' id='line_1_49' title="bbox 2769 3278 4323 3375; baseline 0.008 -30"><span class='ocrx_word' id='word_1_264' title='bbox 2769 3278 3098 3348; x_wconf 86' lang='lat' dir='ltr'><strong>unionem</strong></span> <span class='ocrx_word' id='word_1_265' title='bbox 3183 3283 3645 3363; x_wconf 88' lang='lat' dir='ltr'><strong>commendat,</strong></span> <span class='ocrx_word' id='word_1_266' title='bbox 3712 3288 4069 3375; x_wconf 84' lang='lat' dir='ltr'><strong>praemisso</strong></span> <span class='ocrx_word' id='word_1_267' title='bbox 4125 3287 4323 3358; x_wconf 87' lang='lat' dir='ltr'><strong>titulo</strong></span> 
     </span>
     <span class='ocr_line' id='line_1_50' title="bbox 2767 3387 4327 3482; baseline 0.006 -27"><span class='ocrx_word' id='word_1_268' title='bbox 2767 3394 3125 3457; x_wconf 88' lang='lat' dir='ltr'><strong>consueto.</strong></span> <span class='ocrx_word' id='word_1_269' title='bbox 3192 3387 3537 3470; x_wconf 89' lang='lat' dir='ltr'><strong>Secundo,</strong></span> <span class='ocrx_word' id='word_1_270' title='bbox 3587 3391 3832 3482; x_wconf 85' lang='lat' dir='ltr'><strong>probat</strong></span> <span class='ocrx_word' id='word_1_271' title='bbox 3877 3395 4327 3464; x_wconf 87' lang='lat' dir='ltr'><strong>commenda·</strong></span> 
     </span>
     <span class='ocr_line' id='line_1_51' title="bbox 2766 3492 4325 3578; baseline 0.006 -18"><span class='ocrx_word' id='word_1_272' title='bbox 2766 3492 3026 3561; x_wconf 89' lang='lat' dir='ltr'><strong>tionem</strong></span> <span class='ocrx_word' id='word_1_273' title='bbox 3073 3493 3350 3578; x_wconf 85' lang='lat' dir='ltr'><strong>dietam,</strong></span> <span class='ocrx_word' id='word_1_274' title='bbox 3409 3496 3528 3577; x_wconf 89' lang='lat' dir='ltr'><strong>ibi,</strong></span> <span class='ocrx_word' id='word_1_275' title='bbox 3596 3506 3661 3575; x_wconf 71' lang='lat'><strong>5.</strong></span> <span class='ocrx_word' id='word_1_276' title='bbox 3706 3500 3746 3566; x_wconf 82' lang='lat'>2</span> <span class='ocrx_word' id='word_1_277' title='bbox 3790 3520 3806 3567; x_wconf 90' lang='lat'>:</span> <span class='ocrx_word' id='word_1_278' title='bbox 3855 3525 3889 3566; x_wconf 71' lang='grc' dir='ltr'>ι</span> <span class='ocrx_word' id='word_1_279' title='bbox 3947 3501 4150 3571; x_wconf 78' lang='lat' dir='ltr'><strong>Sicut</strong></span> <span class='ocrx_word' id='word_1_280' title='bbox 4189 3523 4325 3570; x_wconf 72' lang='lat' dir='ltr'><strong>tm-</strong></span> 
     </span>
     <span class='ocr_line' id='line_1_52' title="bbox 2765 3610 3199 3688; baseline 0 -21"><span class='ocrx_word' id='word_1_281' title='bbox 2765 3610 3125 3688; x_wconf 72' lang='lat' dir='ltr'><strong>quentum.</strong></span> <span class='ocrx_word' id='word_1_282' title='bbox 3165 3626 3199 3667; x_wconf 65' lang='lat'>2</span> 
     </span>
    </p>

    <p class='ocr_par' dir='ltr' id='par_1_21' title="bbox 2765 3707 4320 4020">
     <span class='ocr_line' id='line_1_53' title="bbox 2858 3707 4318 3800; baseline 0.008 -25"><span class='ocrx_word' id='word_1_283' title='bbox 2858 3707 2937 3777; x_wconf 89' lang='lat' dir='ltr'><strong>ln</strong></span> <span class='ocrx_word' id='word_1_284' title='bbox 2984 3711 3206 3800; x_wconf 83' lang='lat' dir='ltr'><strong>prima</strong></span> <span class='ocrx_word' id='word_1_285' title='bbox 3261 3709 3397 3780; x_wconf 87' lang='lat' dir='ltr'><strong>duo</strong></span> <span class='ocrx_word' id='word_1_286' title='bbox 3469 3711 3727 3793; x_wconf 80' lang='lat' dir='ltr'><strong>Primo,</strong></span> <span class='ocrx_word' id='word_1_287' title='bbox 3770 3715 4318 3787; x_wconf 87' lang='lat' dir='ltr'><strong>commendando</strong></span> 
     </span>
     <span class='ocr_line' id='line_1_54' title="bbox 2767 3815 4320 3909; baseline 0.008 -27"><span class='ocrx_word' id='word_1_288' title='bbox 2767 3815 2929 3884; x_wconf 90' lang='lat' dir='ltr'><strong>dicit</strong></span> <span class='ocrx_word' id='word_1_289' title='bbox 2960 3815 3149 3885; x_wconf 88' lang='lat' dir='ltr'><strong>illam</strong></span> <span class='ocrx_word' id='word_1_290' title='bbox 3188 3817 3385 3888; x_wconf 76' lang='lat' dir='ltr'><strong>valde</strong></span> <span class='ocrx_word' id='word_1_291' title='bbox 3428 3819 3691 3890; x_wconf 84' lang='lat' dir='ltr'><strong>utilem.</strong></span> <span class='ocrx_word' id='word_1_292' title='bbox 3750 3820 4094 3909; x_wconf 87' lang='lat' dir='ltr'><strong>Secundo,</strong></span> <span class='ocrx_word' id='word_1_293' title='bbox 4141 3822 4320 3895; x_wconf 86' lang='lat' dir='ltr'><strong>dele-</strong></span> 
     </span>
     <span class='ocr_line' id='line_1_55' title="bbox 2765 3921 4256 4020; baseline 0.006 -28"><span class='ocrx_word' id='word_1_294' title='bbox 2765 3921 3107 4002; x_wconf 86' lang='lat' dir='ltr'><strong>ctabilem,</strong></span> <span class='ocrx_word' id='word_1_295' title='bbox 3146 3926 3263 4011; x_wconf 86' lang='lat' dir='ltr'><strong>ibi,</strong></span> <span class='ocrx_word' id='word_1_296' title='bbox 3300 3952 3334 3993; x_wconf 68' lang='lat' dir='ltr'><strong>a</strong></span> <span class='ocrx_word' id='word_1_297' title='bbox 3382 3930 3478 3996; x_wconf 81' lang='lat' dir='ltr'><strong>Et</strong></span> <span class='ocrx_word' id='word_1_298' title='bbox 3513 3951 3725 4020; x_wconf 82' lang='lat' dir='ltr'><strong>quam</strong></span> <span class='ocrx_word' id='word_1_299' title='bbox 3742 3929 4169 4020; x_wconf 78' lang='lat' dir='ltr'><strong>jucundum.</strong></span> <span class='ocrx_word' id='word_1_300' title='bbox 4218 3960 4256 4000; x_wconf 70' lang='lat' dir='ltr'><strong>a</strong></span> 
     </span>
    </p>
   </div>
   <div class='ocr_carea' id='block_1_18' title="bbox 2850 4242 4312 4335">
    <p class='ocr_par' dir='ltr' id='par_1_22' title="bbox 2850 4242 4312 4335">
     <span class='ocr_line' id='line_1_56' title="bbox 2850 4242 4312 4335; baseline 0.005 -24"><span class='ocrx_word' id='word_1_301' title='bbox 2850 4242 3034 4311; x_wconf 88' lang='lat' dir='ltr'><strong>Dicit</strong></span> <span class='ocrx_word' id='word_1_302' title='bbox 3063 4265 3226 4335; x_wconf 85' lang='lat' dir='ltr'><strong>ergo</strong></span> <span class='ocrx_word' id='word_1_303' title='bbox 3260 4266 3276 4312; x_wconf 74' lang='grc' dir='ltr'><strong><em>ε</em></strong></span> <span class='ocrx_word' id='word_1_304' title='bbox 3304 4242 3419 4314; x_wconf 88' lang='lat' dir='ltr'><strong>Sic</strong></span> <span class='ocrx_word' id='word_1_305' title='bbox 3445 4245 3882 4315; x_wconf 76' lang='lat' dir='ltr'><strong>aedilicatisin</strong></span> <span class='ocrx_word' id='word_1_306' title='bbox 3912 4245 4211 4329; x_wconf 84' lang='lat' dir='ltr'><strong>Christo,</strong></span> <span class='ocrx_word' id='word_1_307' title='bbox 4243 4257 4312 4319; x_wconf 85' lang='lat' dir='ltr'><strong>et</strong></span> 
     </span>
    </p>
   </div>
   <div class='ocr_carea' id='block_1_19' title="bbox 2766 4566 4310 4663">
    <p class='ocr_par' dir='ltr' id='par_1_23' title="bbox 2766 4566 4310 4663">
     <span class='ocr_line' id='line_1_57' title="bbox 2766 4566 4310 4663; baseline 0.008 -31"><span class='ocrx_word' id='word_1_308' title='bbox 2766 4591 2800 4632; x_wconf 72' lang='grc' dir='ltr'>ι</span> <span class='ocrx_word' id='word_1_309' title='bbox 2844 4589 3059 4658; x_wconf 79' lang='lat' dir='ltr'><strong>quam</strong></span> <span class='ocrx_word' id='word_1_310' title='bbox 3107 4566 3384 4651; x_wconf 83' lang='lat' dir='ltr'><strong>bonum,</strong></span> <span class='ocrx_word' id='word_1_311' title='bbox 3465 4593 3499 4634; x_wconf 80' lang='lat'><strong>»</strong></span> <span class='ocrx_word' id='word_1_312' title='bbox 3562 4568 3629 4637; x_wconf 91' lang='lat' dir='ltr'><strong>id</strong></span> <span class='ocrx_word' id='word_1_313' title='bbox 3675 4578 3803 4651; x_wconf 86' lang='lat' dir='ltr'><strong>est,</strong></span> <span class='ocrx_word' id='word_1_314' title='bbox 3847 4593 4059 4663; x_wconf 89' lang='lat' dir='ltr'><strong>quam</strong></span> <span class='ocrx_word' id='word_1_315' title='bbox 4117 4574 4310 4654; x_wconf 85' lang='lat' dir='ltr'><strong>utile,</strong></span> 
     </span>
    </p>
   </div>
   <div class='ocr_carea' id='block_1_20' title="bbox 2762 4834 4323 5716">
    <p class='ocr_par' dir='ltr' id='par_1_24' title="bbox 2762 4834 4323 5716">
     <span class='ocr_line' id='line_1_58' title="bbox 2762 4834 4318 4918; baseline 0.009 -25"><span class='ocrx_word' id='word_1_316' title='bbox 2762 4841 2971 4893; x_wconf 85' lang='lat' dir='ltr'><strong>retour</strong></span> <span class='ocrx_word' id='word_1_317' title='bbox 3006 4834 3084 4893; x_wconf 85' lang='lat' dir='ltr'><strong>de</strong></span> <span class='ocrx_word' id='word_1_318' title='bbox 3130 4835 3189 4893; x_wconf 87' lang='lat' dir='ltr'><strong>la</strong></span> <span class='ocrx_word' id='word_1_319' title='bbox 3226 4836 3529 4911; x_wconf 77' lang='lat' dir='ltr'><strong>captivite‚</strong></span> <span class='ocrx_word' id='word_1_320' title='bbox 3561 4840 3765 4912; x_wconf 85' lang='lat' dir='ltr'><strong>quand</strong></span> <span class='ocrx_word' id='word_1_321' title='bbox 3798 4840 3890 4901; x_wconf 88' lang='lat' dir='ltr'><strong>les</strong></span> <span class='ocrx_word' id='word_1_322' title='bbox 3936 4844 4153 4918; x_wconf 86' lang='lat' dir='ltr'><strong>tribus,</strong></span> <span class='ocrx_word' id='word_1_323' title='bbox 4210 4863 4318 4907; x_wconf 87' lang='lat' dir='ltr'><strong>an·</strong></span> 
     </span>
     <span class='ocr_line' id='line_1_59' title="bbox 2764 4923 4315 5012; baseline 0.011 -32"><span class='ocrx_word' id='word_1_324' title='bbox 2764 4923 2970 4982; x_wconf 79' lang='lat' dir='ltr'><strong>tresois</strong></span> <span class='ocrx_word' id='word_1_325' title='bbox 2998 4924 3232 4992; x_wconf 81' lang='lat' dir='ltr'><strong>rivales.</strong></span> <span class='ocrx_word' id='word_1_326' title='bbox 3255 4927 3483 4984; x_wconf 84' lang='lat' dir='ltr'><strong>etaient</strong></span> <span class='ocrx_word' id='word_1_327' title='bbox 3505 4927 3745 4986; x_wconf 80' lang='lat' dir='ltr'><strong>reunies</strong></span> <span class='ocrx_word' id='word_1_328' title='bbox 3775 4947 3851 4988; x_wconf 87' lang='lat' dir='ltr'><strong>en</strong></span> <span class='ocrx_word' id='word_1_329' title='bbox 3882 4948 3965 4990; x_wconf 87' lang='lat' dir='ltr'><strong>un</strong></span> <span class='ocrx_word' id='word_1_330' title='bbox 3988 4935 4116 4992; x_wconf 85' lang='lat' dir='ltr'><strong>seul</strong></span> <span class='ocrx_word' id='word_1_331' title='bbox 4139 4953 4315 5012; x_wconf 83' lang='lat' dir='ltr'><strong>corps</strong></span> 
     </span>
     <span class='ocr_line' id='line_1_60' title="bbox 2762 5010 4318 5086; baseline 0.011 -18"><span class='ocrx_word' id='word_1_332' title='bbox 2762 5010 2840 5069; x_wconf 87' lang='lat' dir='ltr'><strong>de</strong></span> <span class='ocrx_word' id='word_1_333' title='bbox 2868 5012 3100 5070; x_wconf 87' lang='lat' dir='ltr'><strong>nation.</strong></span> <span class='ocrx_word' id='word_1_334' title='bbox 3124 5013 3299 5071; x_wconf 80' lang='lat' dir='ltr'><strong>selon</strong></span> <span class='ocrx_word' id='word_1_335' title='bbox 3340 5014 3621 5083; x_wconf 79' lang='lat' dir='ltr'><strong>d‘antres.</strong></span> <span class='ocrx_word' id='word_1_336' title='bbox 3656 5017 3697 5074; x_wconf 89' lang='lat' dir='ltr'><strong>il</strong></span> <span class='ocrx_word' id='word_1_337' title='bbox 3728 5020 3925 5077; x_wconf 86' lang='lat' dir='ltr'><strong>aurait</strong></span> <span class='ocrx_word' id='word_1_338' title='bbox 3962 5038 4038 5079; x_wconf 90' lang='lat' dir='ltr'><strong>en</strong></span> <span class='ocrx_word' id='word_1_339' title='bbox 4080 5039 4188 5082; x_wconf 67' lang='lat' dir='ltr'><strong>rue</strong></span> <span class='ocrx_word' id='word_1_340' title='bbox 4228 5025 4318 5086; x_wconf 84' lang='lat' dir='ltr'><strong>les</strong></span> 
     </span>
     <span class='ocr_line' id='line_1_61' title="bbox 2764 5101 4320 5183; baseline 0.012 -26"><span class='ocrx_word' id='word_1_341' title='bbox 2764 5101 3030 5176; x_wconf 79' lang='lat' dir='ltr'><strong>peterins</strong></span> <span class='ocrx_word' id='word_1_342' title='bbox 3064 5103 3424 5162; x_wconf 83' lang='lat' dir='ltr'><strong>rassembles</strong></span> <span class='ocrx_word' id='word_1_343' title='bbox 3457 5105 3528 5162; x_wconf 77' lang='lat' dir='ltr'><strong>de</strong></span> <span class='ocrx_word' id='word_1_344' title='bbox 3563 5113 3757 5165; x_wconf 87' lang='lat' dir='ltr'><strong>tontes</strong></span> <span class='ocrx_word' id='word_1_345' title='bbox 3799 5117 3966 5183; x_wconf 83' lang='lat' dir='ltr'><strong>parts</strong></span> <span class='ocrx_word' id='word_1_346' title='bbox 4005 5113 4042 5170; x_wconf 72' lang='lat' dir='ltr'><strong>a</strong></span> <span class='ocrx_word' id='word_1_347' title='bbox 4082 5114 4320 5174; x_wconf 73' lang='lat' dir='ltr'><strong>Ierusa-</strong></span> 
     </span>
     <span class='ocr_line' id='line_1_62' title="bbox 2766 5191 4320 5269; baseline 0.01 -20"><span class='ocrx_word' id='word_1_348' title='bbox 2766 5192 2885 5250; x_wconf 90' lang='lat' dir='ltr'><strong>lem</strong></span> <span class='ocrx_word' id='word_1_349' title='bbox 2914 5197 2948 5250; x_wconf 64' lang='grc' dir='ltr'>δ</span> <span class='ocrx_word' id='word_1_350' title='bbox 2977 5191 3295 5251; x_wconf 81' lang='lat' dir='ltr'><strong>l&#39;occasion</strong></span> <span class='ocrx_word' id='word_1_351' title='bbox 3325 5194 3500 5251; x_wconf 78' lang='lat' dir='ltr'><strong>d&#39;nne</strong></span> <span class='ocrx_word' id='word_1_352' title='bbox 3532 5197 3637 5253; x_wconf 81' lang='lat' dir='ltr'><strong>«tes</strong></span> <span class='ocrx_word' id='word_1_353' title='bbox 3665 5200 3924 5269; x_wconf 70' lang='lat' dir='ltr'><strong>grandes</strong></span> <span class='ocrx_word' id='word_1_354' title='bbox 3953 5202 4123 5260; x_wconf 64' lang='lat' dir='ltr'><strong>setes.</strong></span> <span class='ocrx_word' id='word_1_355' title='bbox 4156 5206 4320 5266; x_wconf 82' lang='lat' dir='ltr'><strong>Getta</strong></span> 
     </span>
     <span class='ocr_line' id='line_1_63' title="bbox 2767 5282 4317 5367; baseline 0.011 -27"><span class='ocrx_word' id='word_1_356' title='bbox 2767 5282 3028 5341; x_wconf 85' lang='lat' dir='ltr'><strong>seconde</strong></span> <span class='ocrx_word' id='word_1_357' title='bbox 3058 5285 3421 5358; x_wconf 82' lang='lat' dir='ltr'><strong>application</strong></span> <span class='ocrx_word' id='word_1_358' title='bbox 3468 5287 3727 5344; x_wconf 84' lang='lat' dir='ltr'><strong>n’exctut</strong></span> <span class='ocrx_word' id='word_1_359' title='bbox 3755 5305 3861 5362; x_wconf 82' lang='lat' dir='ltr'><strong>pas</strong></span> <span class='ocrx_word' id='word_1_360' title='bbox 3905 5291 3966 5349; x_wconf 87' lang='lat' dir='ltr'><strong>la</strong></span> <span class='ocrx_word' id='word_1_361' title='bbox 3998 5296 4317 5367; x_wconf 76' lang='lat' dir='ltr'><strong>premiere.</strong></span> 
     </span>
     <span class='ocr_line' id='line_1_64' title="bbox 2767 5369 4319 5455; baseline 0.011 -28"><span class='ocrx_word' id='word_1_362' title='bbox 2767 5369 3014 5428; x_wconf 82' lang='lat' dir='ltr'><strong>L&#39;union</strong></span> <span class='ocrx_word' id='word_1_363' title='bbox 3043 5371 3409 5441; x_wconf 74' lang='lat' dir='ltr'><strong>fraternelle,</strong></span> <span class='ocrx_word' id='word_1_364' title='bbox 3438 5373 3712 5431; x_wconf 75' lang='lat' dir='ltr'><strong>celebres</strong></span> <span class='ocrx_word' id='word_1_365' title='bbox 3750 5393 3859 5448; x_wconf 83' lang='lat' dir='ltr'><strong>par</strong></span> <span class='ocrx_word' id='word_1_366' title='bbox 3896 5376 3953 5435; x_wconf 91' lang='lat' dir='ltr'><strong>le</strong></span> <span class='ocrx_word' id='word_1_367' title='bbox 3983 5381 4319 5455; x_wconf 79' lang='lat' dir='ltr'><strong>psalmista.</strong></span> 
     </span>
     <span class='ocr_line' id='line_1_65' title="bbox 2762 5461 4322 5546; baseline 0.011 -31"><span class='ocrx_word' id='word_1_368' title='bbox 2762 5483 2793 5514; x_wconf 76' lang='grc' dir='ltr'><strong>α</strong></span> <span class='ocrx_word' id='word_1_369' title='bbox 2827 5466 2972 5518; x_wconf 80' lang='lat' dir='ltr'><strong>tnnc</strong></span> <span class='ocrx_word' id='word_1_370' title='bbox 3000 5476 3138 5518; x_wconf 80' lang='lat' dir='ltr'><strong>vere</strong></span> <span class='ocrx_word' id='word_1_371' title='bbox 3169 5461 3476 5536; x_wconf 83' lang='lat' dir='ltr'><strong>impletur,</strong></span> <span class='ocrx_word' id='word_1_372' title='bbox 3507 5478 3642 5520; x_wconf 87' lang='lat' dir='ltr'><strong>cum</strong></span> <span class='ocrx_word' id='word_1_373' title='bbox 3687 5462 3750 5521; x_wconf 91' lang='lat' dir='ltr'><strong>in</strong></span> <span class='ocrx_word' id='word_1_374' title='bbox 3778 5482 3970 5525; x_wconf 84' lang='lat' dir='ltr'><strong>unum</strong></span> <span class='ocrx_word' id='word_1_375' title='bbox 4003 5478 4186 5546; x_wconf 83' lang='lat' dir='ltr'><strong>caput</strong></span> <span class='ocrx_word' id='word_1_376' title='bbox 4232 5479 4322 5532; x_wconf 89' lang='lat' dir='ltr'><strong>to·</strong></span> 
     </span>
     <span class='ocr_line' id='line_1_66' title="bbox 2762 5552 4323 5625; baseline 0.01 -21"><span class='ocrx_word' id='word_1_377' title='bbox 2762 5573 2793 5604; x_wconf 76' lang='grc' dir='ltr'><strong>α</strong></span> <span class='ocrx_word' id='word_1_378' title='bbox 2828 5552 2949 5608; x_wconf 85' lang='lat' dir='ltr'><strong>tius</strong></span> <span class='ocrx_word' id='word_1_379' title='bbox 2976 5552 3245 5625; x_wconf 82' lang='lat' dir='ltr'><strong>corporis</strong></span> <span class='ocrx_word' id='word_1_380' title='bbox 3263 5552 3480 5608; x_wconf 82' lang='lat' dir='ltr'><strong>Christi</strong></span> <span class='ocrx_word' id='word_1_381' title='bbox 3512 5553 3719 5611; x_wconf 88' lang='lat' dir='ltr'><strong>omnia</strong></span> <span class='ocrx_word' id='word_1_382' title='bbox 3747 5555 4020 5618; x_wconf 77' lang='lat' dir='ltr'><strong>fidelium</strong></span> <span class='ocrx_word' id='word_1_383' title='bbox 4052 5561 4323 5620; x_wconf 84' lang='lat' dir='ltr'><strong>membra</strong></span> 
     </span>
     <span class='ocr_line' id='line_1_67' title="bbox 2764 5641 3600 5716; baseline 0.007 -22"><span class='ocrx_word' id='word_1_384' title='bbox 2764 5663 2795 5694; x_wconf 72' lang='grc' dir='ltr'>κ</span> <span class='ocrx_word' id='word_1_385' title='bbox 2828 5645 3217 5701; x_wconf 85' lang='lat' dir='ltr'><strong>concurrunt.</strong></span> <span class='ocrx_word' id='word_1_386' title='bbox 3242 5661 3268 5694; x_wconf 76' lang='grc' dir='ltr'>ι</span> <span class='ocrx_word' id='word_1_387' title='bbox 3300 5641 3358 5698; x_wconf 89' lang='lat' dir='ltr'><strong>S.</strong></span> <span class='ocrx_word' id='word_1_388' title='bbox 3390 5642 3600 5716; x_wconf 83' lang='lat' dir='ltr'><strong>Prosp.</strong></span> 
     </span>
    </p>
   </div>
  </div>
 </body>
</html>
