5008 6329
944 530 1005 591 4

826 2557 1080 2604 miraculo.

815 2624 963 2670 grave
988 2626 1095 2671 puc-

877 2676 983 2713 ΕΙω
989 2681 1050 2712 ln.

1947 335 2660 405 COMMENTARIUS
2710 334 2802 401 lN
2853 336 3290 407 PSALMUM
3343 341 3582 411 cvm.

1253 528 1288 565 «
1332 504 1471 568 Pro
1501 525 1575 570 eo
1618 514 1696 570 ut
1750 528 1858 573 me
1923 508 2314 598 diliqerent.
2362 532 2394 572 n
2450 507 2580 573 Hic
2619 513 2723 572 est

1160 615 1260 674 est
1280 610 1582 691 tertium,
1606 610 1674 676 in
1698 633 1833 701 quo
1858 615 2176 692 ostendit,
2200 614 2384 705 quod
2406 635 2547 679 non
2573 620 2723 678 tan-

1157 723 1304 782 tum
1325 725 1481 783 sunt
1523 717 1825 805 injuriati
1876 723 2218 789 innocenti
2251 730 2319 788 et
2347 721 2558 799 bone,
2601 719 2720 787 sed

1156 824 1359 889 etiam
1400 823 1709 894 benefico
1746 849 1759 894 :
1790 829 1969 897 unde
2000 827 2110 895 hic
2149 826 2447 894 ostendit
2474 849 2717 894 eorum

1156 930 1517 1017 malitiam,
1553 943 1621 1003 et
1638 958 1833 1004 suam
1866 936 2411 1003 beneficentiam.
2446 934 2533 1002 Et
2571 921 2718 1025 pri-

1153 1062 1292 1119 me,
1338 1052 1673 1131 quantum
1715 1044 1801 1112 ad
1829 1042 2061 1111 verba.
2102 1042 2442 1120 Secunde,
2488 1066 2716 1134 quan-

1153 1154 1297 1215 tum
1320 1149 1405 1216 ad
1442 1149 1643 1229 facta,
1679 1151 1797 1228 ibi,
1830 1159 1894 1227 ᾗ.
1931 1153 1971 1218 5
2008 1172 2022 1216 ε
2054 1174 2086 1213 «
2113 1153 2207 1218 Ec
2226 1160 2634 1242 posuerunt.
2675 1177 2706 1212 »

1149 1254 1400 1337 Terti0‚
1436 1267 1772 1349 quantum
1824 1257 1911 1325 ad
1942 1258 2264 1325 interiora
2301 1258 2551 1341 cordiS,
2588 1257 2706 1339 ibi,

1154 1387 1186 1427 α
1223 1367 1317 1432 Et
1355 1366 1625 1432 odium.
1673 1393 1705 1426 »

1235 1473 1313 1540 ln
1344 1476 1566 1564 prima
1604 1473 1765 1540 duo.
1815 1472 2068 1552 Primo,
2130 1494 2368 1540 eorum
2418 1471 2702 1539 malitia.

1148 1581 1493 1662 Secundo,
1562 1582 2014 1651 benetie-entia
2094 1582 2243 1666 Dei,
2302 1581 2420 1657 ibi,
2483 1605 2516 1645 α
2550 1583 2706 1670 qu

1144 1700 1374 1757 aulem
1415 1690 1730 1758 orabam.
1769 1715 1801 1755 n

1230 1797 1411 1866 Dicit
1459 1821 1623 1887 ergo
1659 1821 1676 1867 ε
1750 1798 1865 1867 Sic
1934 1798 2513 1890 impugnaverunt
2594 1820 2705 1866 me

1141 1931 1296 1976 cum
1353 1907 1526 1976 nihil
1575 1909 2029 1976 meruissem:
2110 1914 2178 1975 et
2234 1908 2465 1985 etiam,
2519 1905 2705 1997 quod

1139 2014 1292 2105 plus
1323 2024 1450 2094 est,
1497 2013 1993 2081 «detrahebant
2050 2012 2246 2090 mihi,
2287 2038 2319 2078 n
2363 2020 2595 2102 aperte
2636 2020 2704 2080 et

1142 2129 1207 2195 in
1248 2125 1549 2218 publico,
1596 2150 1628 2191 e
1667 2148 1806 2217 pro
1844 2148 1919 2192 eo
1953 2135 2027 2192 ul
2066 2145 2173 2190 me
2219 2123 2613 2211 diliqerenl,
2664 2147 2697 2185 ιο

1142 2234 1207 2303 id
1250 2241 1378 2316 est,
1413 2241 1490 2301 ut
1518 2255 1627 2300 me
1678 2231 1963 2322 diligere
2030 2229 2379 2308 deberent,
2442 2228 2512 2295 id
2569 2236 2696 2306 est,

1141 2343 1574 2412 dilectionem
1636 2343 1703 2409 in
1781 2363 2099 2408 sermone
2157 2338 2543 2422 ostendere,
2631 2339 2700 2404 in

1142 2474 1458 2521 sermone
1512 2450 1925 2519 conferendo
1989 2471 2144 2517 cum
2203 2448 2353 2516 aliis
2419 2447 2501 2515 de
2560 2468 2699 2515 me.

1146 2560 1506 2629 Venenum
1536 2560 1914 2650 pessimum
1945 2565 2045 2626 est
2084 2557 2440 2632 detracti0‚
2475 2554 2708 2622 maxi-

1149 2693 1255 2737 me
1295 2669 1376 2737 de
1414 2666 1747 2736 benefico.
1801 2665 2022 2734 Eccle.
2063 2687 2133 2744 x,
2192 2666 2262 2730 11
2317 2664 2450 2732 :Si
2516 2685 2707 2730 mor-

1148 2777 1304 2844 deat
1339 2798 1613 2868 serpens
1652 2776 1722 2842 in
1776 2773 2079 2849 silenlio,
2122 2771 2306 2838 nihil
2359 2793 2434 2838 eo
2473 2771 2708 2836 minus

1144 2882 1350 2953 liabet
1378 2885 1504 2975 qui
1560 2880 1823 2950 occulte
1867 2879 2191 2948 detrahit.
2259 2878 2402 2947 Deo
2450 2875 2707 2945 odibile

1145 2992 1430 3069 malum,
1474 2988 1807 3058 Proverb.
1852 3011 1947 3067 vi,
2012 2989 2119 3069 ¹6,
2182 2989 2313 3053 19:
2373 2985 2518 3055 Sex
2541 2993 2710 3053 sunt

1143 3126 1294 3197 quse
1313 3103 1434 3172 odi
1437 3114 1464 3172 t
1485 3101 1926 3179 Domitms,ct
1942 3099 2310 3191 septimum
2329 3095 2711 3164 detestatur

1143 3213 1379 3281 anima
1409 3210 1567 3301 ejus
1600 3231 1617 3277 ε
1651 3216 1719 3276 et
1747 3205 1915 3274 illud
1944 3213 2069 3283 est,
2100 3205 2236 3289 Qui
2269 3205 2567 3271 seminat
2596 3204 2710 3270 in-

1146 3321 1516 3409 lersralres
1540 3314 1948 3384 discordias.
2017 3311 2124 3379 Ad
2146 3311 2437 3380 Roman.
2471 3333 2519 3395 ι,
2564 3311 2650 3379 30
2685 3333 2702 3380 :

1148 3430 1579 3496 Deli-actores
1606 3425 1752 3492 Deo
1782 3419 2098 3489 odibiles.
2135 3419 2497 3487 Peccatum
2532 3418 2711 3486 inter

1071 3592 1082 3604 .
1148 3535 1381 3605 omnia
1409 3532 1890 3602 stultissimum
1927 3551 1943 3596 ε
1974 3528 2132 3620 quia
2163 3526 2334 3596 nihil
2373 3527 2703 3608 lucratur,

1145 3653 1210 3715 et
1251 3641 1565 3737 pluribus
1594 3645 1818 3709 nocet.
1875 3636 2037 3715 Job,
2081 3657 2224 3711 xix,
2301 3637 2380 3703 ¹8
2425 3634 2707 3704 :Stulti

1143 3748 1612 3845 despiciebant
1659 3770 1791 3826 me,
1834 3757 1900 3816 el
1936 3768 2090 3814 cum
2143 3743 2234 3812 ab
2260 3744 2357 3813 eis
2392 3745 2702 3812 recessis-

1134 3883 1299 3939 sem,
1373 3855 1826 3927 detrahebant
1897 3853 2093 3921 mihi.
2175 3851 2643 3943 Hieronymus
2677 3871 2696 3920 ε

1136 4000 1170 4035 α
1214 3967 1395 4051 Quid
1424 3967 1548 4037 tibi
1577 3965 1855 4058 prodest
1911 3965 1965 4031 si
2001 3960 2182 4030 mala
2220 3983 2375 4029 mea
2413 3959 2567 4028 aliis
2596 3982 2700 4029 re·

1137 4107 1169 4146 e
1205 4080 1403 4160 ieras,
1438 4085 1503 4146 et
1534 4073 1829 4167 peccatis
1860 4073 2030 4140 meis
2057 4074 2125 4139 in
2157 4067 2698 4139 detractionibus

1139 4218 1173 4253 ι
1213 4188 1383 4257 meis
1410 4185 1732 4253 vulneres
1764 4180 2057 4250 alterum
2081 4176 2261 4247 ‘ehoe
2292 4200 2432 4246 non
2462 4186 2567 4246 est
2584 4198 2696 4244 me

1134 4322 1166 4363 α
1201 4293 1590 4371 emendare,
1622 4290 1741 4360 sed
1793 4298 1914 4357 tuo
1971 4287 2139 4354 vitio
2195 4284 2608 4354 satisfacere.
2657 4310 2694 4347 a

1130 4405 1213 4474 Et
1259 4403 1540 4473 unitatis
1600 4399 1919 4470 Ecclesiae
1979 4395 2366 4474 scissivum,
2449 4402 2520 4464 et
2580 4394 2696 4462 de-

1129 4512 1563 4582 structivum.
1623 4506 2078 4597 Augustinus,
2124 4503 2194 4571 in
2232 4500 2408 4570 libro
2450 4510 2693 4571 contra

1129 4622 1435 4713 quinque
1468 4617 1752 4685 liaereses
1790 4636 1815 4682 :
1858 4637 1893 4678 ι
1936 4612 2157 4703 Caput
2210 4632 2444 4679 meum
2473 4607 2693 4702 spinis

1133 4755 1165 4796 e
1198 4726 1512 4819 exposui,
1583 4741 1829 4791 manus
1885 4742 2076 4788 meas
2158 4718 2370 4787 clavis
2436 4715 2687 4808 objeci,

1128 4865 1163 4902 ι
1185 4836 1419 4905 lancea
1440 4831 1617 4900 latus
1640 4850 1870 4897 meum
1895 4825 2292 4919 perforavit,
2321 4830 2424 4893 tot
2455 4830 2688 4892 utnon

1128 4972 1163 5013 ι
1195 4944 1416 5014 dicam
1494 4936 1726 5009 nimiis
1789 4932 2270 5026 asperitatibus
2333 4930 2689 5002 lanceatus

1126 5081 1163 5120 e
1202 5074 1384 5131 sum,
1425 5045 1835 5139 sanguinem
1884 5063 2115 5111 meum
2162 5039 2334 5120 rudi,
2374 5040 2684 5109 animam

1136 5187 1169 5225 ι
1196 5181 1420 5229 meam
1452 5151 1729 5232 tradidi,
1773 5156 1849 5218 ut
1885 5155 1952 5217 te
1980 5145 2150 5216 mihi
2179 5147 2626 5239 conjugatem
2659 5166 2678 5215 ε

1125 5298 1159 5335 κ
1192 5277 1258 5339 et
1285 5275 1360 5337 tu
1391 5263 1643 5335 dividis
1671 5282 1782 5329 rne
1810 5282 1850 5327 a
1880 5266 1973 5342 te,
2014 5256 2121 5326 vel
2154 5265 2218 5326 te
2247 5280 2288 5325 a
2326 5256 2491 5326 me?
2518 5281 2552 5323 ι
2596 5254 2684 5324 Et

1121 5375 1400 5447 subdit:
1439 5398 1474 5439 ι
1536 5366 1959 5445 Erubescite,
2027 5361 2393 5435 Christiani
2442 5362 2681 5432 :tuni-

4261 343 4382 410 147

2836 534 2868 572 (ι
2905 510 3076 576 coelo
3116 516 3487 601 regnantis,
3515 516 3652 581 imo
3695 515 3904 604 ipsius
3944 513 4065 580 Dei
4097 515 4383 582 interris

2835 642 2867 681 t<
2911 617 3235 691 dividitis,
3275 645 3307 684 a

2920 858 2955 894 «
2991 835 3145 923 qu
3177 844 3478 902 autem.»
3515 834 3641 903 Hic
3670 836 4043 904 secundum
4079 860 4093 904 ε
4129 836 4376 905 Christi

2824 938 3178 1007 beneficia.

2913 1050 3032 1116 Ait
3079 1051 3261 1118 enim
3299 1074 3312 1117 :
3363 1051 3476 1120 Sic
3499 1052 3590 1119 illi
3643 1054 4134 1123 detrahebant:
4190 1081 4222 1121 α
4256 1078 4376 1145 eqo

2822 1166 3055 1224 autem
3115 1160 3426 1228 orabam.
3486 1188 3517 1224 n
3555 1160 3747 1230 Certe
3804 1187 4042 1230 verum
4104 1172 4204 1231 est
4250 1186 4373 1254 pro

2820 1265 3011 1356 ipsis,
3049 1267 3210 1336 Luc.
3255 1292 3444 1347 xxm,
3507 1272 3631 1339 34:
3667 1275 3901 1351 Pater,
3953 1273 4223 1340 dimitte
4277 1273 4375 1339 il-

2820 1373 3125 1440 lis-:non
3155 1377 3335 1442 enim
3357 1377 3584 1443 sciunt
3640 1378 3815 1467 quid
3861 1378 4158 1467 faciunt.
4210 1378 4367 1457 Job,

2817 1504 2958 1561 xvi,
3001 1483 3080 1550 18
3118 1505 3132 1549 :
3169 1486 3329 1551 llaec
3349 1509 3599 1575 passus
3633 1510 3789 1554 sum
3829 1486 4081 1578 absque
4111 1488 4375 1579 iniqui-

2817 1597 2959 1656 tate
2986 1612 3235 1657 manus
3264 1614 3452 1674 meoe,
3504 1615 3659 1674 cum
3724 1593 4037 1661 haberem
4076 1595 4374 1663 mundas

2818 1697 2917 1762 ad
2954 1700 3177 1766 Deum
3212 1722 3467 1790 preces,
3502 1701 3768 1791 supple,
3803 1725 3925 1792 pro
3958 1704 4143 1792 ipsiS.

2907 2048 2942 2084 α
2983 2023 3080 2088 Et
3107 2032 3513 2111 posuerunt.
3550 2047 3584 2087 ι
3645 2022 3770 2090 llic
3825 2026 4224 2105 secundum,
4296 2028 4365 2094 in

2812 2150 2950 2220 quo
2982 2127 3281 2197 ostendit
3303 2138 3368 2197 et
3398 2153 3635 2198 eorum
3678 2132 4032 2216 malitiam,
4066 2141 4133 2201 et
4170 2155 4365 2202 suam

2808 2236 3334 2306 beneficentiam
3396 2239 3669 2308 infacto
3712 2248 3776 2307 et
3817 2263 4046 2330 opere.

2903 2347 3020 2414 Ait
3077 2347 3258 2414 enim
3304 2366 3321 2415 z
3387 2346 3501 2416 Sic
3574 2348 4043 2432 detrahebant,
4113 2359 4179 2418 et
4237 2374 4365 2441 ego

2811 2453 3132 2523 orabam:
3171 2482 3201 2516 «
3231 2456 3327 2522 Et
3359 2482 3390 2514 »
3425 2455 3626 2522 etiam
3663 2481 3695 2518 α
3718 2466 4101 2547 posuerunt
4129 2458 4367 2525 adeer-

2808 2584 2965 2629 sum
3003 2585 3112 2629 me
3138 2561 3359 2644 mala,
3405 2590 3436 2622 ιι
3476 2563 3541 2629 id
3597 2571 3721 2642 est,
3786 2573 4256 2654 reposuerunt,
4302 2572 4368 2633 et

2811 2667 2969 2747 hoc,
3018 2692 3210 2760 «pro
3270 2668 3522 2735 bonis·
3584 2670 3715 2737 illis
3772 2671 4116 2741 exhibitis,
4177 2672 4360 2740 l‘sal.

2812 2798 3054 2856 xxxiv,
3141 2777 3246 2855 12,
3307 2799 3513 2867 supra
3547 2800 3562 2844 ε
3624 2778 4116 2845 Ile-tribuebant
4194 2778 4371 2846 milei

2813 2883 3009 2951 mala
3030 2906 3163 2975 pro
3193 2881 3410 2951 bonis.
3444 2885 3698 2952 Jerem.
3738 2908 3927 2967 xviii,
3963 2888 4048 2954 20
4081 2908 4098 2953 ε
4141 2888 4371 2958 Num-

2813 2991 2995 3084 quid
3018 2989 3342 3059 redditur
3362 3015 3493 3083 pro
3535 2992 3709 3060 bono
3752 2992 4018 3062 malum
4046 2993 4088 3062 ἰ)
4126 2993 4197 3063 Si
4230 2994 4371 3063 sal-

2814 3106 2952 3168 tem
2982 3121 3110 3191 pro
3138 3098 3339 3167 bonis
3370 3098 3632 3168 nullum
3676 3099 3931 3169 malum
3979 3098 4147 3169 mihi
4185 3101 4370 3172 sace-

2815 3215 2990 3283 rent,
3038 3207 3357 3274 sustineri
3408 3217 3658 3298 posset.
3729 3207 4005 3276 Zachar.
4072 3232 4168 3289 xi,
4231 3212 4363 3278 ¹2:

2811 3314 2897 3384 Si
2937 3312 3193 3381 bomem
3269 3324 3368 3382 est
3429 3315 3498 3382 in
3566 3314 3786 3382 oculis
3845 3318 4099 3393 vestris,
4135 3319 4372 3407 offerle

2815 3421 3187 3490 mercedem
3236 3445 3485 3497 nicam.
3556 3432 3619 3489 e!
3675 3425 3738 3490 si
3791 3448 3952 3503 non,
4020 3426 4364 3515 quiescite,

2812 3526 3071 3599 scilicet
3100 3552 3239 3598 non
3273 3529 3569 3599 reddatis
3601 3530 3884 3599 malum.
3933 3531 4069 3600 Sed
4097 3555 4237 3601 non
4280 3533 4372 3602 ie·

2810 3645 3049 3707 cerunt
3095 3636 3250 3707 hoc.
3309 3638 3516 3706 Joan.
3562 3661 3627 3716 x,
3691 3640 3776 3706 32
3821 3666 3837 3708 ε
3898 3639 4133 3708 Multa
4189 3641 4365 3709 bona

2807 3768 3019 3837 opera
3048 3747 3320 3814 ostendi
3352 3745 3540 3813 robis
3568 3771 3654 3815 ez·
3684 3750 3896 3816 l'alre
3926 3771 4071 3815 meo
4112 3772 4134 3816 .·
4156 3771 4371 3842 prop-

2806 3861 2909 3922 ter
2945 3854 3138 3946 quod
3161 3854 3411 3923 horum
3442 3856 3654 3923 trellis
3685 3879 3791 3922 nie
3822 3855 4140 3949 lapidare
4159 3854 4201 3923 Ρ

2943 4097 2976 4135 ι
3006 4073 3100 4140 Ee
3126 4070 3394 4141 odium.
3431 4096 3465 4136 ι
3503 4070 3673 4139 Ecce
3732 4072 4036 4149 tertium,
4105 4072 4175 4140 in
4223 4096 4361 4165 quo

2803 4184 3139 4245 monstrat
3163 4176 3493 4245 malitiam
3526 4199 3792 4253 eorum.
3826 4186 3891 4245 et
3921 4200 4114 4246 suam
4146 4177 4364 4247 bene-

2802 4285 3177 4366 ficentiam,
3210 4294 3547 4377 quantum
3597 4285 3684 4353 ad
3733 4286 4054 4355 interiora
4108 4286 4357 4359 cordis.

2889 4393 3009 4463 Ait
3037 4394 3223 4462 enim
3264 4419 3284 4462 ι
3320 4392 3436 4463 Sic
3493 4393 3674 4462 mala
3704 4417 3828 4485 pro
3878 4394 4076 4464 bonis
4135 4396 4363 4465 reddi-

2797 4498 3095 4570 derunt:
3142 4510 3265 4569 «el
3299 4527 3331 4565 ι
3384 4500 3589 4569 etiam
3654 4530 3687 4563 a
3731 4501 3996 4580 odium,
4064 4532 4096 4564 ι
4136 4504 4361 4573 cordis

2795 4611 2930 4690 sui,
2977 4634 3012 4675 ι
3046 4631 3180 4702 pro
3235 4608 3601 4677 dilectione
3654 4632 3831 4690 mea,
3868 4635 3902 4677 ι
3936 4632 4070 4701 qua
4108 4611 4360 4703 dilige-

2795 4716 3052 4786 bantur
3079 4739 3122 4784 a
3150 4737 3286 4785 me.
3319 4716 3561 4793 Ainos,
3595 4739 3664 4795 v,
3709 4718 3786 4784 lt)
3824 4739 3840 4785 ε
3886 4717 4065 4785 Odio
4093 4716 4359 4787 habue-

2794 4835 2961 4894 runt
2996 4825 3474 4917 corripientem
3507 4826 3579 4892 in
3611 4836 3843 4918 μανία.
3884 4824 4084 4894 Joan.
4120 4849 4235 4905 xv,
4268 4828 4355 4897 24

2791 4943 2861 5002 et
2888 4935 2976 5004 25
3023 4956 3040 5004 τ
3078 4932 3393 5003 Oderunt
3419 4945 3486 5002 el
3524 4957 3656 5015 me,
3688 4944 3755 5002 cl
3792 4936 4069 5003 Patrem
4095 4959 4347 5006 merem.

2788 5041 2936 5111 Sed
2961 5050 3040 5108 ul
3068 5039 3450 5133 impleatur
3500 5064 3721 5109 senno
3749 5042 3875 5133 qui
3938 5042 4007 5109 iu
4055 5042 4204 5134 leqe
4237 5069 4354 5112 eo·

2791 5170 2950 5217 rum
2977 5149 3280 5241 scriptus
3308 5157 3405 5217 es!
3447 5172 3470 5217 .·
3514 5148 3698 5234 Quia
3752 5147 3910 5215 odio
3963 5148 4354 5223 habuerunt

2792 5278 2903 5326 mc
2926 5256 3181 5348 qralis.
3214 5255 3547 5326 Proverb.
3592 5277 3780 5337 xxix,
3838 5258 3918 5324 10
3960 5279 3976 5325 :
4034 5260 4179 5328 i'iri
4195 5285 4354 5330 san·

2784 5364 3116 5456 quinum,
3155 5362 3380 5432 Judaei
3412 5373 3479 5432 et
3518 5385 3760 5432 omnes
3801 5363 3990 5444 mali,
4059 5366 4353 5437 oderunt

1122 5514 1156 5551 a
1190 5506 1340 5555 cam
1369 5477 1676 5549 hominis
1719 5476 1867 5566 jam
1924 5473 2204 5550 mortui,
2252 5478 2322 5540 et
2366 5470 2441 5539 in
2478 5491 2680 5540 cruce
2780 5472 3202 5564 simplicem,
3242 5469 3588 5541 Christum
3658 5471 3938 5554 scilicet,
3972 5482 4037 5542 et
4067 5498 4347 5547 omnem

1120 5621 1155 5662 ι
1184 5586 1570 5686 pendentis,
1603 5583 1808 5652 Pilati
1846 5580 2099 5651 milites
2135 5603 2279 5650 non
2328 5585 2491 5648 sunt
2525 5576 2677 5647 ausi
2783 5579 3014 5648 virum
3078 5577 3367 5649 bonurn.
3419 5576 3824 5670 Diligendus
3891 5588 4120 5651 autem
4169 5593 4351 5654 esset

1117 5732 1152 5767 «ι
1185 5700 1516 5779 dividere,
1559 5702 1630 5764 et
1665 5713 1793 5760 vos
1833 5688 2084 5759 Christi
2125 5688 2556 5773 charitatem,
2601 5686 2674 5756 in
2784 5685 3097 5756 Christus
3126 5709 3252 5778 pro
3281 5706 3405 5755 sua
3447 5685 3836 5774 dilectione,
3887 5712 4091 5780 quam
4157 5693 4348 5781 prior
