5008 6329
273 1231 396 1275 rima

321 1287 398 1327 '⁸²¹
419 1238 506 1328 ’ᾗ
590 1321 767 1379 mea,
793 1296 1066 1363 benedic
1091 1290 1416 1360 Domino.
1438 1311 1472 1352 γ»
1499 1285 1606 1362 Et,
1641 1284 1709 1350 in
1744 1280 1923 1348 l'sal.
1952 1302 2143 1362 cxcv,

599 274 684 341 34
1604 268 1687 334 D.
1741 267 1940 333 ALB.
1996 264 2214 332 MAG.

588 443 881 531 propriae
911 441 996 508 ad
1026 436 1592 507 benedicendum.
1631 429 1972 508 SecundO,
1998 451 2153 517 pro-

591 549 777 617 batio
829 550 1010 640 quod
1056 543 1562 615 benedicendus
1610 542 1719 617 sit,
1774 562 1894 628 per
1943 560 2151 628 opera

591 659 974 732 creationis,
1023 655 1139 731 ibi,
1166 655 1246 723 ,iu
1276 649 1504 717 medio
1544 655 1605 723 ἵ.
1651 649 1678 713 1
1721 668 1736 714 :
1781 674 1811 707 «
1860 648 2153 715 Domine

591 769 780 834 Deus
819 787 1028 831 meus.
1078 788 1112 822 ι)

681 1079 863 1146 Dicit
899 1100 1061 1168 ergo
1107 1097 1121 1141 ε
1170 1074 1307 1150 Sic,
1346 1073 1572 1141 anima
1608 1091 1780 1140 mea,
1806 1066 2045 1133 monui
2076 1070 2148 1129 ut

513 1239 561 1270 r,
593 1190 737 1257 Deo
779 1188 1164 1266 benedicaS,
1200 1192 1266 1252 et
1294 1181 1518 1250 adhuc
1546 1178 1722 1259 dico,
1758 1197 1798 1241 o
1834 1199 1865 1238 α
1909 1174 2148 1239 anima

588 1412 657 1490 2,
682 1408 858 1475 infra
892 1428 906 1472 :
943 1402 1215 1478 Lauda,
1252 1399 1492 1466 anima
1523 1417 1699 1472 mea,
1737 1392 2139 1460 Dominum.

587 1514 769 1593 Quid
811 1519 1033 1579 autem
1084 1509 1181 1575 sic
1238 1497 1636 1572 benedicere
1694 1501 1943 1576 Deum,
1989 1498 2149 1565 dicit

586 1618 1030 1687 Cassiodorus
1093 1637 1108 1682 ε
1173 1637 1208 1679 α
1270 1608 1682 1679 Benediccre
1759 1608 1978 1674 Deum
2046 1611 2146 1671 est

587 1755 621 1790 «
667 1728 812 1814 ejus
854 1723 1198 1814 magnalia
1238 1719 1570 1789 confiteri.
1621 1746 1652 1776 »
1689 1715 1872 1781 Bene
1915 1722 2143 1779 autem

587 1835 751 1904 dicit
809 1854 826 1903 ε
886 1833 1171 1909 Anima,
1215 1828 1514 1905 benedic,
1559 1847 1699 1893 non
1756 1842 1892 1891 os:
1948 1819 2144 1888 multi

585 1945 771 2012 enim
841 1965 957 2009 orc
1023 1937 1463 2014 benedicunt,
1545 1933 1663 2025 qui
1732 1929 2146 1998 maledicunt

584 2049 814 2120 corde.
858 2047 1041 2115 Psal.
1093 2067 1228 2121 1.x1,
1281 2045 1321 2111 ὃ
1385 2064 1401 2109 :
1452 2040 1585 2110 Ore
1627 2061 1753 2106 suo
1803 2034 2144 2103 benedice-

586 2158 777 2237 bant,
820 2166 883 2223 et
910 2154 1110 2223 corde
1134 2175 1262 2221 suo
1292 2146 1820 2219 maledicebant.
1858 2142 2147 2211 Ambro-

583 2269 726 2335 sius
761 2286 778 2336 :
817 2290 852 2331 ι
885 2264 1057 2332 Cum
1096 2284 1237 2330 vox
1278 2262 1347 2328 in
1377 2280 1522 2336 ore,
1555 2278 1803 2346 corpus
1835 2255 1902 2321 in
1931 2252 2142 2321 choro

586 2402 622 2439 α
656 2381 723 2442 et
761 2394 875 2441 cor
904 2372 974 2438 in
1013 2371 1189 2453 soro,
1224 2377 1391 2436 tunc
1429 2364 1610 2434 male
1651 2362 1978 2431 dividitur
2014 2360 2145 2427 ho-

586 2506 622 2547 «
666 2502 809 2549 mo.
862 2480 945 2546 ι’

676 2723 710 2764 «
745 2695 1039 2767 Domine
1065 2695 1255 2761 Deus
1284 2710 1497 2758 meus.
1526 2713 1558 2749 n
1584 2685 1711 2753 llic
1739 2680 2141 2757 secundum,

584 2811 651 2878 in
694 2831 831 2901 quo
877 2804 1120 2899 probat
1159 2799 1344 2893 quod
1401 2794 1931 2871 benedicendus»,
1986 2794 2147 2882 quia

583 2916 1066 3009 magnificatus
1105 2908 1402 2980 multum
1439 2928 1455 2974 :
1500 2903 1681 2973 unde
1720 2902 1857 2970 duo
1906 2900 2145 2969 dicun-

580 3035 717 3095 tur.
789 3022 1049 3101 Primo,
1112 3015 1630 3108 magnificatum
1707 3008 2149 3078 vehementer

580 3131 848 3203 asserit.
939 3123 1289 3205 Secundo,
1394 3119 1740 3214 specificat
1820 3118 1889 3185 in
1986 3113 2148 3207 qui-

582 3241 712 3310 bus
783 3235 1262 3328 magnificatus
1315 3231 1430 3309 sit,
1492 3226 1611 3306 ibi,
1683 3252 1719 3293 ι
1756 3223 2149 3314 Confessio-

581 3369 764 3417 nem.
810 3372 846 3410 n

674 3451 852 3522 Dicit
880 3471 1045 3541 ergo
1084 3470 1100 3516 ε
1145 3444 1288 3530 Sic,
1322 3442 1580 3519 anima,
1606 3439 1841 3508 monui
1885 3444 1957 3505 ut
1996 3436 2146 3503 Do-

583 3562 776 3631 mino
824 3556 1213 3635 benedicaS,
1273 3549 1460 3646 quod
1508 3557 1573 3619 et
1612 3547 1844 3630 debes,
1900 3546 2059 3637 quia
2100 3567 2142 3612 o

589 3695 624 3735 ι
683 3666 981 3737 Domine
1042 3665 1225 3731 Deus
1262 3679 1481 3738 meus,
1532 3654 2024 3746 maqnificatus
2078 3674 2146 3719 es

586 3775 1029 3844 veliementer.
1084 3796 1120 3834 ιι
1166 3763 1525 3856 ll‘aralip.
1575 3785 1762 3838 xxix,
1814 3763 1885 3829 ¹1
1935 3783 1952 3830 ε
2003 3761 2145 3827 Tua

586 3894 709 3958 est,
752 3880 1072 3962 Domine,
1113 3872 1660 3966 maqnifieentia,
1699 3879 1764 3937 et
1807 3868 2141 3960 potentia.

590 3989 795 4059 lit-cti.
850 4009 1036 4066 xuni,
1089 3984 1175 4053 32
1219 4004 1235 4049 z
1288 3976 1753 4051 ,admirabilis
1810 3975 2149 4068 maqnifi-

583 4101 809 4168 centia
848 4094 1153 4174 Domini,
1206 4100 1347 4161 tam
1385 4087 1787 4164 vehemens,
1831 4097 1971 4154 tam
2011 4084 2149 4152 mi-

586 4207 843 4285 rabitis,
875 4212 1120 4272 utnon
1150 4198 1401 4290 habeat
1429 4196 1661 4265 finem.
1708 4193 1890 4262 l‘sal.
1922 4215 2143 4277 cxuv,

587 4321 627 4387 3
662 4340 679 4385 z
723 4312 1235 4407 Alaynitudinis
1265 4308 1424 4400 ejus
1454 4328 1591 4375 non
1622 4315 1722 4374 est
1754 4307 1944 4395 finis.
1987 4304 2145 4373 Non

583 4424 793 4495 habet
821 4442 1082 4514 parem,
1118 4416 1146 4485 1
1191 4415 1278 4486 ad
1317 4410 1628 4484 Corinth.
1673 4434 1820 4495 vm,
1861 4414 1902 4481 5
1941 4420 2008 4481 et
2046 4415 2089 4480 6
2122 4432 2139 4480 2

584 4529 976 4625 (Siquidem
1052 4533 1218 4596 sunt
1272 4521 1381 4590 dii
1433 4518 1668 4596 multi,
1752 4526 1819 4585 et
1880 4517 2151 4586 domini

584 4639 853 4726 multi),
894 4633 1089 4704 nobis
1116 4640 1349 4700 tamen
1399 4648 1578 4697 unus
1613 4635 1715 4693 est
1749 4626 1959 4694 Deus.
2006 4621 2148 4692 Nec

584 4747 793 4817 habet
830 4742 1417 4833 investigatorem,
1477 4732 1686 4804 Eccli.
1747 4754 1941 4815 xvnu,
1982 4733 2023 4800 3
2078 4740 2147 4800 et

585 4857 629 4922 4
690 4875 706 4921 ε
772 4851 945 4938 Quis
999 4844 1442 4941 investiqabit
1497 4839 1863 4932 maynalia
1927 4835 2150 4930 ejus?

597 4965 929 5032 Virtutem
969 4965 1199 5024 autem
1258 4949 1768 5042 rnaqnitudinis
1798 4947 1955 5039 ejus
1990 4947 2147 5038 quis

586 5062 974 5139 enuntiabit
1002 5061 1046 5132 ?
1072 5060 1183 5141 Et,
1217 5059 1499 5135 ibidem,
1536 5078 1724 5134 xun,
1770 5057 1853 5123 35
1901 5078 1917 5124 ε
1978 5055 2149 5140 Quis

584 5174 845 5248 videbit
916 5193 1098 5255 eum,
1167 5176 1232 5236 et
1320 5159 1743 5235 enarrabit?
1817 5164 1913 5230 Εἰ
1993 5164 2150 5254 quis

586 5277 1068 5377 maynificabit
1157 5298 1315 5344 eum
1403 5275 1584 5341 sieut
1674 5281 1773 5339 est
1848 5268 1937 5337 ab
2011 5270 2151 5337 ini-

588 5395 685 5462 tio
710 5388 754 5459 ?

682 5627 720 5665 α
764 5595 1273 5689 Confessionem
1323 5601 1389 5661 et
1433 5589 1761 5661 decorem.
1801 5616 1836 5652 ι
1883 5587 2012 5658 llic
2047 5609 2152 5659 sc-

2269 263 2476 330 ORD.
2530 262 2823 330 PRAED.

2267 426 2593 507 cundum,
2628 428 2698 494 in
2729 450 2862 517 quo
2903 431 3195 497 ostendit
3235 433 3302 498 in
3343 432 3590 522 quibus
3619 451 3819 519 mag-

2266 534 2580 601 nificatus
2603 534 2709 617 sit,
2747 536 2905 624 quia
2936 537 3001 600 in
3034 536 3323 602 duobus,
3361 537 3619 612 Primo,
3658 539 3820 627 quia

2264 642 2664 733 magnificus
2703 643 2771 710 in
2804 641 3117 732 operibus
3150 650 3427 709 naturae.
3467 642 3812 721 SecundO,

2264 749 2448 838 quod
2522 750 2590 815 in
2676 750 2990 839 operibus
3074 750 3277 817 etiam
3362 750 3624 839 gratiae,
3691 748 3808 827 ibi,

2259 860 2324 929 7.
2361 856 2444 921 30
2481 876 2496 919 :
2539 882 2569 915 «
2615 858 2905 923 Emittes
2931 859 3275 946 spiritum.
3325 881 3358 921 »

2350 958 2427 1025 In
2455 960 2674 1048 prima
2713 960 2871 1028 duo.
2912 962 3164 1040 Primo,
3207 962 3502 1029 ostendit
3532 960 3808 1052 magni-

2262 1173 2602 1251 SecundO,
2647 1174 2988 1243 descendit
3043 1177 3233 1265 quasi
3274 1175 3359 1242 ad
3408 1197 3613 1265 opera
3653 1177 3800 1266 ipsa

2255 1281 2657 1371 specialiter,
2701 1284 2818 1361 ibi,
2847 1284 2918 1351 in
2957 1284 3178 1351 medio
3210 1290 3273 1360 ᾗ.
3311 1286 3350 1350 2
3394 1305 3409 1349 :
3459 1308 3492 1348 α
3535 1286 3806 1351 Exten-

2257 1390 2421 1456 dens
2451 1390 2697 1456 coelum
2735 1392 2909 1458 sicut
2927 1392 3211 1483 pellem.
3258 1416 3293 1453 ι)

2346 1496 2424 1563 ln
2456 1498 2674 1586 prima
2704 1499 2855 1576 tria,
2899 1498 3271 1566 secundum
3313 1498 3439 1564 tria
3471 1520 3622 1586 quoe
3665 1506 3813 1564 tan·

2255 1607 2354 1695 git
2387 1605 2454 1670 in
2487 1607 2675 1671 omni
2717 1614 3020 1673 creatura
3066 1604 3494 1694 generaliter.
3543 1605 3809 1683 l’rim0,

2257 1711 2442 1800 quod
2480 1719 2581 1779 est
2608 1710 2826 1778 laudis
2844 1712 3087 1779 divinae
3118 1713 3421 1779 materia.
3462 1711 3810 1809 Secundo,

2257 1818 2439 1908 quod
2479 1817 2724 1887 decora
2763 1821 2832 1886 in
2870 1842 2965 1888 se.
2996 1819 3250 1899 Terti0,
3285 1819 3467 1908 quod
3508 1820 3817 1888 lumino-

2255 1949 2354 2006 sa,
2399 1929 2594 2018 quasi
2634 1927 2782 1995 aliis
2813 1929 3379 1997 communicando
3419 1953 3518 1997 se.

2345 2031 2525 2099 Dicit
2565 2055 2729 2124 ergo
2766 2054 2781 2099 ε
2822 2031 2936 2101 Sic
2972 2032 3136 2111 dixi,
3193 2033 3513 2112 Domine,
3554 2059 3586 2098 α
3638 2057 3814 2125 qno·

2255 2141 2446 2207 niam
2478 2141 2964 2230 maqnificatus
2992 2165 3058 2208 es
3089 2164 3111 2207 .·
3154 2167 3186 2206 »
3232 2150 3296 2208 ct
3325 2164 3483 2208 vere
3530 2139 3662 2208 hoc
3702 2139 3813 2208 ‹li-

2257 2247 2350 2325 xi,
2389 2272 2422 2312 α
2455 2247 2624 2339 quia
2652 2248 3135 2337 consessionem
3167 2248 3487 2325 induisti,
3537 2274 3570 2312 ι
3618 2271 3814 2316 crea-

2256 2363 2564 2422 turarum
2595 2353 2846 2422 scilicet
2874 2354 3413 2431 universitatem,
3449 2357 3807 2422 materiam

2254 2462 2699 2533 confessionis
2737 2463 2954 2531 laudis
2992 2464 3434 2554 praebentem,
3484 2490 3517 2530 α
3561 2473 3627 2532 et
3683 2465 3809 2532 de·-

2254 2593 2499 2650 corem,
2548 2596 2582 2637 1·
2625 2570 2935 2639 eamdem
2964 2571 3218 2640 scilicet
3247 2582 3628 2640 creaturam
3661 2573 3805 2641 sor·

2256 2686 2536 2757 matam,
2571 2687 2637 2747 et
2673 2677 3051 2770 pulchram.

2346 3039 2381 3080 ι
2428 3015 2739 3083 Amic-tus
2790 3013 3072 3096 lumine,
3126 3040 3161 3082 n
3211 3015 3448 3084 eadem
3488 3026 3799 3086 creatura

2257 3119 2625 3198 luminosa,
2657 3126 2723 3188 et
2750 3118 2899 3189 aliis
2927 3142 2999 3189 se
3028 3122 3576 3191 communicante
3626 3122 3805 3192 sicut

2254 3224 2399 3309 lux,
2433 3250 2469 3291 ι
2511 3236 2868 3317 tamquam
2897 3228 3310 3295 vestimento.
3356 3256 3388 3290 n
3445 3229 3655 3308 Quasi
3694 3226 3808 3296 di-

2255 3341 2436 3400 ceret
2468 3354 2485 3401 :
2523 3331 2712 3401 Sicut
2741 3331 2948 3400 homo
2980 3333 3144 3402 latet
3172 3336 3239 3402 in
3270 3357 3395 3402 suo
3426 3335 3809 3403 vestimen-

2254 3445 2353 3516 to,
2386 3438 2483 3505 sic
2514 3445 2587 3505 tu
2627 3439 2696 3505 in
2736 3438 2868 3506 tuis
2906 3438 3126 3508 latitas
3154 3442 3509 3520 creaturis,
3546 3443 3617 3509 in
3659 3462 3806 3507 om-

2256 3542 2457 3612 nibus
2494 3544 2810 3621 existens,
2845 3553 2911 3613 et
2956 3546 3134 3636 ipsas
3181 3546 3495 3637 implens.
3538 3546 3803 3616 Jerem.

2254 3675 2449 3734 xxm,
2490 3653 2577 3720 24
2611 3674 2629 3721 ε
2681 3653 3043 3744 Numquid
3077 3676 3211 3722 non
3248 3653 3498 3723 coelum
3554 3665 3619 3722 e!
3676 3667 3806 3722 ter-

2253 3783 2406 3829 ram
2450 3783 2576 3850 eqo
2626 3757 2899 3852 impleo,
2949 3760 3115 3829 dicit
3150 3762 3520 3831 Dominus.
3568 3760 3653 3829 Et
3696 3762 3813 3853 ip-

2253 3891 2362 3936 sas
2390 3869 2708 3946 sustines,
2741 3876 2809 3936 et
2851 3876 3080 3958 portas
3109 3889 3348 3937 omnes
3385 3870 3560 3937 sicut
3590 3867 3802 3938 homo

2251 3976 2735 4044 vestimentum
2775 3997 3000 4043 suum.
3034 3975 3138 4043 Ad
3170 3974 3376 4044 liebr.
3415 3999 3461 4060 ι,
3498 3980 3540 4044 3
3581 3997 3600 4046 t
3634 3979 3808 4046 Pon*-

2252 4093 2407 4152 tam
2434 4083 2670 4151 omnia
2705 4081 2903 4151 verbo
2931 4083 3205 4151 virtutis
3230 4105 3397 4151 suae.

2342 4191 2578 4262 Potest
2613 4191 2816 4261 etiam
2846 4188 2978 4281 legi
3010 4191 3092 4259 de
3122 4190 3587 4263 incarnatione
3634 4215 3649 4261 :
3685 4192 3806 4262 Fi-

2250 4297 2384 4368 lius
2433 4298 2619 4367 enim
2690 4296 2816 4366 Dei
2870 4318 3142 4365 carnem
3206 4306 3514 4368 nostram
3582 4300 3803 4369 induit

2248 4415 2604 4498 tamquam
2649 4403 3156 4472 vestimentum.
3217 4402 3550 4474 Proverb.
3606 4429 3796 4486 xxxi,

2256 4516 2363 4599 13,
2395 4512 2481 4583 de
2509 4513 2836 4605 capientia
2866 4510 2987 4581 Dei
3032 4534 3048 4578 ε
3096 4513 3421 4598 Qua-sivit
3466 4515 3706 4586 lanam
3735 4528 3802 4587 et

2255 4621 2502 4701 linum,
2553 4641 2835 4689 suavem
2874 4626 2943 4688 et
2996 4616 3516 4690 mundissimam
3578 4622 3804 4716 Virgi-

2252 4729 2357 4798 nis
2394 4749 2696 4807 carnem,
2735 4733 2800 4794 et
2834 4733 3114 4818 operata
3149 4733 3248 4794 est
3301 4728 3590 4798 consilio
3647 4755 3807 4799 ma-

2250 4860 2469 4908 nuum
2495 4859 2808 4920 suarum,
2831 4834 2958 4903 sibi
2984 4835 3493 4907 vestimentum.
3529 4838 3613 4907 Et
3644 4840 3802 4910 indo

2251 4944 2570 5015 laudatur
2593 4951 2660 5013 et
2705 4941 3116 5034 glorificatur
3154 4962 3173 5013 ε
3219 4942 3396 5012 unde
3436 4944 3583 5036 ipsa
3629 4970 3808 5016 con-

2250 5051 2453 5121 fessio
2516 5048 2734 5118 laudis
2782 5047 3052 5131 dicitur,
3107 5048 3299 5139 quasi
3354 5050 3804 5123 confessionis

2251 5181 2491 5231 causae
2527 5157 2686 5228 Luc.
2726 5180 2799 5240 n,
2846 5156 2926 5226 ¹4
2969 5178 2986 5224 :
3042 5155 3285 5226 Gloria
3325 5158 3396 5224 in
3441 5157 3805 5232 altissimis

2255 5271 2420 5339 Deo.
2456 5268 2542 5338 Et
2579 5270 2848 5348 iterum,
2878 5274 2944 5344 δ’.
2979 5266 3063 5334 20
3098 5285 3115 5329 :
3149 5266 3427 5335 Reversi
3460 5279 3627 5338 sunt
3664 5295 3804 5364 pa-

2251 5388 2462 5445 stores
2485 5374 2973 5467 qlorificantes,
2992 5380 3055 5438 et
3078 5369 3444 5443 laudantes
3470 5378 3698 5446 Deum
3729 5379 3801 5446 in

2254 5481 2572 5551 omnibus
2597 5503 2749 5575 quae
2778 5477 3167 5557 audierant,
3212 5487 3342 5550 etc.
3384 5480 3471 5550 Et
3501 5484 3646 5574 ipsa
3674 5483 3804 5553 de·-

2252 5611 2411 5661 cora
2440 5591 2590 5658 sine
2616 5586 2815 5677 culpa
2843 5584 3057 5654 omni.
3089 5583 3122 5652 1
3157 5583 3343 5656 Petr.
3380 5610 3452 5667 ιι,
3486 5591 3573 5658 22
3606 5610 3626 5657 ε
3664 5591 3805 5676 Qui

3867 989 3997 1054 Deua
4038 1005 4138 1057 may

3861 1058 3947 1102 gn·
3994 1060 4082 1092 cus

2259 1067 2535 1135 flentum
2570 1069 2637 1134 in
2686 1069 3002 1159 operibus
3058 1077 3313 1136 naturae
3365 1070 3795 1160 generaliter.
3828 1060 4167 1160 opermusnff
