5008 6329
847 1690 1055 1739 Confldlt

825 1746 1068 1799 Propheta

1822 369 1825 371 v
1896 329 2601 400 COMMENTARIUS
2650 330 2744 398 IN
2792 331 3228 402 PSALMUM
3279 333 3488 401 CXX.

1502 820 1599 887 IN
1651 769 2095 889 PSALMUM
2151 818 2334 887 cxx

1646 1057 2156 1103 COMMENTARIUS
2164 1085 2180 1102 .

1498 1372 1865 1439 Canticum
1906 1374 2260 1462 yraduum
2283 1381 2329 1438 ¹.

1236 1715 1268 1749 α
1305 1689 1561 1755 Levavi
1588 1687 1826 1756 oculos
1864 1709 2070 1754 meos.
2118 1713 2151 1748 »
2185 1685 2313 1753 IIic
2356 1686 2687 1753 secundus

4217 328 4347 396 3t5

2801 499 2936 566 Sed
2999 501 3400 569 mentalium
3465 502 3646 569 bona
3702 501 4016 568 elevatio,
4090 499 4338 565 GeneS.

2798 627 3012 684 xvim,
3049 607 3086 670 2
3125 628 3139 671 :
3190 609 3497 697 Cumque
3526 609 3845 675 elevasset
3886 605 4119 673 oculos
4156 626 4347 687 suos,

2798 722 3270 800 apparuerunt
3334 715 3397 780 ei
3452 723 3582 781 tres
3647 716 3779 781 viri
3840 722 4097 780 stantes
4132 732 4352 801 prope

2796 842 2975 886 eum.
3032 818 3167 887 Sed
3215 844 3351 913 quo
3403 821 3705 888 levasti?
3765 848 3798 884 ι(
3843 821 3925 887 In
3965 829 4253 894 monteS,
4312 841 4347 877 »

2800 927 3086 997 Sanctus
3117 929 3375 999 scilicet
3410 931 3575 1009 vita,
3620 937 3686 996 et
3716 928 4021 1007 scientia,
4057 934 4122 995 et
4180 923 4354 993 cha-4

2796 1036 2992 1104 ritate
3022 1036 3110 1104 ad
3137 1037 3359 1105 Deum
3390 1060 3660 1106 sursum
3691 1035 4016 1104 elevatOS.
4051 1033 4088 1099 J
4097 1032 4210 1111 ob,
4245 1054 4344 1110 xx,

2795 1146 2836 1210 8
2894 1167 2910 1211 z
2977 1146 3449 1239 Circumspicit
3523 1157 3780 1214 montes
3835 1166 4113 1236 pascuae
4174 1164 4344 1220 suae,

2795 1261 2860 1317 et
2897 1253 3188 1319 virentia
3226 1275 3509 1344 quaeque
3524 1252 3894 1345 perquirit.

2886 1357 3001 1426 Isti
3041 1367 3200 1427 sunt
3231 1370 3497 1429 montes
3542 1383 3581 1427 a
3619 1360 3763 1428 Deo
3809 1358 4060 1437 librati,
4115 1364 4181 1424 et
4240 1355 4350 1422 di-

2796 1467 3043 1534 stincti.
3118 1467 3248 1537 lsa.
3317 1491 3427 1549 xL,
3467 1471 3547 1536 12
3593 1491 3608 1535 :
3656 1470 3921 1535 Montes
3953 1463 4237 1533 libravit
4270 1464 4341 1529 in

2782 1573 3109 1664 pondere,
3162 1587 3227 1643 et
3287 1575 3496 1643 colles
3551 1577 3623 1643 in
3684 1584 3965 1642 statera.
4048 1570 4344 1647 MonteS,

2796 1703 2967 1770 quos
2998 1682 3110 1752 ille
3150 1683 3252 1751 sol
3290 1692 3584 1752 aeternus
3610 1683 3972 1750 illuminat.
4020 1679 4099 1745 In
4157 1676 4341 1744 Psal.

800 1800 974 1845 auxillo
1007 1801 1090 1847 uei
1137 1794 1411 1885 gradus,
1512 1795 1892 1886 Postquam
2004 1794 2187 1863 enim
2246 1792 2534 1862 ostendit
2616 1815 2686 1860 se
2794 1809 2992 1867 Lxxv,
3046 1791 3085 1857 5
3157 1790 3642 1858 :Illuminans
3698 1801 3775 1857 tzc
3826 1784 4247 1855 mirabiliter
4305 1807 4348 1849 a

812 1861 861 1900 οἱ
886 1861 1080 1901 tan-tto·

884 1920 1009 1956 mm.

1137 1926 1368 1972 orasse
1400 1927 1558 1972 cum
1591 1912 1769 1973 esset
1806 1904 1877 1970 in
1935 1903 2229 1971 miseriis
2266 1925 2389 1993 pro
2438 1900 2687 1969 libera-

1132 2013 1343 2091 tione,
1388 2009 1502 2080 hic
1549 2010 1848 2079 ostendit
1906 2010 2388 2079 confidentiam
2452 2030 2521 2075 se
2571 2007 2687 2075 ha·

1131 2117 1359 2187 buisse
1391 2120 1461 2185 in
1492 2118 1832 2198 oratione,
1878 2127 1944 2187 et
1985 2117 2546 2187 consolationem.

1220 2225 1783 2294 Consolationem
1825 2233 2057 2293 autem
2099 2223 2390 2293 ostendit
2420 2224 2488 2290 in
2519 2222 2686 2289 duo-

1128 2332 1280 2403 bus,
1334 2332 1413 2401 ln
1478 2334 1852 2402 confidenti
1918 2334 2252 2411 oratioue,
2315 2340 2380 2400 et
2435 2333 2680 2400 animae

1128 2444 1424 2532 propriae
1493 2440 1938 2526 allocutione,
1981 2441 2103 2523 ibi,
2163 2449 2226 2519 ᾗ.
2271 2441 2370 2509 3:
2435 2465 2468 2505 α
2529 2440 2679 2507 Non

1129 2548 1242 2616 det
1272 2550 1342 2616 in
1370 2550 1919 2618 commotionem.
1958 2577 1994 2613 n

1216 2656 1294 2725 In
1326 2659 1547 2749 prima
1579 2657 1741 2726 duo.
1786 2657 2049 2735 Prim0,
2094 2656 2381 2725 ostendit
2425 2656 2490 2722 in
2522 2653 2678 2746 qui-

1126 2763 1253 2832 bus
1318 2763 1571 2833 habeat
1647 2763 1969 2833 fiduciam
2049 2762 2469 2833 secundarie.
2562 2762 2680 2828 Se·

1126 2872 1375 2954 cundo,
1454 2872 1528 2939 in
1586 2894 1724 2964 quo
1778 2871 2267 2963 principaliter,
2326 2879 2389 2938 et
2429 2871 2674 2961 prim0,

1125 2976 1246 3060 ibi,
1278 2984 1344 3053 5.
1381 2978 1421 3043 2
1457 2997 1474 3043 ε
1510 3000 1546 3042 ι
1587 2977 1968 3045 Auxilium
1998 2998 2246 3045 meum.
2286 3002 2322 3043 ι

1213 3081 1293 3151 Ιιι
1330 3084 1553 3175 prima
1619 3083 1783 3155 due.
1820 3083 2085 3164 Primo,
2156 3085 2402 3152 erectio
2457 3081 2677 3150 cordis

1122 3191 1206 3260 ad
1263 3202 1563 3263 sanctos.
1628 3193 1978 3281 Secundo,
2048 3195 2457 3286 exspectatio
2523 3191 2678 3259 sub-

1123 3301 1464 3369 ventionis
1502 3301 1590 3371 ab
1629 3302 1787 3381 illis,
1833 3301 1954 3385 ibi,
1992 3328 2025 3369 «
2072 3303 2285 3395 ⁸Unde
2331 3300 2609 3369 veniet?
2635 3330 2665 3360 υ

1742 3616 1860 3687 Sic
1914 3618 2203 3688 clamavi
2264 3618 2556 3686 existens
2605 3618 2672 3685 in

1211 3614 1397 3686 Dicit
1431 3639 1598 3709 ergo
1660 3639 1677 3685 ε

773 3738 932 3785 eam·
976 3752 1094 3798 μη
1122 3725 1438 3795 miseriis.
1469 3724 1683 3806 Quasi
1713 3725 1967 3796 diceret
2000 3748 2016 3796 ε
2056 3725 2424 3795 Inclinatus
2453 3724 2673 3793 adhuc

839 3792 1039 3843 Psalmi.

1121 3833 1190 3899 in
1221 3833 1445 3923 primo
1474 3831 1718 3923 gradu,
1751 3842 1820 3902 et
1845 3832 2204 3925 paululum
2252 3856 2533 3925 surgens
2589 3833 2672 3900 ad

1118 3938 1522 4019 secundum,
1567 3964 1603 4006 ι
1639 3940 1867 4009 levavi
1901 3941 2136 4010 oculos
2177 3965 2381 4024 nicos,
2420 3969 2451 4005 ι
2496 3943 2672 4008 inte-

1114 4045 1329 4115 riores
1363 4054 1431 4115 et
1486 4045 1847 4126 mentales,
1882 4069 2021 4116 non
2052 4047 2458 4140 corporales,
2502 4071 2671 4140 quo-

1111 4176 1265 4222 rum
1295 4153 1548 4222 erectio
1588 4153 1866 4245 signum
1908 4154 2244 4247 superbia!
2301 4163 2424 4226 est.
2493 4155 2670 4225 Pro-

1107 4260 1302 4331 verb.
1362 4283 1529 4340 xxx,
1578 4261 1712 4330 13:
1760 4262 2126 4332 Gener-atio
2164 4263 2369 4353 cujus
2422 4263 2673 4333 esce-lsi

1104 4379 1271 4439 sunt
1307 4371 1519 4452 oculi,
1560 4381 1628 4439 et
1657 4370 2016 4463 palpebre
2041 4373 2112 4440 in
2142 4372 2292 4441 alto
2327 4382 2661 4440 surrectae.

1109 4476 1221 4563 Et,
1280 4477 1495 4548 Eccli.
1566 4500 1762 4558 xxm,
1849 4480 1919 4565 5,
1978 4489 2177 4573 rogat
2216 4502 2232 4550 ε
2296 4480 2668 4549 Extollen-

1109 4584 1281 4652 tiam
1321 4585 1691 4653 oculorum
1719 4607 2028 4654 meorum
2064 4609 2150 4655 ne
2175 4586 2439 4655 dederis
2463 4588 2656 4656 milei.

1178 4878 1198 4910 ¹
1224 4874 1319 4928 Au
1348 4868 1473 4928 lieu
1502 4869 1691 4928 d’etre
1725 4870 1971 4929 intitule
2026 4888 2256 4931 comme
2320 4874 2405 4932 les
2460 4883 2662 4936 autres

1105 4976 1387 5035 psaumes
1416 4958 1491 5017 de
1520 4958 1579 5018 la
1609 4960 1789 5030 serie,
1818 4960 1941 5019 thir
1976 4962 2415 5038 ΙιαηυηαΙιαΙοεΙι,
2472 4967 2665 5023 celui·

1105 5050 1159 5107 ci
1197 5050 1235 5108 a
1284 5065 1366 5107 nn
1417 5048 1557 5107 titre
1595 5049 1969 5126 leget-emeat
2016 5051 2340 5112 different:
2379 5056 2497 5112 shir-
2524 5057 2665 5113 lam·

1105 5141 1414 5210 mahalath,
1440 5140 1668 5217 Symm.
1706 5157 1723 5197 ε
1754 5137 1875 5214 ῷδὴ
1905 5141 1986 5205 tl<
2032 5142 2132 5207 τᾶς
2174 5137 2479 5219 boetem,
2528 5165 2665 5206 can·

1106 5234 1273 5308 tique
1300 5248 1454 5307 pour
1478 5231 1571 5290 les
1600 5233 1898 5290 montees.
1936 5234 2092 5292 C'est
2120 5252 2203 5293 un
2239 5244 2368 5295 acte
2397 5238 2469 5296 de
2515 5255 2662 5297 con·

1106 5323 1300 5382 ssance
1347 5321 1598 5380 absolue
1646 5338 1726 5381 en
1772 5320 1834 5379 la
1884 5323 2194 5397 puissante
2230 5328 2558 5401 protection
2587 5329 2661 5387 de

1104 5413 1253 5472 Dieu
1292 5414 1514 5473 durant
1541 5412 1600 5472 le
1629 5429 1875 5489 voyage.
1908 5414 2016 5472 Les
2040 5423 2201 5475 mets
2247 5418 2478 5490 muner,
2524 5436 2658 5495 gar·

1104 5500 1271 5574 dien,
1297 5506 1360 5561 et
1384 5502 1636 5574 sinemur,
1661 5501 1901 5578 garder,
1929 5519 1968 5578 y
1998 5509 2136 5563 sont
2161 5505 2388 5565 chacun
2426 5510 2659 5584 repetes

1102 5592 1252 5651 trois
1279 5592 1398 5652 fois
1426 5609 1504 5652 en
1528 5593 1772 5669 pariant
1795 5594 1871 5653 de
1908 5595 2078 5655 Dien.
2130 5598 2354 5657 Rex-der
2401 5616 2657 5678 suppose

1106 5699 1448 5759 cepsaume
1476 5684 1698 5744 chante
1735 5701 1849 5761 par
1891 5702 1977 5745 nn
2023 5688 2294 5748 vieillard
2340 5708 2416 5750 en
2456 5692 2659 5753 savenr
2786 5705 2794 5712 ·

2791 1894 3137 1962 montibus
3173 1899 3464 1965 aeterniS.
3520 1896 3707 1977 Quos
3772 1894 3997 1963 calore
4054 1891 4347 1961 charita-

2791 2004 2877 2070 tis
2906 2004 3311 2074 inflammat.
3347 2005 3553 2075 Eccli.
3587 2029 3770 2085 me,
3813 2005 3854 2071 4
3890 2025 3904 2070 :
3938 2000 4071 2072 Sol
4098 1999 4345 2092 tripli-

2788 2114 2953 2180 citer
3014 2137 3303 2182 exurens
3360 2125 3641 2183 montes:
3712 2112 3975 2190 Exurit,
4006 2099 4020 2111 ⁶
4049 2115 4127 2176 ut
4183 2131 4344 2176 om·-

2791 2243 2945 2287 nem
2990 2222 3318 2290 malitiam
3351 2224 3421 2290 in
3459 2222 3591 2290 illis
3621 2227 4002 2289 consumat.
4062 2216 4333 2298 Exurit,

2787 2337 2858 2396 ut
2890 2328 3203 2399 ardenter
3232 2330 3489 2399 bonum
3521 2338 3835 2422 appetere
3876 2329 4102 2397 faciat.
4140 2325 4336 2393 Exu-

2787 2440 2896 2518 rit,
2939 2447 3014 2508 ut
3041 2448 3395 2531 tamquam
3436 2441 3781 2508 flammam
3839 2438 4100 2505 bonum
4156 2457 4332 2526 opus

2787 2546 3120 2614 emittant.
3174 2546 3280 2614 Ad
3335 2544 3465 2614 hos
3503 2552 3769 2614 montes
3816 2542 3995 2612 oculi
4045 2549 4207 2610 sunt
4245 2539 4337 2608 le-
4363 2554 4690 2655 {efffffissss'

4445 2662 4605 2708 dandi.

2785 2651 3012 2720 vandi.
3059 2653 3320 2735 Primo,
3353 2663 3425 2723 ut
3456 2657 3602 2722 visa
3632 2676 3865 2722 eorum
3901 2648 4330 2728 rectitudine,

2785 2770 3088 2829 nostram
3171 2762 3629 2832 deviationem
3697 2769 3763 2831 et
3855 2757 4334 2828 tortitudinem

2784 2892 3257 2960 agnoscamuS.
3297 2872 3455 2951 Job,
3498 2894 3736 2948 xxxm,
3798 2870 3880 2937 27
3921 2891 3936 2936 :
3997 2866 4336 2958 Respiciet

2781 2977 3111 3060 homines,
3143 2990 3210 3049 et
3236 2981 3414 3050 dicet
3452 3005 3475 3050 .-
3514 2978 3927 3070 Ρεεεαυὶ,[ιί
3955 2999 4107 3045 vere
4153 2974 4339 3041 ‹leli-

2782 3064 2925 3178 qtci.
2975 3087 3065 3156 Ut
3111 3090 3256 3157 visa
3300 3112 3538 3158 eorum
3578 3087 3939 3172 munditia,
3984 3083 4067 3152 de
4100 3091 4338 3151 nostra

2785 3195 3216 3267 immunditia
3334 3198 3853 3267 confundamur.
3995 3190 4337 3262 Ezechiel.

2783 3328 2967 3390 xun,
3018 3307 3142 3374 10:
3186 3307 3334 3375 Fili
3379 3307 3704 3385 hominis,
3764 3301 4036 3373 ostende
4092 3300 4341 3369 domui

2781 3412 3005 3481 Israel
3037 3413 3398 3506 templum,
3432 3423 3497 3484 et
3524 3411 4048 3504 confundantur
4084 3407 4172 3475 ab
4208 3408 4339 3474 ini-

2780 3521 3162 3612 quitatibus
3196 3524 3367 3608 suis,
3399 3521 3579 3591 bona
3611 3521 3863 3591 scilicet
3900 3517 4331 3588 confusione.

2784 3628 2868 3695 Ut
2929 3629 2996 3697 in
3056 3630 3220 3720 ipsis
3271 3638 3621 3723 tamquam
3683 3629 3751 3696 in
3818 3626 4008 3695 libris
4067 3649 4108 3692 a
4186 3622 4332 3691 Deo

2778 3738 3044 3828 scriptis
3073 3737 3235 3831 quid
3274 3737 3614 3830 agendum
3646 3738 3733 3806 sit
3768 3736 4105 3827 legamus.
4164 3731 4327 3809 Job,

2778 3868 2966 3925 xxxi,
3001 3848 3086 3913 35
3131 3870 3147 3915 ε
3182 3846 3469 3916 Librum
3506 3845 3760 3915 scribat
3791 3846 3933 3937 ipse
3961 3842 4086 3935 qui
4109 3840 4332 3932 judi-

2774 3964 2906 4021 cat.
2946 3952 3006 4022 ΙΙ
3073 3953 3157 4022 ad
3188 3954 3495 4024 Corinth.
3529 3976 3650 4035 vu,
3691 3955 3758 4036 2,
3809 3951 3972 4021 dicit
4022 3971 4201 4018 unus
4241 3947 4333 4016 li-

2776 4061 2897 4130 ber
2945 4084 2961 4129 :
3009 4064 3253 4155 Capite
3304 4087 3454 4146 nos,
3513 4062 3578 4132 id
3636 4070 3762 4146 est,
3804 4082 3955 4153 quae
3998 4059 4067 4126 in
4125 4056 4330 4126 nobis

2774 4178 2979 4238 sunt:
3022 4171 3357 4239 »neminem
3391 4170 3713 4249 laesimus,
3780 4168 4120 4235 neminem
4183 4188 4331 4233 cor-

2773 4279 3112 4370 rupimus.
3158 4278 3248 4347 Ut
3294 4277 3553 4347 bonum
3583 4277 4013 4369 propositum
4089 4273 4325 4343 conci-

2772 4386 3065 4477 piamuS.
3100 4385 3347 4457 Genea.
3406 4408 3570 4466 xxx,
3631 4386 3714 4453 37
3769 4391 3835 4452 et
3892 4404 4069 4474 seq„
4140 4380 4325 4450 Oves

2772 4494 3002 4565 Laban
3050 4496 3134 4565 ad
3177 4496 3526 4590 virgarum
3586 4493 3906 4563 intuitum
3973 4492 4325 4584 concipie-

2769 4599 2959 4680 bant,
2999 4601 3119 4669 sed
3156 4600 3744 4677 decorticatarum,
3778 4599 3847 4668 id
3874 4605 4004 4678 est,
4055 4620 4326 4690 paupe-

2767 4886 2842 4943 de
2871 4901 2980 4943 son
3014 4884 3110 4942 ssls
3139 4883 3242 4959 qni
3266 4887 3400 4959 part
3438 4898 3591 4957 pour
3625 4881 3683 4940 la
3730 4881 3869 4941 ville
3898 4879 4167 4952 saainteg
4226 4879 4319 4937 s'il

2767 4976 3045 5033 convient
3071 4973 3211 5031 bien
3238 4974 3276 5032 a
3302 4989 3419 5030 une
3448 4971 3697 5046 parcille
3725 4971 4036 5041 situation,
4084 4970 4127 5027 it
4166 4970 4324 5029 n’est

2767 5083 2873 5141 pas
2906 5066 3103 5124 moins
3133 5082 3348 5141 propre
3374 5064 3411 5122 a
3437 5062 3707 5122 ranimer
3742 5062 3799 5121 le
3848 5079 4105 5138 courage
4155 5070 4217 5120 et
4262 5062 4322 5120 la

2766 5158 3075 5215 constance
3105 5155 3185 5213 du
3215 5170 3509 5230 voyagenr
3538 5153 3804 5229 pendant
3829 5151 3891 5210 la
3917 5156 4113 5210 route.

2836 5246 3001 5302 cette
3056 5243 3415 5319 protection,
3459 5259 3575 5317 qne
3631 5242 3850 5301 chante
3896 5240 3953 5297 le
3985 5238 4320 5314 psalmisto,

2770 5340 2863 5391 est
2888 5337 3133 5391 assuree
3159 5333 3321 5390 aussi
3350 5347 3427 5390 an
3451 5331 3721 5389 chretien
3751 5329 3855 5403 qui
3884 5327 4209 5403 accomplit
4260 5327 4321 5384 le

2770 5424 3110 5500 pelex-iunge
3148 5424 3223 5482 de
3251 5429 3409 5482 cette
3437 5424 3552 5491 vie,
3580 5439 3665 5502 en·
3688 5424 3898 5478 tenant
3922 5418 4014 5477 les
4042 5434 4196 5494 yeux
4229 5418 4322 5474 le·

2762 5517 2863 5572 ves
2884 5530 3017 5573 vera
3045 5513 3135 5571 les
3165 5520 3519 5588 montagnes
3543 5509 3884 5569 etei-nones.

3793 5690 3862 5753 11.
3904 5688 4150 5747 Lustra:
