5008 6329
1895 347 2609 420 COMMENTARIUS
2658 349 2752 415 IN
2802 347 3232 417 PSALMUM
3284 347 3593 415 CXXIII.

1174 515 1443 579 actione
1474 537 1599 604 pro
1645 515 2079 602 liberatione,
2122 521 2475 611 praemisso
2533 518 2729 587 titulo

1173 628 1527 701 consuetO,
1565 633 1630 691 et
1659 636 1986 695 consueto
2039 627 2244 696 modo
2294 624 2724 715 exponendo.

1262 834 1610 905 Dividitur
1639 848 1867 907 autem
1900 839 2217 907 Psalmus
2254 841 2326 906 in
2376 841 2545 907 duas
2577 862 2729 929 par-

1167 949 1293 1009 tes.
1339 943 1605 1025 Primo,
1648 948 1962 1014 invitatio
2015 947 2326 1014 omnium
2381 947 2729 1037 generali-

1028 1140 1037 1150 ·
1166 1057 1271 1117 ter
1309 1061 1702 1144 ereptorum
1743 1076 1784 1122 a
1822 1053 1967 1122 Deo
2010 1077 2049 1122 a
2092 1055 2311 1137 maliS,
2347 1055 2434 1123 ad
2469 1058 2731 1145 gratia-

1169 1181 1322 1226 rum
1362 1163 1726 1229 actionem.
1768 1161 2111 1247 Secundo,
2164 1163 2415 1232 solutio
2473 1164 2731 1255 gratia-

1166 1290 1323 1336 rum
1381 1292 1505 1360 pro
1554 1269 1904 1352 omnibuS,
1960 1270 2078 1348 ibi,
2114 1278 2178 1349 y.
2233 1274 2324 1340 6:
2376 1300 2408 1335 οι
2439 1271 2730 1338 Benedi-

1166 1386 1316 1444 ctus
1345 1379 1713 1446 Dominus.
1753 1402 1787 1444 ι

1254 1483 1335 1552 ln
1373 1486 1596 1575 prima
1655 1484 1818 1554 duo.
1876 1486 2140 1572 Prim0,
2194 1496 2428 1555 monet
2473 1488 2725 1578 gratias

1164 1613 1367 1682 agere
1415 1615 1541 1684 pro
1601 1593 2007 1663 liberatione
2056 1617 2096 1662 a
2150 1594 2720 1686 persecutoribus·

1167 1697 1512 1778 Secundo,
1548 1723 1671 1791 pro
1703 1699 2109 1768 liberatione
2139 1724 2179 1769 a
2208 1700 2720 1780 tentationibuS,

1166 1805 1284 1890 ibi,
1318 1814 1385 1884 5.
1419 1809 1459 1876 5
1494 1831 1509 1874 :
1559 1836 1593 1873 α
1632 1810 2045 1877 Torrentem.
2089 1835 2120 1875 ιι

1255 1915 1336 1983 In
1375 1919 1598 2008 prima
1655 1915 1815 1985 duo.
1853 1916 2118 2002 Primo,
2154 1919 2396 1986 invitat
2431 1917 2517 1986 ad
2565 1940 2728 2009 gra-

1162 2025 1416 2091 tiarum
1456 2024 1795 2091 actionem
1828 2048 1951 2115 pro
1991 2023 2397 2094 liberatione
2425 2048 2465 2093 a
2494 2047 2728 2116 perse-

1163 2132 1437 2199 cutione
1506 2132 1872 2220 majorum.
1939 2130 2282 2212 Secundo,
2346 2135 2720 2211 minorum,

1167 2238 1291 2323 ihi,
1324 2245 1390 2316 y.
1435 2239 1476 2305 4
1510 2262 1526 2307 3
1566 2264 1600 2304 α
1650 2239 1827 2308 Cum
1866 2241 2277 2309 irasceretur
2302 2243 2531 2330 suror.
2574 2269 2607 2302 υ

816 2584 902 2659 ι
920 2583 1131 2652 2013
1251 2560 1488 2628 Trium
1520 2582 1845 2629 versuum
1871 2561 2222 2650 quisunt
2206 2583 2275 2627 m
2305 2560 2527 2650 prima
2561 2581 2718 2651 par-

814 2684 972 2730 Ptnim
1019 2699 1135 2740 mr·
1164 2677 1230 2737 te
1284 2668 1534 2759 pendet
1598 2669 2045 2749 constructio,
2117 2676 2194 2735 ut
2249 2666 2513 2736 dicatur
2575 2670 2713 2736 sic:

885 2739 1026 2784 Postu

1026 2742 1075 2786 11.

1165 2805 1200 2841 «
1242 2777 1488 2855 Israel,
1526 2803 1560 2840 ιο
1589 2776 1885 2868 populus
1915 2775 2174 2844 scilicet
2197 2775 2435 2844 videns
2466 2773 2714 2855 Deum,

1163 2911 1197 2951 α
1233 2884 1421 2952 dicat
1449 2906 1658 2965 nunc,
1693 2883 2006 2974 »gratias
2037 2882 2432 2952 referendo:
2480 2907 2515 2949 α
2544 2883 2714 2952 Cum

1155 2993 1487 3072 homines,
1536 3018 1571 3055 »
1608 3001 1945 3083 potentes,
1988 3000 2058 3061 et
2093 2992 2164 3059 in
2192 2991 2549 3083 superficie
2604 3013 2718 3058 ra-

1161 3099 1553 3185 tionabiles,
1585 3127 1619 3163 «
1651 3109 2095 3193 exsurqerent
2124 3101 2195 3167 in
2231 3121 2379 3179 nos,
2411 3125 2442 3164 n
2480 3098 2551 3168 id
2584 3106 2709 3180 est,

1153 3217 1393 3278 contra
1451 3230 1604 3293 nos,
1650 3207 1902 3287 verbis,
1945 3215 2012 3276 et
2058 3205 2250 3276 factis
2302 3229 2430 3275 nos
2476 3230 2716 3298 perse-

1154 3314 1456 3407 quendo,
1513 3337 1548 3380 ι
1589 3316 1774 3404 sorte
1829 3313 2312 3404 deqluttissent
2358 3336 2507 3397 nos,
2558 3342 2591 3377 n
2640 3315 2711 3382 in

1153 3421 1413 3490 malum
1458 3421 1717 3491 scilicet
1764 3420 2217 3502 induxissent,
2251 3432 2319 3490 et
2357 3418 2489 3490 hoc
2543 3448 2576 3484 «
2615 3422 2713 3489 vi·

1150 3555 1292 3611 cos,
1339 3557 1373 3597 ι
1432 3531 1747 3611 scienteS,
1781 3538 1850 3600 et
1904 3530 2294 3622 prudentes,
2341 3539 2408 3601 et
2453 3530 2709 3599 malum

1149 3640 1527 3709 certissime
1556 3649 2075 3732 cognoscentes,
2113 3669 2147 3705 κ
2188 3641 2327 3709 nisi
2359 3642 2528 3731 quia
2559 3643 2712 3710 Do-

1148 3749 1380 3817 minus
1403 3757 1553 3817 erat
1594 3749 1664 3816 in
1692 3747 1914 3829 nobis,
1961 3774 1995 3814 »
2028 3748 2198 3817 dans
2234 3749 2559 3819 virtutem
2587 3772 2712 3818 su-

1147 3855 1459 3945 peu-andi.

1238 3964 1421 4033 Nota
1478 3972 1671 4056 ergo,
1742 3964 1930 4057 quod
1987 3964 2302 4034 diabolus
2368 3988 2489 4057 per
2542 3988 2705 4061 suos

1146 4072 1263 4164 qui
1326 4071 1508 4141 mala
1581 4082 1987 4165 suggerunt,
2057 4074 2426 4167 aliquando
2485 4073 2706 4143 bonos

1143 4179 1489 4270 degluttit,
1530 4189 1601 4250 et
1644 4183 2040 4273 incorporat
2066 4182 2223 4254 sibi.
2275 4182 2393 4252 Sic
2456 4204 2494 4250 e
2532 4204 2706 4253 con-

1142 4292 1353 4361 trario
1394 4288 1581 4358 Deus
1611 4312 1732 4381 per
1761 4289 2244 4381 praedicatores
2291 4314 2477 4369 suos,
2550 4312 2706 4357 ma·-

1140 4400 1270 4472 los.
1314 4401 1468 4471 Act.
1493 4424 1561 4482 x,
1611 4401 1718 4488 13,
1746 4400 2005 4469 dictum
2036 4409 2137 4470 est
2166 4402 2370 4470 Petro
2392 4422 2409 4468 3
2432 4401 2700 4488 Occide,

1140 4519 1208 4577 et
1244 4507 1618 4588 manduca,
1661 4507 1898 4577 omnia
1944 4506 2200 4576 scilicet
2249 4530 2502 4600 genera
2544 4531 2702 4600 rep-

1140 4614 1390 4691 tilium.
1452 4619 1520 4683 et
1603 4612 2051 4705 serpentium.
2112 4612 2241 4683 llic
2311 4622 2542 4683 autem
2599 4622 2702 4684 est

1136 4722 1333 4791 ordo.
1379 4720 1643 4805 Primo,
1685 4720 1881 4813 ponit
1905 4720 2101 4813 quasi
2133 4721 2202 4789 in
2230 4745 2348 4791 ore
2385 4744 2539 4801 suo,
2580 4745 2703 4813 per

1132 4828 1298 4898 mali
1372 4830 1940 4922 suggestionem:
2011 4829 2335 4909 secundo,
2389 4831 2699 4898 masticat

1131 4961 1253 5029 per
1328 4936 1920 5015 deliberationem,
1992 4936 2113 5006 sed
2203 4936 2521 5029 degluttit
2573 4961 2699 5029 per

1131 5066 1577 5123 consensum,
1612 5052 1678 5112 et
1706 5045 1975 5121 vivum,
2009 5043 2283 5135 quando
2313 5043 2478 5113 mali
2508 5046 2695 5137 quod

1128 5152 1287 5221 facit
1329 5150 1537 5221 habet
1573 5152 2065 5243 cognitionem.
2101 5150 2429 5222 Proverb.
2465 5178 2512 5232 ι,
2560 5156 2641 5222 12
2670 5179 2688 5225 3

1132 5258 1656 5348 Deqluttiamus
1679 5280 1863 5336 eum,
1892 5258 2071 5326 sicut
2119 5259 2435 5350 infernus
2472 5262 2694 5329 viven-

1131 5373 1292 5435 tem.
1338 5366 1568 5448 Jonae,
1608 5385 1685 5448 ιι,
1733 5367 1759 5433 1
1798 5388 1815 5435 3
1874 5367 2312 5456 praeparavit
2350 5370 2692 5439 Dominus

1118 5473 1380 5568 piscem
1421 5474 1784 5565 qrandem,
1840 5482 1920 5543 ut
1964 5474 2368 5565 deqluttiret
2406 5478 2685 5548 Ionam.

1195 5707 1214 5743 ¹
1246 5705 1320 5764 Cf
1367 5706 1569 5763 nauh.
1598 5721 1639 5763 1.
1671 5706 1765 5767 2³.

4256 348 4383 415 359

2834 518 3111 584 Numer.
3157 540 3295 597 xvi,
3341 519 3449 598 33,
3501 515 3804 596 Dathan,
3866 523 3932 582 et
3971 514 4231 581 Abit-on
4275 513 4385 578 dc-

2832 624 3229 690 scenderunt
3275 625 3413 690 vivi
3443 625 3510 689 in
3564 624 3935 711 infernum.
3970 620 4119 688 Hoc
4156 626 4385 686 autem

2836 733 3064 801 sitnisi
3104 733 3437 801 Dominus
3476 735 3563 799 sit
3600 727 3680 798 in'
3710 733 3893 798 suis:
3947 731 4061 797 sed
4112 727 4385 817 quando

2832 845 3032 910 estin
3089 843 3277 932 ipsis,
3321 849 3547 908 servat
3605 863 3745 907 eos,
3798 838 4052 906 Jerem.
4104 859 4243 914 xm,
4297 837 4380 901 9:

2835 951 2987 1018 Tu’
2960 974 3035 1017 in
3064 949 3260 1017 nobis
3295 973 3386 1026 es,
3432 950 3756 1030 Domine,
3826 956 3889 1013 et
3927 967 4170 1013 nomen
4227 965 4385 1010 san-

2829 1067 3014 1123 ctum
3061 1066 3258 1122 tuum
3297 1056 3687 1121 invocatum
3712 1063 3807 1122 est
3850 1073 4228 1142 supernos.
4266 1048 4382 1115 Est
4415 1057 4513 1102 neu
4436 1069 4594 1156 min?
4571 1062 4679 1209 ”Eg
4681 1057 4735 1156 ἐπι

2831 1169 3057 1230 autem
3096 1163 3164 1228 in
3193 1161 3324 1229 illis
3353 1184 3474 1251 per
3503 1170 3763 1229 naturae
3803 1158 4378 1235 conformitatem,
4413 1111 4500 1222 ezr

2830 1279 2895 1339 et
2934 1271 3003 1337 in
3052 1269 3370 1338 omnibus
3417 1268 3839 1338 hominibus.

2831 1493 2952 1562 est,
2986 1482 3352 1554 Nobiscum
3418 1485 3684 1553 Deus¹.
3738 1482 4034 1561 Baruch,
4085 1504 4185 1563 ιιι,
4248 1480 4374 1547 38:

2828 1598 2998 1663 Post
3040 1595 3179 1662 lzaec
3226 1595 3298 1661 in
3355 1595 3553 1661 terris
3599 1595 3785 1660 visus
3813 1601 3934 1671 est,
3976 1599 4041 1659 et
4086 1612 4242 1658 cum
4268 1591 4386 1657 lto·

2829 1704 3128 1772 minibus
3174 1713 3605 1771 conversatus
3643 1711 3763 1770 cst.
3827 1700 3965 1769 Sed
4003 1698 4387 1792 specialiter

2828 1834 2948 1903 per
3002 1814 3233 1902 gratiae
3290 1834 3428 1879 suae
3486 1810 3922 1878 inlusionem.
3984 1805 4260 1874 Zachar.
4309 1828 4380 1884 ιι,

2834 1921 2913 1987 10
2942 1944 2957 1987 3
2990 1921 3163 1988 Ecce
3196 1941 3318 2010 eqo
3348 1919 3567 2002 veni0,
3599 1928 3662 1985 et
3690 1915 4018 1985 habitabo
4061 1916 4131 1981 in
4161 1912 4385 1981 medio

2829 2029 2958 2112 tui,
3027 2031 3129 2095 ait
3163 2028 3530 2097 Dominus,
3606 2025 3719 2093 Ad
3785 2025 4076 2093 Roman.
4148 2045 4222 2104 v,
4293 2024 4377 2089 3.

2832 2137 3152 2206 Charitas
3192 2138 3319 2204 Dei
3350 2136 3609 2226 diffusa
3649 2143 3745 2202 est
3810 2136 3882 2200 in
3920 2129 4240 2199 cordibus
4268 2153 4384 2196 no-

2828 2245 3013 2312 stris.
3056 2243 3217 2324 Sed,
3250 2244 3321 2310 iu
3352 2242 3622 2327 eodem,
3665 2264 3812 2321 vm,
3861 2241 3987 2309 31:
4050 2240 4134 2316 Si
4196 2241 4383 2306 Deus

2813 2374 2949 2443 pro
2975 2349 3190 2428 nobis,
3233 2351 3389 2441 quis
3415 2360 3653 2418 contra
3690 2371 3815 2416 nos
3846 2345 3889 2414 P

2915 2695 2949 2735 α
3003 2670 3173 2739 Cum
3213 2669 3632 2737 irasceretur.
3674 2690 3708 2732 ι
3771 2664 3898 2732 nic
3961 2661 4364 2739 secundum,

2823 2785 2891 2846 et
2953 2786 3267 2845 construe
3320 2776 3458 2843 sic:
3538 2774 3624 2842 Et
3660 2774 3867 2841 etiam
3928 2770 4135 2838 lsrael
4192 2769 4370 2837 dicat

2825 2908 3031 2966 nunc,
3075 2885 3426 2976 quoniam,
3482 2906 3515 2948 ι
3559 2903 3769 2972 aqua,
3816 2908 3848 2942 »
3904 2877 4200 2970 populus
4246 2877 4373 2943 sci-

2821 2994 2979 3064 licet
3049 2979 3297 3072 labilis,
3338 3000 3407 3061 et
3450 2989 3800 3058 fluxibilis.
3853 2987 4138 3079 Apocal.
4201 3008 4366 3062 xvu,

2824 3104 2946 3172 15.-
3002 3103 3217 3194 Aquae
3270 3099 3391 3169 ubi
3446 3099 3772 3168 meretrice
3837 3095 4047 3172 sedet,
4118 3093 4374 3186 populi

2815 3220 3000 3298 sunt,
3035 3223 3101 3280 et
3156 3211 3436 3301 linquae.
3485 3209 3639 3290 Vel,
3683 3228 3897 3299 aqua,
3930 3203 4279 3275 tribulatio
4329 3226 4369 3271 a

2820 3319 3088 3413 populis
3174 3321 3478 3387 immissa
3552 3317 3624 3385 in
3699 3314 4117 3384 abundantia
4195 3313 4368 3380 sicut

2818 3450 3020 3520 aqua.
3090 3427 3306 3496 Exod.
3375 3449 3493 3506 xv,
3560 3425 3686 3492 103
3757 3421 4117 3494 Submersi
4175 3431 4360 3495 stmt,

2815 3534 3122 3627 AEgyptii
3196 3534 3474 3612 scilicet,
3561 3530 3766 3623 quasi
3838 3526 4210 3621 plumbum
4296 3527 4366 3593 in

2817 3644 3021 3734 aquis
3048 3639 3573 3710 vehementibus.
3613 3638 3794 3708 Psal.
3855 3657 4087 3718 ικνιιι,
4120 3637 4161 3701 2
4197 3655 4213 3701 :
4255 3633 4369 3701 ln-

2816 3760 3168 3819 traveruut
3193 3772 3394 3841 aqua.-
3412 3769 3628 3839 usque
3647 3747 3745 3815 ad
3769 3745 4078 3815 animam
4111 3764 4360 3810 meam.

2817 3884 2852 3924 ι
2901 3855 3374 3927 Absorbuisset
3428 3879 3576 3923 nos.
3631 3880 3665 3920 ι
3748 3853 4004 3922 Jerem.
4083 3874 4170 3933 ιι,
4230 3851 4358 3919 313

2809 3965 3181 4038 Absorbuit
3208 3988 3316 4034 me
3340 3965 3545 4058 quasi
3580 3962 3813 4032 draco.
3849 3961 3979 4029 lsa.
4017 3983 4197 4040 xcix,
4238 3961 4358 4029 193

2811 4080 3043 4169 Lonqe
3079 4072 3523 4167 suqabuntur
3585 4072 3710 4163 qui
3763 4068 4218 4140 absorbebant
4268 4078 4355 4136 te.

2811 4186 2898 4255 Et
2925 4185 3058 4254 hoc
3087 4212 3123 4249 α
3151 4183 3479 4273 forsitan,
3513 4206 3547 4246 ι
3582 4187 3748 4247 nota
3786 4186 3888 4248 est
3924 4176 4120 4245 liberi
4174 4174 4363 4244 arbi-

2812 4294 2946 4364 trii.
2993 4319 3026 4356 α
3063 4291 3237 4361 Cum
3270 4293 3480 4381 juror
3502 4309 3767 4366 eorum,
3802 4310 3839 4351 ι
3874 4286 4000 4376 ipsi
4041 4283 4361 4353 furibun-

2810 4400 2904 4480 di,
2932 4423 2967 4466 ι
3001 4399 3404 4467 irasceretur
3424 4397 3496 4463 in
3524 4417 3672 4465 nos.
3706 4420 3743 4457 ιι
3771 4391 4102 4462 l‘roverb.
4138 4413 4353 4474 xxvu,

2810 4512 2851 4578 t
2904 4532 2920 4578 3
2972 4509 3092 4577 Ira
3153 4530 3288 4576 non
3368 4502 3573 4573 habet
3613 4501 4156 4571 misericordiam
4238 4522 4359 4568 nec

2807 4639 3163 4709 erumpens
3214 4617 3445 4707 furor,
3521 4620 3587 4682 et
3642 4613 3978 4705 impetum
4030 4609 4357 4678 concitati

2803 4725 3091 4818 spiritus
3191 4724 3378 4813 serre
3473 4720 3632 4813 quis
3722 4718 3981 4810 poterit
4032 4714 4075 4783 P
4189 4713 4351 4782 Mali

2805 4833 2989 4901 enim
3026 4830 3174 4899 sine
3229 4827 3695 4897 misericordia
3732 4834 4087 4916 tamquam
4125 4821 4357 4890 bestiae

2804 4938 3237 5009 ferocissimae
3319 4935 3685 5026 insurgunt
3779 4942 4021 5002 contra
4102 4931 4351 5000 bonos.

2801 5045 2962 5127 Job,
2996 5068 3135 5124 xvi,
3185 5043 3266 5111 10
3302 5066 3319 5112 3
3365 5041 3663 5133 Colleqit
3696 5041 4011 5132 furorem
4045 5059 4254 5106 suum
4285 5040 4355 5107 in

2810 5177 2938 5233 me,
2964 5162 3030 5222 et
3056 5152 3481 5221 comminans
3500 5147 3701 5230 milti,
3733 5147 4101 5237 infremuit
4118 5155 4359 5214 contra

2810 5259 3248 5333 medentibus
3263 5261 3436 5331 suis.
3468 5256 3654 5327 Psal.
3688 5279 3825 5339 cxi,
3873 5256 3995 5323 103
4031 5256 4360 5323 Peccator

2803 5370 3059 5442 videbit
3123 5382 3190 5442 et
3233 5371 3591 5449 irascetur,
3640 5363 3960 5436 dentibus
4019 5366 4169 5435 suis
4219 5366 4360 5457 sre-

2806 5492 2967 5565 met,
3000 5491 3065 5551 et
3100 5481 3410 5551 tabescet.

4411 1220 4554 1263 conot
4559 1219 4737 1263 rmtta-

3908 1266 4038 1334 lsa.
4083 1288 4203 1343 vu,
4255 1266 4377 1333 14:
4412 1277 4550 1370 ξω
4536 1280 4737 1372 “rnffssss

2842 1374 3199 1445 Vocabitur
3254 1399 3499 1444 nomen
3554 1375 3710 1464 ejus
3764 1371 4209 1450 Emmanuel,
4253 1370 4386 1438 hoc
4511 1393 4639 1427 nem.
