5008 6329
1864 410 2575 490 COMMENTARIUS
2627 425 2723 492 lN
2770 429 3215 505 PSALMUM
3266 440 3512 511 CXXI.

1083 575 1252 639 ratio
1282 576 1540 664 gaudii,
1586 579 1970 673 descriptio,
2006 586 2123 668 ibi,
2165 595 2228 664 3*-
2277 591 2315 656 3
2360 613 2373 655 :
2442 619 2471 654 «
2514 596 2635 661 Je-
2739 623 2982 673 omnes
3020 608 3114 674 ibi
3145 614 3574 705 participant,

1079 681 1383 748 rusalem
1423 708 1574 775 quoe
1600 688 2011 778 aedificatur.
2061 717 2094 757 n

1169 805 1247 872 In
1301 810 1524 898 prima
1600 814 1762 882 duo.
1834 816 2092 896 Primo,
2143 819 2503 891 ass'ectuum
2546 828 2631 895 ad

1076 920 1326 982 aeterna
1401 918 1718 987 elevatio.
1786 920 2126 1002 Secunde,
2207 928 2627 1002 elevatoruin

1073 1019 1428 1103 stabilitas,
1518 1033 1583 1092 et
1659 1028 1935 1106 erectio,
2023 1031 2140 1110 ibi,
2234 1060 2268 1100 α
2353 1039 2628 1109 Stantes

1072 1136 1288 1193 erant.
1325 1156 1359 1190 n

1156 1234 1337 1304 Dicit
1373 1259 1535 1328 ergo
1581 1260 1596 1304 ε
1655 1238 1770 1309 Sic
1807 1242 2068 1315 divisus
2121 1272 2273 1318 sum
2317 1253 2388 1320 in
2426 1257 2627 1324 audi-

1067 1342 1178 1422 tis,
1225 1351 1292 1410 et
1339 1342 1502 1411 dum
1560 1344 1950 1418 dicerentur
1996 1353 2125 1422 ista
2163 1380 2300 1446 prae
2342 1362 2619 1449 gaudio,

1070 1472 1104 1512 α
1164 1449 1370 1539 pedes
1425 1452 1582 1533 mei,
1657 1477 1691 1519 s
1755 1457 2112 1528 interiores
2171 1463 2473 1546 affectuS,
2538 1471 2620 1539 de

1067 1555 1336 1645 quibuS,
1379 1557 1634 1648 Jerem.
1679 1585 1750 1641 11,
1815 1567 1900 1633 25
1964 1590 1980 1635 ε
2045 1572 2343 1641 Prohibe
2373 1577 2619 1666 pedem

1065 1673 1261 1731 tuum
1310 1688 1353 1732 a
1399 1668 1739 1739 nuditate.
1784 1672 2122 1746 Ezechiel.
2169 1704 2215 1764 1,
2254 1683 2290 1748 '1
2339 1707 2354 1751 :
2401 1686 2620 1757 Pedes

1061 1795 1296 1841 eorum
1365 1775 1638 1865 (dicitur
1705 1780 1786 1849 de
1869 1787 2279 1859 animalibus
2343 1798 2617 1887 sanctis)

1053 1882 1258 1971 pedes
1295 1886 1480 1952 recti.
1520 1910 1555 1953 α
1586 1890 1816 1958 Erant
1848 1894 1920 1961 in
1958 1898 2158 1965 atriis
2197 1902 2357 1983 tuir,
2399 1927 2433 1969 s
2478 1927 2617 1973 non

1056 1992 1326 2081 proprie
1362 1989 1475 2061 hic
1513 1997 1756 2087 accipit
1803 2003 2011 2083 atria,
2060 2027 2211 2095 quai
2259 2018 2416 2078 sunt
2458 2035 2615 2103 pars

1056 2099 1351 2167 exterior
1389 2101 1658 2182 domus,
1705 2109 1822 2177 sed
1870 2134 1995 2201 pro
2039 2115 2499 2201 interioribuS,
2547 2133 2613 2191 et

1043 2191 1510 2293 ⁴penetralibus
1539 2210 1811 2300 domuS,
1840 2225 1915 2285 ut
1945 2231 2135 2290 erant
2163 2224 2369 2313 pedes
2402 2226 2606 2309 illius,

1053 2313 1166 2402 qui
1224 2313 1508 2404 dicebat,
1554 2320 1640 2388 ad
1678 2321 1935 2416 Philip.
1979 2351 2076 2408 ιιι,
2141 2334 2226 2400 20
2283 2356 2300 2401 :
2352 2338 2608 2407 Nostra

1049 2427 1465 2493 conversatio
1525 2429 1597 2496 in
1635 2431 1824 2501 coelis
1874 2446 1994 2504 est.
2064 2438 2150 2507 Et
2216 2441 2422 2522 illius,
2490 2450 2605 2538 qui

1049 2529 1362 2599 similiter
1415 2534 1706 2619 dicebat,
1748 2539 1908 2621 Job,
1969 2568 2087 2626 vii,
2139 2550 2216 2616 15
2279 2573 2294 2617 ε
2367 2554 2607 2645 E'leqit

1042 2640 1489 2730 suspendium
1528 2648 1768 2715 anima
1808 2673 1984 2722 mea.
2021 2655 2104 2722 Et
2135 2657 2272 2742 hic,
2335 2690 2366 2724 α
2404 2672 2603 2732 slan-

1043 2754 1162 2824 tes,
1197 2772 1234 2809 i·
1256 2753 1454 2819 erecti
1483 2751 1772 2840 fortiter,
1817 2769 1883 2828 et
1905 2761 2183 2833 stabiliti
2213 2789 2294 2835 ne
2325 2770 2594 2840 cadant.

1041 2850 1187 2921 lad
1243 2855 1551 2928 Corinth.
1595 2885 1663 2940 x,
1706 2866 1785 2933 12
1847 2890 1864 2934 2
1934 2872 2073 2955 Qui
2123 2896 2196 2941 se
2246 2879 2600 2949 existimat

1033 2968 1240 3040 stare,
1309 2965 1538 3035 videat
1608 2993 1694 3038 ne
1757 2974 1986 3046 eadat.
2057 2978 2148 3049 Ut
2224 2994 2452 3072 parate
2528 2998 2595 3057 et

1033 3078 1347 3159 prompte
1385 3072 1509 3140 tibi
1549 3074 1937 3151 deserviant
1971 3106 1987 3150 ε
2022 3089 2378 3158 servientis
2408 3095 2591 3163 enim

1033 3183 1135 3244 est
1161 3184 1364 3259 stare,
1408 3180 1504 3249 111
1557 3183 1725 3277 Reg.
1778 3212 1944 3270 xvii,
1996 3196 2022 3260 1
2065 3217 2080 3261 ε
2132 3198 2306 3266 Vivit
2351 3203 2595 3272 Domi-

1030 3304 1160 3351 nus
1197 3287 1383 3355 Deus
1415 3290 1656 3372 lsrael,
1694 3296 1766 3363 in
1796 3299 2003 3388 eujus
2055 3318 2409 3396 conspectu
2454 3323 2585 3384 sta.

1033 3387 1122 3459 Ut
1163 3390 1427 3464 fortiter
1479 3412 1793 3491 pugnent
1836 3415 2073 3476 contra
2130 3410 2583 3502 adversarios,

1029 3502 1386 3583 mundum,
1411 3530 1712 3589 carnem,
1731 3513 2108 3586 diabolum.
2137 3520 2319 3594 l‘sal.
2345 3548 2581 3616 xxxix,

1028 3611 1068 3677 3
1101 3630 1119 3680 2
1167 3612 1305 3697 Qui
1335 3621 1588 3686 statuit
1604 3643 1814 3713 super
1834 3636 2107 3717 petram
2135 3633 2346 3722 pedes
2373 3660 2577 3706 meos,

1029 3716 1113 3786 Et
1140 3719 1329 3801 alibi,
1366 3723 1550 3797 I‘sal.
1591 3751 1757 3816 xxx,
1798 3734 1840 3801 9
1876 3757 1895 3803 ε
1943 3738 2278 3809 Statuisti
2314 3744 2382 3811 in
2435 3746 2582 3816 loco

1020 3828 1321 3917 spatioso
1369 3832 1580 3923 pedes
1636 3860 1842 3908 meos.
1917 3841 2002 3911 Ut
2041 3844 2238 3927 alios,
2282 3850 2337 3918 si
2407 3877 2581 3944 opus

1020 3934 1132 4015 sit,
1169 3934 1495 4025 adjuvent
1527 3960 1546 4011 ε
1596 3943 2066 4034 adjuvantium
2096 3956 2281 4023 enim
2312 3966 2413 4026 est
2441 3970 2576 4030 sta·

1021 4061 1116 4119 re.
1154 4043 1306 4113 Act.
1351 4068 1469 4125 vii,
1538 4051 1651 4133 55,
1698 4051 2089 4145 Stephanus
2130 4062 2297 4132 vidit
2335 4064 2576 4137 Jesum

1017 4158 1310 4221 stantem
1334 4155 1379 4236 ¹,
1405 4164 1731 4248 tanquam
1758 4162 2084 4252 adjuvare
2106 4181 2443 4260 paratum.
2466 4176 2574 4244 Ad

1019 4256 1237 4326 Galat.
1280 4283 1375 4340 vi,
1418 4265 1460 4330 2
1523 4287 1540 4332 :
1589 4267 1793 4337 Alter
1837 4273 2128 4344 alterius
2163 4303 2369 4349 onera
2414 4307 2578 4374 por-

1016 4370 1177 4431 tate.
1207 4364 1536 4440 l‘roverb.
1569 4394 1763 4456 xviii,
1797 4379 1876 4446 19
1912 4382 2199 4452 :Frater
2221 4390 2346 4478 qui
2362 4391 2575 4481 adju-

1020 4479 1222 4540 vatur
1246 4497 1293 4541 a
1315 4478 1566 4566 fratre,
1599 4486 1806 4572 quasi
1839 4488 2082 4558 civitas
2106 4492 2341 4580 firma.

1104 4814 1137 4850 κ
1166 4789 1553 4861 Jerusalem
1581 4818 1732 4885 quae
1782 4800 2193 4890 «edificatur.
2242 4833 2276 4873 ι
2309 4807 2437 4879 llic
2466 4834 2567 4883 se·

4171 463 4292 527 3351

3619 622 3736 703 ibi,
3787 653 3821 689 α
3867 629 4093 722 Cujus
4123 658 4297 728 par-

2738 714 3076 803 ticipatio.
3127 744 3160 784 i>

2823 819 3007 890 Dicit
3063 847 3280 916 ergo:
3334 831 3562 902 Tantae
3609 838 3921 911 efficaciae
3971 859 4128 918 sunt
4168 875 4293 920 au-

2737 925 2899 1005 dita,
2937 938 3012 998 ut
3048 933 3118 1000 in
3151 939 3341 1006 atriis
3387 940 3765 1015 Jerusalem
3810 961 3987 1021 stare
4046 957 4293 1029 faciant

2733 1038 2940 1127 pedes
2989 1065 3182 1113 meos
3229 1048 3485 1136 :illius‚
3532 1054 3835 1146 inquam,
3881 1062 4283 1153 Jerusalem,

2733 1170 2872 1215 non
2905 1173 3058 1241 quae
3125 1156 3197 1222 in
3255 1161 3451 1228 terris
3482 1173 3605 1249 est,
3657 1168 3773 1235 sed
3826 1199 3859 1234 α
3899 1176 4287 1249 Jerusalem

2731 1278 2884 1346 quse
2926 1283 2959 1323 i>
3023 1261 3093 1327 in
3159 1264 3346 1333 coelis
3407 1296 3438 1331 «
3471 1272 3860 1362 aedificatur
3900 1307 3932 1346 n
3986 1306 4069 1351 ex
4117 1289 4288 1358 vivis

2730 1362 3096 1452 lapidibus,
3145 1395 3179 1434 <i
3226 1384 3304 1439 ut
3332 1375 3596 1460 civitas,
3636 1405 3668 1446 i>
3720 1392 3793 1451 ut
3822 1387 3910 1454 sit
3948 1389 4019 1457 in
4051 1391 4163 1461 illa
4200 1396 4292 1463 ci-

2726 1468 2918 1536 vium
2949 1473 3179 1543 unitas
3218 1478 3346 1547 sub
3379 1480 3620 1552 iisdem
3661 1486 3952 1580 legibus»,
3997 1506 4065 1565 et
4101 1499 4285 1594 Rege

2728 1599 2892 1656 uno,
2930 1589 2997 1648 et
3026 1583 3296 1655 eodem.
3331 1589 3497 1660 Haec
3528 1597 3749 1665 unitas
3772 1600 3854 1669 de
3883 1626 4279 1701 qua,supra,

2727 1682 2796 1748 in
2828 1682 3012 1753 Psal.
3060 1711 3335 1774 Lxxxw,
3379 1696 3418 1763 3
3457 1720 3472 1764 :
3522 1702 3839 1774 Gloriosa
3888 1711 4072 1782 dicta
4125 1731 4285 1787 sunt

2723 1790 2808 1858 de
2844 1803 2932 1875 te,
2976 1797 3223 1867 civitas
3270 1803 3424 1871 Dei.
3484 1806 3590 1887 Et,
3624 1811 3908 1903 Apocal.
3961 1843 4103 1908 xxi,
4145 1828 4222 1895 10
4258 1850 4275 1896 :

2727 1897 3041 1970 Ostendit
3088 1908 3268 1974 mihi
3312 1912 3657 1985 civitatem
3711 1945 3959 1993 novam
4005 1931 4282 2002 Jerusa-

2722 2003 2877 2073 lem.
2925 2007 3094 2079 Haec
3151 2015 3395 2086 civitas
3452 2044 3601 2112 quae
3655 2027 3984 2101 aedificata
4048 2048 4150 2106 est
4210 2051 4276 2109 et

2719 2110 3004 2184 fundata
3040 2120 3111 2186 in
3169 2124 3536 2216 sapphiriS,
3587 2134 3974 2209 coelestibus
4020 2147 4274 2218 scilicet

2715 2222 2905 2291 viris.
2950 2224 3083 2296 Isa.
3120 2252 3257 2314 mv,
3306 2235 3380 2303 11
3424 2259 3439 2304 ε
3473 2241 3648 2309 Ecce
3673 2268 3795 2334 eqo
3823 2258 4122 2322 sternam
4146 2281 4273 2347 per

2713 2332 3026 2403 ordinem
3095 2337 3368 2431 lapides
3404 2355 3578 2429 tuoS,
3635 2364 3698 2419 et
3749 2358 4067 2445 fundabo
4108 2373 4169 2432 te
4200 2368 4268 2436 in

2709 2441 3067 2530 sapphiris
3094 2469 3119 2514 .·
3148 2445 3411 2520 habens
3431 2467 3660 2545 portas
3682 2483 3768 2530 ex
3797 2468 4161 2559 sapphiris»,
4203 2483 4270 2542 et

2709 2550 3117 2641 smaragdis.
3156 2555 3264 2623 Ad
3316 2558 3536 2649 ipsam
3588 2567 3770 2636 enim
3810 2581 3912 2641 est
3950 2577 4265 2649 introitus

2706 2673 2829 2741 per
2867 2655 3267 2746 ApostoloS,
3323 2669 3438 2756 qui
3484 2672 3791 2744 coelestes
3838 2678 4133 2763 fuerunt,
4201 2696 4267 2756 et

2708 2759 2967 2845 fideles,
3011 2775 3075 2834 et
3119 2770 3274 2841 tidei
3305 2779 3875 2870 promulgatores.
3921 2789 4258 2877 Tob.xiii‚

2704 2869 2781 2933 21
2816 2873 3087 2942 :Portae
3112 2878 3503 2967 Jerusalem
3523 2909 3609 2955 ea·
3624 2893 3955 2983 sapphiro
3983 2908 4049 2965 et
4073 2923 4264 2969 sma-

2701 2976 2921 3066 raqdo
2948 2981 3487 3071 aedificabuntur
3506 3011 3552 3061 ².

2793 3109 2827 3149 α
2850 3085 3571 3190 Cujuspartieipatio.
3600 3128 3634 3171 ι
3660 3104 3827 3178 Ecce
3852 3114 4252 3189 secundum.

2699 3190 2908 3272 Quasi
2950 3197 3206 3272 diceret
3253 3228 3269 3273 ε
3315 3206 3432 3277 Sic
3475 3211 3849 3286 aedificatur
3887 3230 3960 3290 ut
3988 3224 4250 3314 civitaS,

2690 3622 2901 3705 aliud,
2944 3630 3068 3698 sed
3125 3658 3159 3698 α
3205 3636 3276 3703 in
3332 3639 3637 3732 idipsum
3680 3673 3742 3730 io,
3805 3659 3877 3719 ut
3936 3676 4151 3725 unum
4179 3669 4246 3729 et
4271 3670 4460 3719 nonum
4485 3686 4594 3719 ea·-

2689 3729 2896 3813 idem,
2931 3738 3119 3826 quod
3147 3762 3422 3835 semper
3439 3757 3543 3817 est
3575 3750 3873 3843 idipsum
3914 3760 4243 3832 immuta-
4268 3727 4425 3827 :2⁸¹3
4439 3727 4590 3827 παῖ

2737 3837 2751 3851 .
2954 3844 2969 3858 .
3154 3848 3168 3862 .
3270 3851 3284 3865 .
3461 3856 3475 3870 .
3842 3866 3854 3879 .
4267 3841 4318 3880 ot
4367 3835 4591 3882 immuto·

2684 3835 2821 3961 bile
2850 3849 2920 3909 et
2950 3849 3378 3937 invariabile,
3421 3865 3509 3924 sit
3553 3858 3639 3926 ab
3669 3864 3990 3935 omnibus
4021 3875 4241 3960 parti·
4266 3887 4590 3999 &armeta

2684 3959 3014 4038 eipatum.
3071 3954 3147 4024 Si
3198 3960 3384 4030 enim
3438 3965 3618 4036 idem
3667 3975 4111 4067 participatur
4169 3983 4239 4051 in

4281 3998 4570 4044 ontnlbuflss

2683 4053 2986 4127 Ecclesia
3017 4063 3339 4137 militanti
3369 4071 3617 4160 adhuc,
3666 4083 4041 4154 secundum
4074 4088 4240 4159 illud
4266 4050 4469 4107 'mmm'
4510 4052 4587 4097 οῖ’

4347 4103 4507 4155 vibus.

2678 4376 2937 4449 scilicet
2992 4405 3223 4468 nosse,
3292 4398 3362 4458 et
3425 4416 3639 4465 unum
3704 4400 3905 4490 velle,
3985 4420 4241 4499 quanto

2679 4486 2900 4577 magis
2980 4489 3054 4558 in
3119 4491 3236 4563 illa
3336 4500 3799 4596 triumphante
3836 4513 3872 4580 ⁴?
3928 4512 4077 4585 lloc
4140 4527 4243 4589 est

2677 4614 2895 4663 unum
2936 4596 3022 4667 de
3079 4623 3245 4694 quo,
3280 4606 3351 4675 iii
3382 4608 3569 4681 Psal.
3620 4638 3811 4700 xxvi,
3870 4621 3937 4700 4,
3974 4645 4232 4716 supra:

2682 4700 2908 4770 Unam
2930 4709 3113 4796 petii
3146 4733 3193 4777 a
3248 4715 3577 4799 Domino,
3620 4722 3801 4791 lianc
3855 4732 4233 4819 requiram.

2675 4806 2759 4876 Et
2789 4808 2871 4878 de
2904 4835 3070 4904 quo,
3114 4816 3280 4888 Luc.
3316 4845 3386 4903 x,
3416 4825 3503 4894 42
3539 4848 3556 4896 ε
3597 4830 3820 4901 Porro
3869 4857 4089 4907 uuum
4139 4853 4238 4910 est

1011 4895 1335 4984 eundum,
1359 4900 1430 4968 in
1454 4924 1591 4993 quo
1622 4904 1707 4973 ad
1739 4910 2017 4998 majoris
2045 4913 2275 5005 gaudii
2297 4940 2570 5009 expres·
2672 4924 3154 4993 necessarium.
3191 4927 3342 5000 Hoc
3380 4932 3702 5025 idipsum,
3747 4944 3934 5034 quod
3960 4969 4235 5041 semper

1008 5004 1299 5088 sionem,
1332 5007 1776 5103 subjungitur
1802 5015 1987 5087 illius
2044 5020 2422 5095 Jerusalem
2455 5029 2570 5099 de·
2668 5026 2851 5096 idem
2876 5039 3002 5112 est,
3036 5044 3104 5103 et
3121 5059 3285 5109 vere
3304 5050 3431 5126 est,
3458 5047 3643 5137 quod
3663 5049 3850 5134 dicit,
3875 5053 4095 5127 Exod.
4127 5083 4226 5146 iii,

1007 5112 1308 5202 scriptio,
1331 5115 1404 5184 in
1427 5138 1563 5208 qua
1590 5119 1863 5191 stabant
1893 5127 2121 5216 pedes.
2148 5129 2568 5206 Describitur
2675 5136 2753 5202 14
2788 5159 2807 5205 ε
2833 5140 2990 5230 qu
3016 5165 3175 5213 sum
3204 5150 3332 5238 qui
3351 5174 3531 5222 sum.
3561 5155 3638 5226 ln
3662 5182 3865 5250 quem
3889 5186 4030 5233 non
4050 5169 4229 5241 cadit

1006 5225 1235 5288 autem
1268 5245 1308 5290 a
1337 5222 1632 5293 duobus.
1661 5227 2000 5301 Acivium
2032 5234 2563 5313 inhabitantium
2668 5267 2808 5314 non
2847 5270 3023 5331 csse,
3057 5275 3184 5324 nec
3231 5257 3368 5328 alio
3437 5265 3643 5335 modo
3673 5290 3844 5341 esse.
3889 5273 4129 5347 Jacob.
4174 5305 4221 5367 i,

1004 5329 1282 5410 unione,
1317 5335 1900 5424 quemadmodum
1928 5342 2000 5410 in
2028 5349 2362 5417 materiali
2391 5353 2560 5420 eivi-
2670 5353 2748 5420 17
2794 5376 2811 5421 :
2870 5355 3091 5447 Apud
3130 5385 3336 5452 quem
3372 5391 3509 5438 non
3555 5383 3652 5440 est
3706 5386 4219 5467 transmutatio,

1004 5441 1162 5504 tate.
1187 5437 1245 5503 A
1276 5444 1728 5529 possessionis
1749 5445 2137 5521 identitate:
2160 5453 2339 5524 idem
2370 5460 2555 5530 enim
2660 5479 2781 5526 nec
2808 5462 3311 5539 vicissitudinis
3347 5473 3803 5550 obumbratio.

2655 5682 2773 5768 oem‘
2792 5728 2830 5768 a
2862 5712 3076 5773 amre
3103 5719 3224 5775 oei.

2726 5800 2749 5836 ⁸
2778 5800 2867 5860 Cl'.
2901 5805 3149 5879 Apocal.
3182 5827 3315 5886 xxr,
3351 5817 3438 5873 19.

1077 5683 1095 5720 ⁸
1138 5683 1268 5740 Aet.
1309 5699 1412 5753 vii,
1449 5688 1520 5742 55
1552 5703 1570 5745 i
1620 5691 1694 5746 Et
1744 5694 1854 5762 att,
1892 5695 2236 5769 Stephanus
2266 5702 2496 5766 scilicet
2535 5724 2553 5767 ε

1002 5770 1139 5828 Ecce
1174 5772 1334 5829 video
1358 5774 1518 5832 calos
1540 5786 1783 5852 apertos,
1816 5790 1871 5840 et
1899 5783 2104 5844 Filium
2144 5788 2381 5851 hominis
2403 5802 2553 5855 stan-
