5008 6329
391 1623 521 1691 15

641 358 759 423 152

633 550 780 617 quae
855 530 1104 598 occidis
1156 527 1776 620 prophetas‚'sicut
1816 526 2183 615 spiritualis

634 644 700 702 et
728 637 1013 704 coelestis
1046 644 1145 702 est
1180 643 1400 700 mater
1458 643 1712 700 nostra.
1760 632 1979 721 Ilujus
2027 656 2189 724 pec-

635 758 861 815 catum
894 768 1032 813 non
1100 751 1203 810 est
1257 742 1581 809 deletum.
1644 743 1891 812 Thron.
1958 769 2003 827 1,
2053 747 2183 812 14:

654 856 976 946 Viqilaeic
1001 853 1268 941 juqum
1313 853 1764 944 iniquitatum
1812 877 2123 921 mearum
2171 879 2184 922 :

643 969 711 1033 in
743 986 953 1031 manu
993 964 1149 1052 ejus
1173 964 1555 1033 convolutae
1581 976 1765 1033 sunt.
1799 966 1905 1043 Et,
1930 964 2183 1032 Jerem.

642 1091 829 1145 xxm,
875 1070 958 1134 40
1004 1091 1019 1135 :
1053 1069 1257 1137 Dabo
1307 1093 1424 1138 vos
1454 1072 1525 1137 in
1556 1069 2001 1161 opprobrium
2027 1089 2191 1136 sem-

636 1177 1008 1266 piternum,
1056 1184 1119 1241 et
1188 1177 1258 1242 in
1313 1176 1776 1265 iqnominiam
1836 1184 2187 1256 oetemam,

643 1307 792 1376 quae
829 1307 1214 1376 numquam
1244 1284 1587 1350 oblivione
1624 1283 1984 1350 delebitur.

745 1635 774 1666 α
805 1607 1016 1672 Fiant
1060 1615 1299 1672 contra
1356 1607 1763 1676 Dominum.
1805 1634 1835 1667 υ
1908 1605 2035 1672 Hic
2088 1629 2199 1672 se-

648 1711 970 1792 cundum,
1004 1712 1073 1778 in
1116 1735 1254 1802 quo
1295 1722 1609 1802 precatur
1648 1714 1993 1780 memoriae
2034 1734 2200 1779 con-

646 1818 1122 1886 tinuationem.
1169 1819 1382 1897 Quasi
1430 1819 1685 1887 diceret
1745 1841 1760 1885 :
1830 1817 1944 1887 Sic
2009 1821 2197 1908 petii,

644 1926 826 2018 quod
865 1927 1243 1995 Dominum
1303 1936 1576 2016 peccata
1624 1927 1895 1994 illorum
1958 1928 2027 1993 in
2067 1949 2200 1994 me·

645 2036 861 2101 moria
926 2032 1203 2115 habeat,
1265 2043 1332 2101 et
1388 2056 1529 2101 non
1586 2034 1668 2102 ad
1710 2042 2003 2124 tempus,
2056 2035 2197 2102 imo

653 2170 684 2204 α
710 2144 889 2231 fiam
949 2166 981 2208 ι
1042 2151 1319 2232 peccata
1366 2142 1508 2224 illa,
1574 2171 1606 2207 ι
1657 2166 1921 2233 semper
1963 2152 2200 2211 contro

643 2252 1047 2329 Dominum,
1110 2275 1144 2315 x·
1200 2249 1267 2317 id
1316 2258 1443 2331 est,
1487 2259 1643 2318 ante
1693 2251 1929 2318 oculos
1971 2251 2204 2318 Domi-

647 2360 715 2424 ni
752 2379 768 2422 :
805 2357 986 2424 unde
1063 2356 1197 2424 alia
1256 2356 1479 2425 littera
1529 2356 1761 2435 habet,
1820 2385 1854 2420 α
1899 2357 1976 2424 ln
2031 2379 2203 2425 con-

643 2473 872 2553 spectu
953 2463 1258 2542 Domini,
1324 2489 1358 2529 x·
1412 2472 1764 2554 tamquam
1831 2465 2098 2554 signata
2136 2472 2201 2531 et

645 2572 799 2638 fixa.
853 2570 1228 2639 Deuteron.
1275 2594 1542 2654 xxxvii,
1595 2573 1679 2640 34
1726 2594 1742 2639 ε
1788 2573 2030 2641 Nonne
2063 2571 2205 2640 loaec

641 2677 917 2744 condita
966 2688 1132 2744 sunt
1195 2677 1395 2768 apud
1455 2700 1586 2758 me,
1677 2688 1739 2744 c!
1794 2680 2075 2767 siqnata
2129 2681 2199 2745 in

643 2785 979 2851 thesauris
1026 2782 1261 2851 meis?
1314 2784 1571 2852 Jerem.
1626 2806 1793 2863 xvn,
1843 2788 1923 2852 10
1977 2804 1994 2854 τ
2053 2788 2199 2874 qu

640 2892 979 2957 Dominus
1016 2901 1336 2957 scrutans
1372 2890 1610 2968 cordo,
1650 2889 1955 2982 probans
1983 2913 2191 2957 renes.

640 2996 744 3063 Ad
769 2996 976 3064 llebr.
1012 3018 1104 3074 ιν,
1147 2997 1229 3063 ¹3
1275 3019 1292 3065 ε
1341 2997 1596 3066 Omnia
1634 2998 1826 3065 nuda
1856 3009 1920 3065 et
1956 3007 2195 3088 operta

640 3115 803 3173 sunt
841 3104 1062 3173 oculis
1105 3103 1287 3195 ejus.
1344 3101 1473 3173 vel
1515 3105 1614 3174 sic
1665 3127 1680 3173 ε
1719 3132 1752 3169 α
1794 3107 2005 3175 Fiam
2033 3128 2195 3174 con·

642 3220 752 3276 Ira
792 3210 1195 3286 Dominum,
1235 3234 1269 3274 x·
1305 3217 1497 3299 pater
1543 3218 1608 3277 et
1648 3218 1887 3289 mater,
1932 3238 1965 3272 «
2015 3232 2195 3278 sem-

636 3338 785 3405 per,
822 3340 855 3378 ι
890 3323 963 3382 ιιι
994 3316 1129 3381 sint
1181 3312 1593 3405 blasphemi,
1627 3324 1692 3383 et
1731 3315 2194 3384 contradicen-

639 3432 738 3493 tes
776 3424 1023 3492 divinae
1063 3422 1427 3491 voluntati.
1482 3423 1642 3492 Luc.
1702 3446 1796 3503 xi,
1848 3428 1933 3493 23
1985 3448 2002 3493 ε
2059 3428 2195 3510 Qui

636 3555 767 3599 non
817 3543 912 3599 εει
960 3553 1252 3615 mecum,
1314 3553 1435 3620 per
1493 3530 1723 3606 tidem,
1773 3540 1839 3599 et
1876 3532 2196 3600 obedien-

633 3641 827 3715 tiam,
896 3645 1133 3705 contro
1201 3658 1311 3704 me
1369 3646 1495 3705 εει.
1576 3636 1737 3718 Job,
1798 3659 2034 3717 xxxiv,
2077 3639 2187 3718 36,

636 3755 703 3813 et
736 3747 817 3813 37
865 3768 881 3812 :
922 3746 1026 3814 Ne
1070 3743 1346 3812 desinas
1393 3742 1484 3811 ab
1533 3743 1808 3811 homine
1856 3745 2194 3836 iniquita-

635 3855 745 3929 tis,
779 3861 1128 3942 tamquam
1178 3849 1459 3930 oblitus,
1510 3852 1676 3942 quin
1724 3874 1994 3942 semper
2030 3874 2189 3921 eum

632 3960 893 4051 affligas
944 3981 960 4026 ε
1020 3958 1191 4050 quia
1233 3957 1436 4025 addit
1467 3981 1678 4050 super
1727 3968 2006 4050 peccota
2059 3982 2190 4029 sua

633 4066 1155 4158 blasphemiam.

721 4309 753 4350 α
797 4286 894 4353 Ει
918 4282 1288 4374 dispereat.
1329 4309 1366 4346 n
1435 4282 1564 4351 Hic
1637 4283 2042 4363 secuudum,
2115 4286 2186 4355 in

628 4413 764 4482 quo
795 4398 1158 4481 postquam
1224 4398 1542 4480 precatus
1578 4399 1682 4460 est
1720 4390 1941 4460 Deum
1983 4391 2189 4461 habe-

629 4522 699 4567 re
726 4499 965 4588 jugem
1013 4495 1098 4565 de
1135 4497 1435 4587 peccatis
1473 4520 1712 4566 eorum
1747 4502 2180 4582 memoriam,

626 4606 809 4675 addit
846 4627 1152 4697 poenam,
1197 4626 1334 4695 qua
1402 4604 1551 4673 vult
1606 4627 1724 4674 eos
1781 4607 2035 4698 puniri,
2108 4618 2185 4678 ut

625 4714 1009 4805 dispereant
1036 4734 1257 4803 usque
1306 4711 1392 4781 ad
1452 4714 1804 4782 memoria}
1834 4713 2185 4784 annihila-

627 4823 909 4890 tionem.

713 4930 827 4998 Ait
855 4929 1040 4997 enim
1075 4926 1237 4996 :Sic
1288 4928 1525 4996 veniat
1584 4930 1908 5021 iniquitas
1937 4931 2005 4999 in
2038 4954 2179 4999 me·

627 5037 940 5116 moriam,
973 5044 1040 5104 et
1076 5058 1351 5126 semper
1392 5036 1484 5102 sit
1540 5036 1608 5103 in
1666 5036 1808 5115 ina,
1852 5065 1887 5102 ι
1939 5049 2004 5106 ει
2040 5039 2186 5133 disg

615 5154 850 5238 pereat
878 5142 963 5210 de
986 5153 1197 5222 terra,
1238 5168 1271 5206 ι
1305 5143 1391 5210 ad
1423 5142 1745 5222 litteram,
1789 5175 1822 5207 ι
1845 5148 2175 5215 memoria

618 5274 878 5334 eorum,
906 5274 938 5312 ι
971 5258 1214 5318 utnon
1245 5250 1382 5317 sint
1410 5250 1698 5319 omuino
1727 5250 2014 5341 alicujus
2042 5252 2172 5322 bo·

618 5381 721 5428 nae
757 5358 978 5426 samm.
1017 5355 1180 5436 Job,
1221 5379 1418 5443 xvm,
1488 5360 1610 5428 1‘1:
1679 5360 2020 5430 Memoria
2075 5359 2173 5429 il-

618 5468 757 5536 lius
785 5472 1020 5558 pereat
1048 5461 1134 5531 de
1160 5474 1371 5542 terra,
1404 5474 1472 5535 ει
1493 5488 1630 5535 non
1655 5463 2031 5537 celebretur
2055 5492 2169 5538 no·

619 5595 767 5641 men
830 5568 985 5659 ejus
1055 5569 1126 5636 in
1193 5564 1478 5658 plateis.
1555 5568 1758 5640 Eccli.
1856 5594 1926 5650 x,
2005 5573 2084 5639 2¹
2145 5592 2162 5642 Ξ

615 5680 1020 5749 Memoriam
1071 5672 1531 5778 superborum
1564 5677 1870 5769 perdidit
1915 5680 2166 5749 Domi-

1622 355 1703 421 D.
1761 355 1955 421 ALB.
2011 355 2222 424 MAG.
2280 355 2484 424 om).
2538 359 2829 428 PRAED.

2298 551 2427 596 nus
2449 553 2470 596 .·
2541 533 2937 599 memoriam
2980 529 3272 604 dulcem,
3332 529 3506 594 bene
3541 522 3843 593 redolen-

2301 645 2435 704 tem
2477 662 2615 705 non
2649 638 3062 729 relinquunt,
3122 634 3236 701 sed
3304 634 3649 700 soetentem
3695 649 3844 695 me-

2302 748 2614 813 moriam.
2651 747 2973 813 Proverb.
3040 767 3106 824 x,
3141 745 3222 809 7:
3286 740 3622 808 Memoria
3652 736 3842 825 justi

2300 876 2455 921 cum
2488 854 2855 922 laudibus:
2903 864 2964 920 cl
2992 875 3231 919 nomen
3284 851 3659 941 impiorum
3694 866 3842 935 pu-

2303 971 2557 1028 trescet.

2394 1301 2426 1341 α
2469 1279 2610 1343 Pro
2642 1299 2714 1343 co
2778 1275 2964 1366 quod
3022 1298 3158 1341 non
3205 1282 3301 1339 est
3341 1270 3760 1338 recordatus.
3801 1295 3834 1329 n

2307 1382 2431 1450 Hic
2468 1382 2760 1450 secunda
2790 1405 2944 1472 pars
2974 1384 3180 1449 totius
3237 1379 3416 1447 illius
3457 1379 3525 1444 in
3556 1398 3691 1466 qua
3730 1397 3844 1464 pe-

2307 1492 2386 1557 tit
2414 1489 2777 1556 adversarii
2844 1512 3137 1578 poeuam.
3208 1487 3580 1576 Postquam
3659 1482 3842 1549 enim

2306 1594 2501 1684 petiit
2555 1617 2849 1684 peenam,
2919 1594 3029 1660 hic
3109 1592 3457 1680 subjungit
3540 1609 3844 1665 causam,

2310 1725 2517 1793 quare
2559 1703 2673 1770 tali
2704 1725 2900 1792 poena
2931 1701 3336 1792 puniendus,
3372 1699 3625 1766 scilicet
3656 1696 3848 1763 Judae

2308 1810 2530 1899 culpa.
2620 1809 2936 1876 Peccavit
3013 1817 3241 1876 autem
3322 1806 3535 1873 Judas
3609 1812 3847 1872 contra

2312 1917 2558 1986 Christi
2623 1915 3110 1985 humanitatem
3147 1939 3161 1983 ε
3233 1926 3299 1983 et
3362 1915 3536 1983 hanc
3576 1910 3848 2002 culpam

2310 2026 2528 2115 tangit
2564 2027 2809 2116 primo.
2867 2026 3172 2094 Peccavit
3222 2031 3288 2093 et
3328 2032 3563 2091 contra
3593 2020 3849 2088 divini-

2308 2138 2514 2198 tatem
2543 2154 2558 2198 :
2594 2140 2658 2199 et
2686 2129 2860 2198 hanc
2889 2131 3100 2221 tangit
3126 2129 3450 2208 secundo,
3478 2127 3596 2205 ibi,
3631 2135 3694 2201 ς.
3722 2127 3842 2191 20:

2310 2266 2345 2307 ι
2377 2243 2523 2308 Hoc
2550 2264 2719 2331 opus
2747 2263 2976 2308 eorum
3008 2241 3128 2330 qui
3156 2238 3551 2305 detrahunt.
3585 2260 3618 2298 ι

2397 2346 2474 2414 ln
2503 2349 2722 2439 prima
2750 2347 2884 2414 duo
2914 2346 3249 2415 dicuntur.
3290 2344 3546 2420 Primo,
3581 2341 3664 2408 de
3698 2362 3848 2429 per·

2305 2458 2651 2523 secutione
2696 2453 2941 2522 Christi
3007 2451 3326 2520 hominis.
3374 2448 3719 2528 Secundo,
3763 2446 3845 2512 de

2307 2564 2565 2631 motiva
2588 2585 2790 2631 causa
2815 2560 3326 2653 persecutionis,
3363 2557 3479 2634 ibi,
3516 2558 3584 2623 in
3617 2553 3844 2622 medio

2304 2679 2368 2748 ᾗ.
2415 2673 2536 2738 18;
2584 2697 2619 2733 α
2652 2672 2744 2738 E!
2783 2670 3011 2737 induit
3040 2667 3612 2734 maledictionem.
3654 2692 3686 2724 »ι

2391 2779 2467 2845 In
2527 2780 2743 2869 prima
2807 2786 3175 2867 tanguntur
3214 2783 3529 2866 quatuor.
3579 2771 3839 2847 Primo,

2300 2885 2661 2955 crudelitas
2722 2883 3230 2976 persecutionis,
3305 2890 3656 2971 tamquam
3698 2876 3836 2944 dis·

2302 2993 2550 3083 positio
2582 2992 2664 3060 ad
2703 2991 3269 3081 persequendum.
3315 2986 3664 3066 Secundo,
3696 2986 3841 3074 ipsa

2303 3101 2706 3192 persecutio,
2767 3099 2882 3177 ibi,
2943 3108 3006 3177 5.
3054 3100 3171 3166 17:
3242 3128 3272 3159 ι
3305 3097 3395 3163 1ιί
3446 3101 3841 3186 perse-culus

2299 3220 2420 3278 εει.
2468 3237 2500 3272 »ι
2543 3211 2796 3287 Tertio.
2859 3210 3184 3300 persecuti
3254 3207 3644 3297 descriptio,
3715 3203 3833 3278 ibi,

2301 3343 2333 3384 ιι
2367 3319 2727 3385 Hominem
2778 3320 3066 3409 inopem.
3105 3341 3139 3381 ι
3197 3315 3481 3394 Quarto.
3525 3313 3608 3380 ad
3643 3310 3833 3402 quid.

2298 3426 2416 3501 ibi,
2453 3454 2486 3490 ιι
2521 3427 2959 3513 Mortificore.
2998 3455 3028 3485 ι»

2387 3531 2563 3600 Dicit
2599 3554 2802 3623 ergo:
2847 3530 2961 3600 Sic
2998 3532 3113 3599 tiat
3146 3533 3205 3599 ei
3247 3539 3321 3597 ut
3383 3530 3523 3597 dixi
3561 3552 3577 3598 ;
3613 3537 3677 3596 et
3717 3529 3841 3616 ju-

2295 3646 2474 3706 stum
2504 3647 2646 3707 est:
2684 3664 2719 3705 ι
2745 3662 2882 3731 pro
2910 3663 3010 3720 eo,
3047 3666 3080 3701 n
3132 3637 3196 3706 id
3226 3646 3350 3716 est,
3411 3637 3595 3728 quia,
3631 3666 3663 3695 «ι
3701 3658 3836 3703 mm

2293 3754 2391 3814 εει
2419 3745 2835 3829 reeordatus,
2864 3772 2898 3809 n
2930 3755 3204 3837 propter
3230 3743 3550 3813 duritiam
3580 3744 3830 3819 cordis.

2294 3860 2358 3923 et
2380 3852 2868 3931 crudelitatem,
2896 3878 2931 3919 ι
2952 3854 3179 3945 facere
3207 3853 3771 3920 misericordiam.
3794 3875 3827 3913 ι

2288 3962 2541 4031 Jerem.
2582 3985 2677 4040 w,
2709 3964 2837 4031 23:
2904 3962 3220 4032 Crudelis
3256 3973 3378 4045 εει,
3433 3974 3662 4030 elnon
3694 3962 3831 4028 mi-

2288 4070 2623 4140 serebitur
2663 4070 2818 4162 ejus
2871 4093 2895 4138 :
2962 4080 3185 4139 tamen
3251 4070 3624 4162 disciputus
3690 4078 3834 4137 erat

2293 4179 2440 4267 ejus
2466 4178 2585 4269 qui
2623 4176 2910 4259 dixerat,
2946 4175 3187 4246 Matth.
3223 4200 3292 4258 v,
3325 4180 3362 4246 Ἰ
3394 4201 3410 4247 :
3454 4180 3658 4246 Beati
3695 4179 3833 4245 mi-

2290 4283 2680 4362 sericordes,
2711 4286 3036 4376 quoniam
3103 4286 3236 4377 ipsi
3287 4285 3828 4352 misericordiam

2291 4402 2803 4484 consequentur.
2848 4391 3081 4470 Et,1x,
3147 4393 3267 4462 13:
3343 4394 3604 4462 Discite
3657 4392 3834 4485 quid

2285 4508 2384 4566 εει
2422 4520 2445 4565 .·
2482 4497 3033 4566 Misericordiam
3063 4497 3243 4576 volo,
3283 4508 3347 4566 ει
3377 4521 3514 4566 non
3560 4501 3829 4588 sacrifi-

2286 4606 2493 4673 cium.
2582 4603 2669 4672 Et
2729 4604 2997 4673 audisse
3062 4614 3322 4696 poterat
3387 4606 3550 4675 illud
3613 4606 3820 4676 Eccli.

2288 4734 2528 4795 xxvnu,
2567 4711 2608 4778 4
2637 4733 2655 4780 ε
2685 4712 2770 4780 In
2797 4711 3136 4779 hominem
3171 4713 3468 4781 similem
3524 4714 3662 4781 sibi
3688 4739 3824 4783 non

2285 4819 2487 4889 Ιιαόει
2523 4819 3083 4899 misericordiam,
3113 4830 3179 4888 ει
3206 4844 3338 4913 pro
3358 4826 3657 4913 peccatis
3678 4826 3826 4891 suis

2286 4925 2760 5018 deprecabitur
2784 4924 2826 4993 ?
2852 4925 3060 5007 Quasi
3091 4927 3340 4997 diceret
3370 4950 3386 4997 :
3424 4928 3609 4998 Nihil
3641 4929 3818 4999 vate·

2285 5032 2381 5102 bit
2409 5033 2530 5114 mi,
2566 5034 2724 5124 quia
2756 5033 2991 5103 Jacob.
3027 5057 3097 5113 ιι,
3128 5036 3249 5104 13:
3281 5036 3635 5105 Iudicium
3674 5040 3823 5106 siue

2276 5140 2742 5210 misericordia
2817 5143 2938 5230 fiet
3026 5141 3142 5210 illi
3225 5145 3348 5235 qui
3422 5167 3558 5212 uon
3644 5147 3815 5236 lecit

2276 5247 2837 5317 misericordiam.

2366 5597 2398 5637 α
2432 5575 2527 5642 Ec
2548 5582 2937 5665 persecutus
2973 5584 3090 5642 εει.
3138 5602 3172 5639 n
3214 5575 3386 5645 Ecce
3423 5581 3807 5669 persecutio

2271 5681 2439 5772 ipsa,
2472 5681 2590 5750 sed
2620 5702 2824 5773 quam
2860 5683 3088 5752 statim
3132 5688 3437 5778 sequitur
3469 5692 3804 5778 persecuti

3954 5597 4063 5664 11
