5008 6329
348 941 476 1009 io

589 297 671 360 62

587 461 915 550 ChristuS,
968 467 1150 534 Deus
1192 476 1256 535 et
1320 467 1558 541 homo,
1586 466 1713 533 fuit
1764 489 2128 534 commune

593 568 1146 663 chirographum,
1182 579 1247 640 et
1276 572 1401 637 tuit
1434 577 1695 637 certum
1736 574 2011 662 pignus.

681 911 716 953 ι
747 891 841 955 Et
871 885 1117 953 statuit
1154 882 1360 949 illud.
1400 909 1434 945 »
1488 882 1658 951 Ecce
1724 885 2025 962 tertium,
2060 885 2131 952 in

591 1016 727 1084 quo
758 990 1051 1060 ostendit
1077 992 1488 1080 promissum
1516 989 1728 1058 Jacob
1758 1014 1772 1057 :
1817 992 1936 1059 sed
1975 993 2133 1081 quia

581 1100 947 1169 binominis
996 1107 1161 1176 erat,
1197 1099 1575 1168 ostenditur
1621 1101 1679 1168 ei
1739 1101 1914 1169 facta
1969 1124 2134 1191 pro-

579 1210 814 1276 missio
845 1208 1224 1276 secundum
1256 1216 1624 1300 utrumque
1664 1232 1944 1278 nomen.

666 1316 781 1382 Ait
834 1318 1058 1384 enim:
1124 1315 1239 1383 Sic
1275 1315 1606 1407 Abrahae.
1661 1318 2006 1407 promisit,
2067 1323 2132 1382 et

580 1423 805 1492 isaac:
842 1452 875 1485 α
910 1434 972 1491 et
1004 1448 1036 1488 ιι
1067 1425 1271 1492 etiam
1307 1448 1339 1488 «t
1377 1423 1587 1507 illud,
1628 1448 1660 1488 ιι
1725 1424 2132 1513 promissio-

580 1553 735 1599 nem
786 1532 971 1598 illam
1028 1533 1306 1609 scilicet,
1379 1557 1412 1594 α
1468 1532 1719 1597 statuit
1780 1531 1993 1598 Jacob
2059 1531 2129 1596 in

573 1652 1009 1733 pra-ceptum,
1050 1669 1081 1706 »
1125 1643 1293 1709 daus
1324 1641 1513 1718 illud,
1549 1640 1682 1708 hoc
1721 1650 1846 1719 est,
1888 1641 2130 1731 praeci-

576 1750 768 1839 piens
831 1759 905 1817 ut
958 1750 1305 1818 crederent
1371 1747 1540 1815 illud
1578 1747 1866 1815 firmiter
1914 1748 2130 1815 adim-

574 1857 895 1948 piendum
912 1883 957 1934 ι,
992 1856 1263 1948 quando
1286 1855 1509 1924 adhuc
1536 1863 1806 1923 tantum
1847 1857 2126 1924 nomine

570 1962 783 2032 Jacob
847 1962 1242 2040 vocabatur,
1325 1960 1567 2030 Genes.
1627 1985 1868 2044 xxvm,
1924 1962 2005 2028 14
2058 1970 2127 2029 et

576 2073 696 2140 15:
741 2071 1233 2139 Benedicentur
1268 2070 1339 2137 in
1378 2079 1442 2137 te
1469 2078 1534 2135 et
1585 2071 1661 2137 in
1695 2070 1950 2137 semine
2007 2078 2125 2137 tuo

568 2190 823 2251 cuncter
861 2181 1079 2250 tribus
1117 2191 1394 2248 terrae...
1454 2182 1549 2246 Et
1579 2180 1904 2247 reducam
1944 2189 2008 2246 te
2056 2180 2129 2246 in

570 2298 823 2357 terram
866 2289 1066 2372 lianc,
1108 2311 1227 2356 nec
1263 2287 1619 2355 dimittam
1656 2287 1797 2354 nisi
1825 2286 2129 2378 comple-

569 2419 723 2464 vero
754 2397 1069 2465 universa
1107 2417 1259 2487 quse
1288 2394 1465 2462 dixi.

662 2529 696 2570 e
729 2507 823 2574 Et
856 2504 1094 2583 lsrael,
1132 2528 1164 2568 ιι
1199 2504 1326 2593 ipsi
1352 2500 1569 2570 Jacob
1591 2501 1738 2590 jam
1772 2501 1980 2573 lsrael
2011 2525 2130 2571 vo·

569 2617 746 2689 cato,
791 2637 824 2675 «
869 2612 939 2678 in
968 2618 1446 2679 testamentum
1470 2619 1830 2693 eternum,
1861 2635 1893 2675 ιι
1930 2617 2134 2678 aeter-

569 2739 659 2784 no
687 2717 939 2786 scilicet
980 2739 1400 2784 mansurum.
1438 2714 1684 2783 Genes.
1739 2738 1951 2797 xxxV,
2010 2717 2118 2798 12,

572 2824 845 2916 quando
907 2825 1052 2913 jam
1113 2822 1488 2891 vocabatur
1530 2822 1791 2890 lsrael:
1857 2824 2130 2890 Terram

570 2953 781 3023 quam
809 2930 971 2998 dedi
1004 2929 1383 3011 Abraham,
1417 2938 1483 2996 et
1511 2930 1739 3008 Isaac,
1772 2927 1953 2998 dabo
1998 2927 2130 2996 tibi

573 3051 637 3111 et
657 3042 904 3110 semini
948 3050 1066 3109 tuo
1088 3050 1243 3133 post
1281 3048 1364 3107 te.
1415 3038 1594 3108 Vere
1662 3047 1996 3109 aeternum
2035 3048 2133 3108 te·

577 3161 1017 3234 stamentum,
1050 3153 1211 3245 quia
1259 3151 1328 3219 in
1382 3149 1567 3220 Psal.
1617 3174 1945 3232 mxxviii,
1986 3152 2071 3221 35
2106 3174 2122 3219 ε

578 3263 728 3332 Non
768 3265 1162 3354 profanabo
1207 3270 1689 3329 testamentum
1749 3282 1977 3329 meum
2001 3283 2025 3329 .·
2065 3269 2128 3327 et

574 3394 727 3463 quae
761 3371 1141 3464 procedunt
1192 3369 1277 3437 de
1343 3368 1555 3438 labiis
1585 3372 1781 3451 meis,
1813 3393 1950 3439 non
2003 3372 2129 3461 la-

572 3485 751 3550 eiam
781 3482 1006 3549 irrita.
1051 3479 1199 3573 lpse
1257 3479 1440 3548 enim
1474 3480 1744 3549 mentiri
1798 3502 1937 3548 non
1968 3487 2128 3571 pot-

572 3599 699 3662 est.
736 3591 937 3661 Joan.
982 3614 1121 3670 xiv,
1162 3593 1203 3659 6
1237 3612 1253 3659 :
1289 3592 1443 3681 qu
1470 3613 1627 3658 sum
1658 3590 1799 3669 via,
1841 3600 1906 3658 et
1952 3592 2124 3658 veri·

573 3710 705 3780 tas,
745 3710 810 3770 et
844 3701 1012 3770 vita.
1063 3698 1345 3768 Numer.
1398 3721 1592 3779 xxtu,
1651 3700 1772 3769 19:
1827 3700 1982 3770 Non
2025 3708 2123 3767 est

574 3810 760 3877 Deus
786 3808 988 3900 quasi
1028 3806 1257 3891 homo,
1292 3816 1368 3875 ut
1416 3807 1841 3876 mentiatur.-
1880 3829 2003 3875 nec
2045 3816 2124 3875 ut

569 3914 769 4003 filius
801 3914 1125 3993 bominis,
1166 3923 1244 3982 ut
1307 3923 1635 3982 mutetur.
1677 3912 1973 3983 Malach.
2017 3937 2118 3999 ιιι,

572 4027 655 4095 6:
701 4027 851 4116 qu
879 4025 1243 4102 Dominus,
1266 4033 1331 4092 et
1350 4046 1487 4091 non
1517 4033 1771 4092 mutor.
1802 4022 2041 4094 Jacob.
2069 4048 2116 4100 ι,

578 4132 704 4201 ¹7:
746 4131 961 4224 Apud
1009 4153 1212 4223 quem
1248 4155 1384 4199 non
1439 4139 1539 4200 est
1594 4133 2116 4217 transmutatio,

569 4261 689 4308 nee
733 4237 1223 4308 vicissitudinis
1244 4237 1711 4308 obumbratio.

661 4588 696 4630 e
737 4562 983 4632 Dicens
1038 4584 1063 4630 .·
1114 4559 1264 4630 Tibi
1326 4558 1551 4630 dabo.
1595 4585 1632 4628 ι
1721 4559 1852 4630 nic
1906 4583 2121 4654 quar-

568 4678 742 4750 tum,
784 4670 854 4738 in
890 4691 1028 4761 quo
1060 4668 1462 4738 determinat
1482 4668 1649 4761 quid
1688 4669 1789 4738 eis
1829 4669 1920 4738 sit
1948 4691 2116 4761 pro-

568 4778 894 4847 missum:
968 4777 1037 4845 in
1078 4799 1215 4867 quo
1268 4776 1587 4845 dicuntur
1622 4775 1785 4846 duo.
1848 4776 2112 4860 Primo,

569 4882 733 4976 quid
763 4883 860 4952 eis
888 4882 1298 4974 promissum
1329 4885 1417 4952 sit
1446 4890 1522 4951 ut
1568 4883 1789 4953 detur.
1847 4883 2117 4954 Secun-

569 4994 685 5080 do,
725 4993 970 5063 modus
997 5016 1135 5087 quo
1155 4992 1454 5062 dandum
1483 5001 1586 5062 est
1624 4995 1693 5063 id
1721 4994 1908 5088 quod
1947 5018 2114 5088 pro-

567 5105 881 5183 mittitur,
919 5104 1036 5182 ibi,
1074 5131 1109 5170 s
1143 5104 1593 5175 Funiculum.
1641 5130 1678 5173 ι

656 5210 771 5281 Sic
815 5209 971 5279 talis
1016 5218 1085 5280 et
1130 5219 1382 5290 tantus,
1417 5211 1535 5302 qui
1591 5218 1695 5280 est
1745 5210 2110 5294 Dominus,

566 5340 706 5387 non
740 5325 1004 5386 tantum
1041 5316 1468 5403 Judaeorum,
1507 5316 1627 5388 sed
1660 5317 1870 5387 etiam
1927 5319 2117 5388 Gen-

641 5569 660 5603 ¹
693 5588 724 5617 a
754 5561 955 5622 Serius
982 5561 1222 5621 additus
1248 5569 1341 5622 ost
1367 5564 1422 5635 ἲ.
1457 5568 1545 5639 11,
1576 5567 1679 5641 qui
1710 5566 1986 5625 oratione
2014 5582 2114 5624 so·

567 5655 694 5713 luta
748 5652 925 5712 rerba
978 5650 1394 5727 promissionis
1450 5670 1483 5709 e
1533 5655 1746 5712 Genesi
1805 5654 2045 5729 repetit.
2073 5674 2103 5708 ι

1582 299 1664 365 D.
1718 299 1918 367 ALB.
1972 301 2188 367 MAG.
2244 304 2448 370 om).
2504 303 2802 370 PRAED.

2245 473 2411 536 tium
2446 472 2784 561 promisit,
2822 480 2888 538 et
2927 471 3176 538 talibus
3219 497 3248 534 s
3295 473 3544 548 dicenS,
3583 497 3614 535 ιι
3665 470 3786 536 de-

2240 582 2670 649 terminando
2698 582 2865 672 quid
2915 580 3340 671 promitteret
3376 602 3391 646 2
3458 605 3492 644 α
3541 579 3709 659 Tibi,
3746 603 3778 642 n

2238 687 2614 774 Abraham,
2650 689 2862 767 Isaac,
2893 696 2958 756 et
2984 688 3226 765 Jacob,
3265 712 3297 753 α
3328 685 3505 753 dabo
3536 697 3786 753 terram

2242 795 2601 875 Clzanaan‚
2640 823 2674 860 »
2709 796 2883 864 sicut
2922 792 3155 861 multis
3192 795 3335 883 jam
3383 791 3786 884 promissio-

2240 903 2443 971 nibus
2500 912 2603 972 est
2658 909 3111 971 monstratum
3168 900 3253 968 ad
3294 900 3610 969 litteram.
3650 897 3786 965 Sed

2242 1012 2590 1101 quomodo
2645 1011 2820 1079 dabo
2878 1007 3077 1076 vobis
3106 1011 3142 1074 Ῥ
3203 1037 3228 1071 α
3262 1008 3706 1086 Funiculum,
3744 1030 3776 1069 n

2241 1139 2632 1185 mensuram
2742 1117 2998 1185 scilicet
3081 1114 3357 1182 cuilibet
3458 1112 3777 1189 debitam,

2243 1248 2276 1286 «
2310 1223 2730 1292 haereditatis
2784 1232 3042 1290 vestrae.
3090 1248 3124 1283 n
3185 1219 3387 1288 Eccli.
3423 1242 3604 1300 κων,
3649 1219 3779 1285 26:

2237 1329 2446 1396 Dedit
2469 1328 2806 1397 Dominus
2822 1327 3036 1397 Jacob
3057 1325 3546 1406 haereditatem,
3567 1324 3633 1392 id
3654 1333 3780 1407 est,

2238 1444 2486 1504 terram
2521 1436 2950 1505 haereditario
2981 1437 3139 1525 jure
3176 1432 3679 1526 possidendam,
3721 1442 3784 1498 et

2237 1543 2473 1614 divisit
2513 1545 2632 1612 illi
2648 1554 2920 1637 partem
2951 1545 3024 1610 in
3045 1542 3361 1611 tribubus
3399 1540 3776 1608 duodecim.

2235 1656 2420 1724 Psal.
2456 1679 2713 1733 nxxvu,
2748 1656 2877 1723 54:
2920 1654 3122 1723 Sorte
3143 1653 3378 1720 divisit
3403 1653 3500 1719 eis
3527 1664 3779 1719 terram

2234 1767 2305 1833 in
2343 1763 2665 1853 funiculo
2696 1760 3225 1831 distributionis.

2322 1872 2407 1940 Et
2435 1880 2600 1940 nota
2648 1868 3113 1961 spiritualiter,
3158 1868 3343 1960 quod
3391 1890 3516 1958 per
3558 1865 3782 1934 Abra-

2233 1979 2422 2057 ham,
2479 1979 2597 2069 qui
2658 1985 2945 2046 vocatur
2975 1982 3166 2067 pater
3201 1974 3571 2043 multarum
3609 1995 3782 2065 gen-

2233 2087 2434 2164 tium,
2476 2086 2841 2175 signantur
2875 2081 3180 2159 Praelati,
3225 2083 3340 2173 qui
3383 2079 3534 2150 aliis
3563 2080 3780 2171 praen-

2235 2194 2529 2261 ciuntur.
2566 2190 2811 2258 Genes.
2846 2211 3058 2266 xxva,
3093 2190 3177 2258 29
3208 2210 3224 2255 z
3253 2190 3417 2256 Esto
3445 2187 3785 2255 Dominus

2234 2306 2543 2395 fratrum
2581 2311 2886 2370 tuorum.
2912 2298 3045 2368 Per
3061 2297 3275 2377 Isaac,
3309 2300 3424 2389 qui
3455 2299 3788 2389 interpre-

2240 2419 2425 2479 tatur
2460 2409 2666 2493 risus,
2701 2408 3102 2499 incipientes
3130 2404 3418 2474 subditi:
3444 2405 3571 2496 ipsi
3602 2405 3784 2472 enim

2234 2523 2396 2584 sunt
2425 2517 2495 2583 in
2536 2537 2832 2606 quorum
2864 2511 3118 2607 gaudio
3179 2534 3320 2581 non
3378 2511 3790 2581 admiscetur

2239 2632 2628 2702 extraneuS,
2672 2629 2738 2690 et
2793 2643 2918 2713 pro
2976 2619 3224 2712 quibus
3261 2616 3560 2711 gaudent
3598 2625 3664 2685 et
3693 2616 3790 2683 ri-

2237 2731 2400 2799 dent
2439 2727 2716 2820 Angeli.
2770 2726 2932 2797 Luc.
2997 2751 3111 2813 xv,
3146 2728 3227 2795 7:
3290 2728 3403 2795 Ita
3444 2724 3787 2816 qaudium

2239 2838 2369 2906 erit
2399 2837 2468 2903 in
2528 2835 2695 2902 coelo
2731 2856 2942 2925 super
2986 2855 3122 2901 uno
3168 2841 3520 2924 peccatore
3565 2829 3786 2922 poeni-

2237 2946 2526 3013 tentiam
2588 2954 2854 3034 aqente,
2913 2948 3042 3010 etc.
3102 2939 3237 3008 Per
3281 2938 3519 3017 Jacob,
3575 2936 3786 3030 proti-

2236 3053 2517 3134 cienteS,
2577 3050 2896 3142 quisunt
2944 3050 3013 3117 in
3068 3046 3250 3116 lucta
3314 3055 3381 3115 et
3436 3046 3506 3115 in
3554 3066 3782 3138 pugna

2233 3167 2470 3229 contra
2507 3149 2805 3242 vitia,‘et
2841 3154 3205 3225 daemonia.
3238 3153 3343 3223 Ad
3392 3150 3641 3247 Ephes.
3684 3175 3779 3230 vi,

2239 3270 2364 3335 ¹9:
2408 3267 2561 3335 Non
2610 3274 2708 3332 est
2754 3262 2953 3332 nobis
2991 3260 3393 3331 colluctatio
3457 3261 3784 3329 adversus

2232 3399 2529 3456 carnem,
2584 3386 2708 3443 aut
2758 3373 3195 3464 sanquinem,
3241 3381 3368 3442 etc.
3407 3392 3426 3442 ε
3506 3378 3574 3439 et
3627 3393 3782 3440 cum

2234 3482 2380 3553 Deo
2418 3483 2488 3551 in
2522 3481 2858 3561 oratione,
2929 3477 3129 3558 Osee,
3171 3502 3291 3565 xn,
3323 3479 3367 3546 4
3401 3500 3419 3548 ε
3468 3478 3782 3548 Invaluit

2231 3594 2330 3662 acl
2352 3594 2721 3683 Anqelum,
2765 3599 2832 3659 et
2875 3592 3309 3681 confortatus
3363 3597 3506 3657 est:
3560 3588 3779 3678 flevit,

2230 3711 2294 3767 et
2350 3701 2623 3790 roqavit
2680 3720 2861 3766 eum.
2927 3695 3062 3765 Per
3104 3693 3340 3777 lsrael,
3392 3694 3665 3786 perfecti
3715 3701 3782 3762 et

2230 3803 2771 3897 contemplativi,
2802 3803 2920 3894 qui
2942 3803 3091 3893 jam
3118 3801 3634 3893 quodammodo
3674 3822 3784 3869 re-

2229 3916 2453 3985 velata
2480 3915 2651 3985 facie
2691 3912 2912 3983 Deum
2940 3910 3519 4004 contemplantur,
3559 3933 3780 4003 quan·

2230 4036 2376 4096 tum
2409 4027 2478 4094 in
2520 4025 2634 4094 via
2690 4033 2793 4094 est
2830 4021 3181 4117 possibile.
3218 4020 3280 4089 11
3334 4020 3421 4090 ad
3466 4019 3775 4091 Corinth.

2230 4161 2330 4217 ιιι.
2371 4137 2494 4205 18:
2548 4136 2692 4206 Nos
2735 4156 2896 4204 vero
2942 4155 3205 4212 omnes,
3254 4131 3557 4202 revelata
3600 4132 3785 4224 {acie

2224 4242 2534 4334 qloriam
2574 4240 2863 4309 Domini
2893 4237 3350 4332 speculantes,
3382 4239 3455 4306 in
3474 4237 3781 4307 eamdem

2231 4353 2604 4443 imaqinem
2635 4353 3227 4442 transformamur
3251 4348 3337 4418 de
3363 4348 3682 4417 claritate
3709 4348 3779 4415 in

2230 4462 2649 4540 claritatem,
2689 4467 2819 4529 etc.

2318 4566 2442 4635 llis
2470 4567 2673 4636 datur
2706 4573 2888 4635 terra
2947 4560 3300 4643 Chanaan,
3351 4560 3418 4630 id
3449 4569 3576 4641 est,
3606 4570 3783 4632 terra

2226 4673 2596 4744 humilium
2630 4691 2650 4743 ε
2681 4674 2780 4742 sio
2841 4671 3026 4740 enim
3074 4667 3400 4739 Chanaan
3447 4671 3784 4762 interpre—

2226 4789 2433 4852 tatur.
2493 4777 2738 4850 Matth.
2795 4800 2867 4857 v,
2935 4777 2978 4845 t
3021 4799 3041 4848 ε
3086 4777 3291 4848 Beati
3339 4777 3561 4858 mites,
3618 4798 3784 4868 quo-

2226 4890 2420 4958 niam
2451 4889 2587 4981 ipsi
2612 4882 3067 4979 possidebunt
3113 4895 3393 4954 terram.
3428 4883 3513 4953 Et
3541 4905 3779 4975 parum

2228 5004 2412 5078 ante,
2442 5002 2511 5072 5.
2541 4998 2586 5064 3
2619 5017 2636 5061 ε
2670 4993 2875 5062 Beati
2912 5015 3253 5085 pauperes
3302 4991 3581 5086 spiritu.
3649 4998 3778 5059 etc.

2226 5107 2314 5175 Et
2351 5104 2484 5175 hoc
2535 5103 2913 5173 secundum
2969 5124 3364 5172 mensuram
3415 5100 3783 5192 unicuique

2228 5211 2527 5284 debitam
2559 5234 2600 5280 a
2653 5233 2970 5281 mensore
3016 5208 3312 5279 Christo.
3371 5206 3650 5277 Zachar.
3704 5229 3779 5291 11,

2233 5323 2264 5390 1
2303 5341 2321 5390 t
2362 5322 2532 5390 Ecce
2566 5318 2695 5398 vir,
2727 5329 2794 5387 et
2832 5319 2903 5387 in
2950 5339 3167 5387 manu
3222 5314 3784 5407 ejus‘luniculus

2227 5566 2474 5626 Bickell.

3858 1878 4076 1933 Qustuor

3806 1932 4127 2035 sutgzgomi·
