5008 6329
2140 221 2848 293 COMMENTARIUS
2900 221 2993 288 IN
3041 217 3476 287 PSALMUM
3526 218 3696 288 CIV.
4442 219 4527 284 :59

1326 394 1612 461 moriam
1685 401 1977 460 revocat.
2041 393 2194 463 Duo
2279 420 2442 488 ergo
2520 396 2856 464 dicuntur.

1324 501 1579 582 Primo,
1617 507 1850 566 monet
1879 500 2102 570 Deum
2156 504 2457 573 laudare.
2520 497 2857 574 Secundo,

1323 601 1720 674 continuare
1786 605 2218 684 desiderium,
2282 609 2401 686 ihi,
2472 608 2538 672 in
2638 601 2863 669 medio

1321 723 1380 789 ὴ.
1426 715 1508 779 4:
1557 738 1591 778 α
1640 714 1936 797 Quaerite
1961 719 2238 807 faciem.
2280 745 2311 777 »

1409 817 1487 883 In
1538 819 1761 908 prima
1824 822 1976 888 tria.
2012 821 2273 899 Primo,
2308 817 2527 909 tangit
2582 814 2863 882 modum

1323 945 1455 1013 quo
1495 924 1645 991 vult
1686 925 1904 995 Deum
1946 927 2158 1017 quaeri
2203 931 2269 992 et
2311 921 2701 990 desiderari.
2741 919 2863 988 Se·

1323 1029 1570 1110 cundo,
1607 1045 1844 1101 monet
1879 1032 1964 1100 nd
2004 1030 2416 1099 desiderium
2473 1037 2540 1097 et
2589 1027 2867 1119 inquisi-

1321 1140 1608 1219 tionem,
1659 1140 1780 1222 ibi,
1821 1149 1886 1218 ὴ.
1931 1142 1971 1207 4
2007 1165 2022 1208 :
2088 1164 2120 1204 α
2160 1140 2477 1224 Quaerite.
2518 1166 2551 1201 »
2607 1137 2856 1213 Tertio,

1321 1249 1617 1318 ostendit
1673 1249 1968 1318 fructum
2044 1258 2440 1339 sequentem
2519 1248 2721 1315 etiam
2796 1245 2866 1310 in

1320 1355 1634 1448 praesentti
1694 1377 1777 1422 ex
1827 1353 1944 1421 illo
1976 1355 2338 1440 desiderio,
2378 1353 2492 1432 ibi,
2534 1379 2565 1418 ι
2599 1355 2692 1420 Et
2720 1373 2870 1418 con-

1317 1461 1728 1551 firmmint'.
1769 1488 1802 1522 n

1407 1567 1590 1636 Dicit
1618 1589 1822 1659 ergo:
1870 1567 1984 1636 Sic
2023 1569 2320 1637 exterius
2356 1566 2628 1635 laudate
2665 1589 2680 1633 z
2715 1571 2783 1633 et
2810 1564 2866 1631 si

1321 1677 1646 1766 quaeritur
1685 1676 1967 1744 interius
1999 1676 2182 1744 Deus
2219 1674 2585 1755 desiderio,
2630 1681 2694 1740 et
2731 1672 2870 1739 evi-

1321 1783 1552 1862 ditate,
1603 1812 1637 1848 «
1685 1783 1953 1851 laetetur
1980 1806 2096 1851 cor
2134 1783 2582 1873 quaerentium
2625 1778 2871 1849 Domi-

1320 1914 1513 1976 num,
1568 1918 1600 1954 ιι
1678 1888 1811 1959 hoc
1877 1898 2004 1969 est.
2081 1889 2389 1957 lit-tenter
2451 1897 2518 1956 et
2570 1885 2870 1977 jucunde

1321 2005 1702 2089 quaeratur:
1754 2008 1825 2067 et
1868 1997 2153 2090 dignum
2209 2007 2333 2077 est,
2368 1998 2529 2088 quia
2578 1994 2763 2074 alibi,
2798 1995 2869 2061 in

1324 2105 1505 2176 Psal.
1548 2108 1933 2186 xxx111‚tl.
1985 2105 2267 2174 dicitur:
2293 2105 2720 2196 Inquit-entes
2748 2124 2871 2169 au-

1322 2223 1452 2282 tem
1513 2215 1926 2291 Dominum,
1997 2236 2132 2280 non
2194 2213 2594 2280 minuentur
2682 2208 2872 2278 omni

1322 2320 1516 2390 bono.
1546 2319 1651 2403 Et,
1688 2319 1997 2411 Sapient,
2020 2343 2113 2404 vt,
2141 2320 2260 2387 ¹4:
2299 2321 2739 2412 Praeoccupat
2755 2337 2874 2384 eos

1323 2433 1445 2525 qui
1479 2455 1551 2500 se
1596 2433 2103 2523 concupiscunt.
2162 2430 2268 2509 Et,
2313 2428 2591 2513 ibidem,
2622 2437 2686 2506 5.
2748 2428 2867 2496 ¹3:

1324 2542 1418 2608 Et
1447 2540 1796 2607 invenitur
1823 2538 1910 2607 ab
1965 2539 2070 2606 his
2127 2539 2252 2629 qui
2285 2545 2603 2630 querunt
2640 2536 2870 2615 illam,

1325 2645 1579 2715 scilicet
1626 2646 2031 2737 sapientiam
2072 2668 2194 2737 pro
2239 2644 2407 2713 Deo.
2465 2641 2716 2712 Thren.
2771 2664 2868 2719 ιιι,

1325 2755 1449 2821 25;
1484 2754 1723 2821 Bonus
1751 2761 1848 2821 est
1883 2753 2226 2821 Dominus
2253 2751 2503 2817 animer
2547 2749 2878 2841 quaerenti

1330 2859 1565 2928 illum.

1424 3214 1458 3255 ι
1496 3189 1800 3274 Quaerite
1818 3188 2220 3256 Dominum.
2258 3212 2291 3249 n
2321 3184 2445 3253 Hic
2473 3183 2874 3254 secundum.

1334 3294 1545 3375 Quasi
1577 3293 1869 3363 diceret:
1910 3291 2022 3361 Sic
2071 3302 2168 3359 est
2222 3292 2465 3359 modus
2502 3291 2876 3383 quau-endi,

1331 3412 1405 3469 ut
1435 3423 1750 3494 quaerens
1805 3398 2113 3468 laetetur:
2180 3410 2247 3467 et
2290 3399 2421 3468 talt-
2468 3421 2641 3488 opus
2694 3398 2881 3490 quod

1332 3531 1487 3578 cum
1556 3507 1788 3577 letitie
1837 3517 2212 3584 exercetur,
2246 3505 2534 3574 libenter
2585 3516 2684 3574 est
2742 3506 2881 3575 im-

1329 3614 1685 3709 plendum.
1728 3614 1912 3706 Ergo
1951 3615 2232 3706 qua-rite
2278 3613 2562 3682 interius
2609 3611 2880 3682 deside-

1333 3723 1547 3792 rando
1576 3721 1981 3791 Dominum.
2027 3718 2332 3812 Sapient.
2369 3743 2414 3798 ι.
2450 3722 2472 3788 ί
2516 3742 2530 3787 :
2583 3721 2662 3788 ln
2717 3721 2876 3788 sim-

1323 3829 1647 3924 plicitate
1707 3828 1934 3898 cordis
1979 3829 2264 3921 querite
2326 3827 2562 3906 illum,
2621 3837 2687 3895 et
2770 3829 2882 3897 in-

1330 3940 1567 4009 venire
1672 3937 1809 4007 cito
1901 3936 2232 4029 poteritis.
2323 3935 2451 4004 ise.
2559 3959 2662 4010 w.
2754 3938 2796 4002 6
2858 3958 2874 4004 :

1338 4047 1640 4133 Quaerite
1665 4046 2047 4115 Dominum
2077 4042 2241 4113 dum
2278 4044 2572 4112 inveniri
2604 4051 2828 4137 potest
2857 4066 2881 4112 :

1337 4155 1649 4224 invocate
1681 4175 1842 4222 eum
1882 4150 2047 4221 dum
2064 4174 2284 4243 prope
2309 4162 2429 4220 est.
2461 4150 2624 4221 Luc.
2668 4174 2763 4233 xi,
2789 4154 2876 4222 9:

1340 4261 1666 4348 Querite‚
1697 4270 1766 4328 et
1795 4258 2170 4327 int-miens.

972 4385 1310 4441 κείουσα-
1430 4366 2197 4450 Quaerite1)ominum,
2292 4390 2431 4435 non
2522 4367 2879 4439 mundum.

974 4447 1310 4546 &⁴22⁸
1342 4482 1609 4563 Primo,
1641 4476 1805 4570 quia
1836 4484 2218 4568 quaerentes
2246 4485 2669 4568 punguntur,
2709 4477 2886 4546 sicut

993 4557 1293 4705 πὲἕ
1337 4585 1711 4680 aliquando
1776 4584 1894 4676 qui
1945 4584 2189 4675 quierit
2273 4606 2528 4663 rosam,
2606 4584 2886 4654 incurrit

1339 4697 1829 4791 punctionem:
1863 4691 1982 4784 qui
2015 4689 2237 4759 meltis
2274 4690 2729 4773 dulcedinem,
2770 4694 2887 4762 in-

1337 4803 1549 4876 currit
1574 4798 1889 4870 ncuteum
1911 4797 2079 4888 apis.
2114 4795 2575 4891 llieronymus
2605 4823 2623 4869 z
2660 4824 2695 4866 ι
2737 4799 2886 4871 Iloc

1340 4938 1374 4979 ι
1407 4910 1617 4981 habet
1682 4903 2001 4998 voluptas
2064 4906 2316 4985 omnis,
2378 4907 2566 4999 quod
2621 4908 2692 4977 in
2749 4909 2886 4978 tine

1341 5048 1375 5083 ιι
1416 5016 1685 5112 pungit.
1717 5039 1752 5080 t
1822 5011 1954 5083 loe.
1985 5035 2107 5096 vu,
2163 5013 2293 5081 18:
2358 5013 2692 5084 Sibilabit
2748 5018 2891 5086 Do·

1338 5128 1569 5198 minus
1615 5144 1890 5200 museae.
1943 5120 2298 5213 punctioni
2335 5121 2592 5192 scilicet
2637 5131 2706 5193 et
2754 5124 2891 5192 im-

1336 5232 1722 5316 munditiae,
1760 5250 1914 5322 que
1939 5236 2040 5297 est
2074 5228 2147 5296 in
2187 5239 2486 5299 extremo
2512 5232 2889 5320 fluminum

1339 5340 1669 5433 AEqypti‚
1718 5335 2246 5406 delectationum
2302 5336 2556 5408 scilicet
2622 5339 2886 5409 mundi.

1348 5447 1694 5530 Secundo,
1723 5446 1886 5539 quia
1913 5445 2241 5516 falluntur
2266 5449 2591 5542 turpiter:
2614 5448 2894 5519 creden-

1347 5568 1447 5630 tee
1474 5557 1662 5629 enim
1692 5577 1765 5622 se
1793 5549 2052 5645 aliquid
2092 5553 2421 5638 invenire,
2472 5554 2641 5624 nihil
2691 5556 2892 5626 inve-

2971 389 3189 455 niunt.
3236 387 3415 456 Psal.
3471 412 3671 467 LXXV,
3730 391 3802 455 6:
3858 389 4303 454 Dormieruut
4338 411 4526 454 som-

2969 517 3137 561 num
3164 518 3394 577 suum,
3430 506 3493 562 et
3520 496 3705 562 nillil
3733 496 4132 561 invenerunt
4163 516 4393 559 omnes
4432 495 4526 560 vi-

2974 603 3038 669 ri
3087 602 3494 668 divitiarum
3562 603 3633 667 in
3690 599 4015 667 manibus
4069 600 4239 666 suis.
4311 598 4518 668 Eceli.

2973 731 3207 787 xxxxv,
3253 709 3333 774 2:
3393 709 3611 791 Quasi
3666 709 3788 797 qui
3846 706 4298 797 apprehendit
4367 728 4526 771 um-

2979 815 3196 899 bram,
3229 825 3292 882 et
3323 815 3760 905 persequitur
3789 822 4092 892 ventum,
4152 813 4251 880 sic
4279 814 4404 903 qui
4425 821 4529 878 at-

2974 921 3190 989 tendit
3227 920 3325 987 ad
3349 922 3495 988 visa
3526 920 3908 988 mendacia.
3947 919 4108 987 Luc.
4144 943 4211 998 v,
4250 922 4288 987 5
4327 937 4342 987 2
4389 922 4528 986 Per

2973 1038 3188 1096 totam
3216 1038 3476 1095 noctem
3518 1027 3933 1110 laboranteS‚
3969 1026 4157 1094 nillil
4190 1028 4517 1118 cepimus.

2972 1136 3226 1215 Tertio,
3261 1136 3421 1226 quia
3453 1135 3619 1201 tales
3664 1135 4064 1226 fatigantur,
4108 1142 4175 1203 et
4204 1134 4525 1202 laborant

2972 1266 3094 1334 pro
3162 1265 3372 1333 parvo
3442 1243 3863 1311 mirabiliter.
3939 1242 4142 1310 Eccli.
4193 1265 4287 1324 χι,
4346 1243 4426 1309 10
4459 1250 4527 1309 et

2979 1353 3052 1418 11
3096 1374 3109 1417 ε
3154 1353 3235 1420 Si
3259 1362 3527 1420 secutus
3548 1353 3795 1442 saeris,
3839 1375 3975 1418 nou
4008 1351 4522 1442 apprehendes:

2976 1469 3040 1527 et
3092 1482 3226 1527 non
3288 1461 3597 1551 effaqies,
3647 1461 3710 1526 si
3767 1460 4324 1550 praecucurreris.
4394 1460 4526 1526 Est

2975 1568 3174 1636 homo
3218 1567 3567 1652 laborans,
3618 1579 3682 1636 et
3735 1570 4101 1658 festinans,
4167 1577 4231 1634 et
4288 1566 4528 1635 dolens

2978 1676 3258 1766 impius,
3290 1684 3352 1741 et
3404 1685 3594 1742 tanto
3635 1676 3861 1764 maqis
3915 1697 4051 1741 non
4106 1673 4523 1743 abundabit.

2977 1781 3259 1863 Quarto,
3296 1783 3457 1873 quia
3497 1782 3617 1850 etsi
3660 1781 3889 1873 aliqua
3918 1789 4079 1849 sunt
4108 1781 4361 1871 adepti,
4396 1782 4529 1849 cito

2976 1890 3313 1959 deficiunt.
3391 1889 3700 1981 Sapient.
3751 1913 3821 1967 ν,
3890 1894 3930 1958 9
3976 1913 3992 1957 :
4083 1891 4532 1958 Transierunt

2976 1999 3208 2066 omnia
3240 1997 3398 2077 illa,
3432 2009 3791 2089 tamquam
3833 1996 4103 2066 umbra.
4138 1995 4318 2080 Joel,
4354 2019 4397 2075 1,
4441 1997 4523 2064 3:

2974 2107 3578 2200 Expergiscimini,
3610 2106 3890 2186 ebrii,et
3914 2107 4099 2194 stete,
4131 2115 4196 2173 et
4231 2105 4530 2183 ululate,

2977 2238 3206 2283 omnes
3261 2215 3384 2305 qui
3414 2213 3647 2282 bibitis
3694 2217 3933 2282 vinum
3973 2215 4045 2281 in
4109 2211 4479 2281 dulcedine
4509 2232 4531 2278 .·

2977 2324 3305 2416 quoniam
3349 2323 3568 2414 periit
3625 2322 3711 2390 ab
3779 2345 3893 2389 ore
3941 2331 4183 2389 vestro.
4243 2319 4530 2406 Quinto,

2983 2431 3141 2524 quia
3182 2431 3303 2499 etsi
3341 2436 3687 2508 maneant,
3720 2428 3856 2496 cito
3890 2429 3956 2497 in
3991 2427 4340 2496 fastidium
4407 2451 4537 2496 ve-

2979 2542 3196 2610 niunt.
3271 2538 3551 2606 Numer.
3605 2560 3699 2616 xi,
3735 2537 3845 2618 20,
3897 2535 4341 2605 comederunt
4413 2536 4532 2604 filii

2979 2646 3185 2717 Israel
3219 2668 3436 2738 usque
3492 2645 3576 2713 ad
3635 2666 3988 2713 nauseam.
4039 2644 4298 2714 Jerem.
4364 2668 4528 2724 xxv,

2980 2756 3108 2825 27:
3146 2753 3395 2832 Bibite,
3438 2751 3693 2821 scilicet
3722 2752 3791 2818 in
3850 2773 4060 2820 aureo
4119 2749 4330 2820 calice
4392 2752 4535 2819 Ba-

2979 2863 3275 2956 bylonis,
3307 2871 3371 2928 et
3409 2858 3874 2944 inebriamini,
3909 2868 3972 2925 et
4027 2859 4299 2927 vomite.
4357 2857 4533 2928 Ulti-

2982 2992 3123 3048 mo,
3166 2969 3323 3060 quia
3359 2992 3393 3033 ι
3425 2988 3738 3059 possessa
3777 2973 4091 3047 onerant,
4143 2975 4370 3034 emata
4426 2967 4537 3034 in-

2985 3105 3021 3147 «
3062 3080 3373 3173 quinant,
3414 3086 3482 3145 et
3518 3077 3769 3145 amissa
3795 3076 4124 3148 cruciant.
4170 3101 4205 3142 ι
4238 3077 4410 3145 sicut
4438 3076 4539 3143 di-

2984 3190 3074 3257 cit
3104 3185 3518 3255 BernarduS.

3075 3321 3107 3357 ι
3131 3294 3428 3378 Quaerite
3455 3313 3621 3382 ergo
3657 3293 4057 3371 Dominum,
4089 3302 4153 3360 et
4175 3292 4544 3383 confirma-

2985 3399 3221 3469 mini.»
3261 3397 3432 3466 Ecce
3461 3396 3821 3476 fructus‚id
3850 3411 3975 3478 est,
3996 3397 4542 3467 confirmabimi-

2986 3507 3098 3577 ni:
3177 3512 3558 3597 quaerentes
3613 3505 3798 3573 enim
3875 3503 4126 3592 Deum,
4168 3505 4347 3573 sicut
4392 3503 4544 3573 vult

2986 3617 3251 3697 Glossa,
3286 3615 3494 3684 [ortes
3551 3616 3716 3684 fient
3762 3624 3827 3684 et
3876 3614 4270 3694 illuminati,
4309 3623 4374 3683 et
4427 3613 4540 3682 hic

2985 3729 3204 3798 infuse
3270 3728 3548 3805 virtute,
3590 3736 3659 3794 et
3708 3728 3776 3794 in
3819 3728 4040 3819 patria
4088 3725 4325 3793 divina
4363 3724 4538 3792 frui-

2985 3837 3198 3906 tione.
3232 3834 3331 3903 De
3371 3834 3618 3924 primo,
3685 3835 3832 3901 Act.
3900 3855 4044 3913 xvi,
4077 3836 4161 3902 5:
4215 3831 4539 3901 Ecclesiae

2984 3943 3575 4037 confirmabantur
3607 3943 3771 4033 fide.
3835 3942 3980 4011 lad
4025 3940 4339 4012 Corinth.
4394 3964 4537 4023 xvi,

2994 4055 3073 4124 13
3103 4061 3169 4122 et
3217 4053 3345 4121 ¹4:
3412 4051 3926 4141 Censor-lamini
3946 4074 3969 4118 .·
4026 4052 4264 4120 omnia
4317 4059 4541 4119 vestra

2988 4165 3060 4232 in
3098 4160 3433 4228 charitate
3456 4158 3659 4249 fimet.
3705 4157 3805 4226 De
3833 4156 4137 4228 secundo
4185 4157 4347 4226 dicit
4396 4158 4542 4226 An·

2989 4269 3286 4339 selinus:
3342 4291 3378 4333 ι
3432 4264 3566 4348 Qui
3616 4267 3827 4337 seme}
3884 4266 4032 4335 Deo
4080 4266 4367 4349 fruetur,
4418 4288 4546 4335 nec

2993 4379 3306 4445 «timore
3363 4375 3661 4465 torqueri
3713 4376 3986 4465 poterit,
4073 4396 4198 4442 nec
4255 4372 4546 4443 falsitate

2999 4514 3032 4547 ι
3069 4481 3314 4573 decipi,
3355 4502 3484 4549 nec
3528 4482 3817 4572 experiri
3872 4480 4350 4574 indigentiam,
4392 4478 4548 4572 ple-

3004 4618 3037 4653 «
3071 4585 3449 4656 nitudinem
3490 4608 3629 4655 non
3665 4610 3896 4656 entare
3929 4609 4069 4656 non
4099 4586 4374 4680 poterit,
4419 4608 4546 4655 nec

3006 4722 3038 4761 ιι
3075 4693 3258 4762 Deus
3286 4692 3550 4763 deseret
3597 4705 3942 4763 amantem
3974 4718 4073 4779 se,
4117 4717 4242 4765 nec
4281 4694 4546 4787 aliquid

2997 4829 3031 4870 ι
3074 4800 3417 4894 potentius
3457 4803 3704 4893 poterit
3733 4825 3891 4870 eum
3923 4824 4272 4895 superare.
4310 4832 4343 4866 »ι

3087 5051 3121 5086 ιι
3167 5023 3465 5110 Quaerite
3503 5022 3783 5114 [aciem.
3831 5047 3863 5087 ιι
3920 5022 4091 5092 Ecce
4138 5022 4547 5105 secundum,

2997 5131 3069 5200 in
3107 5153 3243 5223 quo
3273 5138 3508 5200 monet
3527 5129 3612 5199 ad
3641 5131 4223 5224 perseverantium
4265 5129 4335 5198 in
4365 5152 4554 5222 quae-

2996 5238 3231 5310 rendo.
3311 5238 3522 5319 Quasi
3587 5240 3884 5309 diceret:
3950 5238 4065 5308 Sic
4121 5240 4432 5330 quoerite.
4485 5246 4553 5308 et

3000 5371 3035 5413 ι
3080 5347 3366 5438 querite
3444 5347 3697 5436 [aciem
3785 5345 3967 5435 ejus,
4050 5370 4085 5410 ι
4194 5344 4543 5415 Christum

2999 5451 3271 5531 Filium,
3312 5475 3435 5546 per
3461 5476 3667 5545 quem
3706 5452 4169 5545 cognoscitur,
4210 5455 4385 5522 sicut
4412 5452 4549 5522 ho-

2998 5586 3115 5631 mo
3171 5584 3290 5654 per
3326 5561 3608 5632 faciem:
3655 5564 4001 5656 «semper,
4037 5589 4074 5632 ι
4129 5571 4198 5633 et
4242 5563 4315 5631 in
4365 5583 4548 5654 proe-
