5008 6329
1845 417 2563 487 COMMENTARIUS
2613 420 2709 485 IN
2757 420 3192 488 PSALMUM
3242 419 3506 487 CXLII.

1065 584 1179 658 eis,
1214 587 1338 674 qui
1365 587 1631 659 doceret
1660 614 1792 676 eoS,
1829 604 1892 659 et
1924 594 2224 658 duceret.
2262 591 2392 656 Isa.
2430 613 2628 671 Lxm,

1072 691 1150 756 14
1188 715 1203 759 ε
1262 698 1573 786 Spiritus
1623 711 1781 767 tuus
1819 700 2062 766 ductor
2093 699 2250 786 ejus
2296 699 2466 787 suit.
2501 698 2626 766 Je-

1066 822 1231 870 rem.
1268 828 1455 883 xxm,
1491 808 1531 873 9
1561 831 1574 874 ε
1609 806 1973 874 Adducam
2004 830 2112 873 eos
2136 829 2262 896 per
2301 817 2633 875 torrentes

1063 932 1410 1002 aquarum
1456 916 1527 980 in
1578 916 1690 983 via
1737 927 1943 984 recta.
2012 916 2318 1008 Sapient.
2374 943 2445 997 x,
2503 919 2627 986 10:

1058 1020 1341 1088 Justum
1391 1022 1680 1090 deduxit
1746 1026 2089 1093 Dominus
2139 1050 2266 1118 per
2325 1028 2475 1095 vias
2524 1049 2634 1092 re-

1060 1136 1226 1203 ctas,
1280 1137 1405 1197 ete.
1439 1127 1568 1208 Qui
1628 1131 1869 1201 abillo
1924 1157 2063 1202 non
2114 1134 2408 1218 duc-itur,
2451 1143 2632 1202 errat

1060 1235 1131 1301 in
1170 1237 1283 1304 via
1333 1262 1645 1329 supernae
1686 1242 2001 1321 civitatis,
2056 1253 2122 1311 et
2164 1242 2493 1333 affligitur
2557 1244 2627 1310 in

1062 1342 1198 1411 illa.
1246 1343 1468 1414 Eccle.
1521 1372 1589 1429 x,
1629 1350 1752 1417 15:
1816 1347 2046 1416 Labor
2095 1349 2473 1416 stultorum
2504 1351 2629 1439 as-

1055 1452 1256 1544 fliqet
1305 1479 1441 1536 eos,
1496 1458 1619 1547 qui
1673 1458 1982 1524 nesciunt
2021 1457 2094 1523 in
2155 1454 2394 1524 urbem
2457 1481 2627 1548 per·-

1054 1582 1234 1649 qere.

1143 1885 1230 1955 Et
1267 1887 1447 1957 hane
1485 1887 1959 1959 deductionem
2019 1890 2248 1970 faciae,
2294 1914 2328 1955 «
2362 1890 2619 1960 Domi·-

1053 2019 1160 2078 ne,
1201 2022 1234 2063 ι
1270 2018 1412 2065 non
1452 2006 1728 2088 propter
1764 2021 1901 2080 me,
1938 1997 2057 2067 sed
2101 2023 2133 2063 α
2162 2008 2449 2090 propter
2483 2021 2618 2065 no-

1051 2126 1203 2170 men
1258 2112 1484 2182 tuum,
1532 2129 1564 2170 ιι
1622 2112 1900 2195 propter
1956 2104 2452 2173 nominabilem
2484 2128 2616 2196 po-

1049 2214 1334 2281 tentiam
1411 2223 1625 2283 tuam.
1692 2213 1795 2283 De
1876 2208 2009 2282 hoc
2094 2215 2403 2292 nomine,
2473 2213 2607 2284 lsa.

1045 2343 1203 2401 ινιι,
1267 2323 1401 2390 15:
1460 2324 1793 2391 Sanctum
1858 2346 2103 2392 nomen
2152 2321 2309 2412 ejus
2354 2324 2426 2390 in
2482 2345 2612 2390 ea:-

1045 2428 1244 2496 celso.

1137 2670 1171 2709 ox
1219 2642 1632 2732 Vivificabis.
1668 2670 1703 2706 n
1744 2641 1916 2712 Ecce
1970 2642 2377 2720 secundum,
2430 2643 2609 2711 soili-

1044 2761 1149 2820 eet
1194 2752 1566 2819 vivificatio
1609 2775 1727 2842 per
1771 2753 2063 2843 gratiam
2105 2775 2121 2822 ε
2182 2761 2248 2820 et
2300 2753 2609 2842 tangitur

1042 2860 1264 2950 primo
1329 2860 1726 2929 vivificatio.
1788 2858 2136 2939 Secundo,
2207 2861 2405 2941 ratio,
2478 2858 2602 2944 ibi,

1045 2995 1079 3034 ox
1119 2969 1202 3037 In
1231 2969 1575 3061 aequitate.
1620 2993 1653 3034 ι

1130 3075 1309 3144 Dicit
1337 3096 1545 3168 ergo:
1594 3073 1730 3155 Sic,
1770 3075 2088 3157 Domine,
2133 3079 2412 3170 spiritus
2442 3090 2601 3148 tuus

1039 3184 1326 3254 deducet
1365 3208 1499 3267 me,
1533 3192 1598 3255 et
1635 3188 1865 3263 etiam,
1905 3214 1936 3249 α
1980 3187 2364 3276 vivificabis
2393 3212 2525 3267 me,
2563 3215 2596 3256 ι

1037 3292 1177 3358 vita
1230 3295 1492 3383 gratiae.
1556 3292 1686 3363 lsa.
1732 3315 2015 3368 xxxviii.
2077 3296 2200 3361 16:
2258 3296 2603 3387 Corripies

1036 3409 1273 3476 me‚·et
1321 3399 1703 3488 vivificabis
1732 3423 1860 3468 me.
1913 3399 2020 3467 Ad
2071 3400 2326 3490 Ephes.
2378 3424 2450 3482 ιι,
2491 3406 2532 3472 5
2580 3425 2597 3469 τ

1040 3508 1212 3575 Cum
1242 3530 1537 3575 essemus
1567 3508 1826 3576 mortui
1873 3511 2196 3600 peccatis,
2238 3511 2602 3600 convivifi-

1035 3625 1216 3683 cavit
1243 3639 1369 3684 nos
1417 3617 1487 3684 in
1541 3618 1837 3686 Christo.
1874 3616 1959 3684 Et
2017 3617 2083 3684 in
2145 3618 2414 3693 eodem.
2446 3627 2511 3696 ᾗ.
2558 3619 2599 3685 4

1033 3733 1099 3791 et
1120 3725 1192 3793 5:
1214 3725 1510 3815 Propter
1526 3725 1818 3791 nimiam
1848 3724 2251 3792 charitatem
2273 3748 2500 3793 suam.
2518 3780 2533 3796 .
2547 3780 2562 3794 .
2576 3778 2592 3794 .

1033 3832 1466 3921 convificavit
1513 3856 1635 3899 nos
1672 3834 1741 3901 in
1792 3833 2090 3903 Christo.
2129 3833 2209 3900 Et
2240 3831 2398 3916 hoe,
2446 3861 2479 3900 ι
2525 3836 2598 3903 in

1033 3944 1360 4034 aequitate
1385 3954 1534 4019 tua,
1583 3966 1615 4007 ι
1658 3941 1787 4011 hoo
1826 3951 1951 4019 est,
1986 3951 2265 4033 propter
2303 3945 2601 4032 aequita-

1037 4058 1174 4118 tem
1217 4058 1436 4126 tuam,
1474 4073 1614 4118 non
1663 4059 1940 4140 propter
1998 4072 2152 4118 mea
2210 4052 2475 4120 merita.
2516 4050 2599 4118 1⁴21

1038 4168 1139 4227 est
1184 4160 1473 4250 aequitas
1512 4159 1792 4246 iustitia.
1834 4167 2067 4226 tamen
2131 4158 2598 4227 misericordia

1039 4274 1437 4354 temperata.
1472 4264 1579 4331 Ad
1615 4264 1747 4334 Tit.
1784 4287 1881 4341 ιιι,
1925 4266 2008 4333 5:
2052 4268 2208 4335 Non
2246 4288 2333 4332 ex
2379 4266 2600 4357 operi-

1038 4369 1162 4439 bus
1178 4370 1513 4461 justitiae,
1555 4393 1707 4462 quae
1731 4371 2025 4461 lecimus
2060 4392 2208 4449 nos,
2237 4371 2383 4456 sed,
2417 4380 2547 4442 eto.

1129 4610 1163 4649 ox
1206 4583 1480 4652 Educes
1547 4582 1633 4650 de
1697 4579 2175 4652 tribulatione.
2222 4610 2254 4642 ι·
2294 4580 2425 4650 llic
2466 4592 2601 4651 ter·

1036 4693 1208 4760 tium
1276 4692 1560 4760 bonum.
1608 4690 1817 4770 Quasi
1865 4690 2157 4759 diceret:
2224 4689 2339 4759 Sic
2387 4693 2597 4759 etiam

1037 4800 1381 4879 ostendes,
1441 4801 1537 4869 sie
1583 4797 1916 4891 praebebis
1969 4801 2212 4882 vitam,
2253 4811 2322 4869 et
2387 4804 2596 4870 etiam

1041 4938 1074 4977 ι
1114 4910 1355 4978 educes
1402 4910 1713 4976 animam
1761 4930 1984 4976 meam
2050 4908 2135 4976 de
2187 4910 2600 4978 tribulatio-

1034 5042 1140 5087 ne.
1170 5042 1203 5083 ι
1229 5013 1360 5085 lsa.
1387 5037 1547 5095 xuni,
1567 5016 1605 5083 Ἰ
1632 5037 1648 5083 :
1680 5016 1767 5083 Ut
1795 5013 2188 5084 educeres...
2211 5017 2295 5083 de
2322 5014 2599 5084 conclu·

1032 5129 1224 5195 sione
1251 5126 1586 5202 vinctum,
1620 5124 1703 5191 de
1725 5124 1929 5192 domo
1968 5126 2259 5192 carceris
2292 5126 2598 5194 sedentes

1035 5238 1106 5303 in
1146 5231 1461 5303 tenebris.
1504 5230 1667 5311 Job,
1717 5254 1786 5308 v,
1829 5232 1945 5301 19:
1987 5232 2073 5300 In
2119 5255 2242 5299 sex
2289 5230 2599 5300 tribula-

1031 5340 1338 5410 tionibus
1408 5336 1730 5407 liberabit
1787 5350 1872 5420 te,
1901 5349 1966 5407 et
2023 5340 2095 5406 in
2132 5341 2429 5430 septima
2458 5363 2595 5407 non

1031 5459 1265 5540 tanqet
1297 5459 1362 5518 te
1386 5447 1679 5516 malum.
1713 5443 1979 5514 Educes
2019 5455 2249 5515 autem
2289 5447 2376 5515 ad
2416 5456 2600 5515 tran·

1031 5559 1467 5652 quillitatem.
1507 5554 1678 5627 Tob.
1722 5576 1819 5633 ιιι,
1854 5555 1982 5623 22:
2026 5559 2196 5625 Post
2223 5566 2598 5648 tempesta-

1031 5679 1193 5748 tem,
1237 5664 1709 5759 tranquillum
1744 5663 1948 5754 lacis.
1983 5662 2248 5733 Educes
2285 5664 2372 5733 ad
2414 5663 2595 5733 laeti·

1036 5780 1226 5858 tiam,
1298 5776 1613 5846 Ibidem:
1692 5777 1863 5844 Post
1912 5772 2483 5865 lacrymationem
2531 5784 2596 5845 et

4161 421 4287 486 487

2743 593 3011 679 fletum,
3057 594 3581 661 exsultationem
3616 592 3953 682 infundis,
3997 589 4288 661 Malach-

2744 726 2834 782 ιν,
2871 704 2909 769 2
2945 705 3476 794 ;Εφ·ει1ἱειηίηἰ,
3512 713 3576 769 et
3611 701 3876 769 salietis
3899 702 4071 769 sicut
4107 701 4293 766 vitu-

2746 812 2800 878 li
2858 812 2939 880 cle
2969 823 3300 880 armento.
3346 811 3608 877 Educes
3662 809 3747 876 ad
3785 808 4029 886 lucem,
4080 808 4285 876 Mich.

2740 944 2858 997 vu,
2894 923 2978 987 9:
3050 920 3313 987 Educet
3359 941 3464 984 nie
3502 920 3570 984 in
3617 917 3855 993 lucem,
3891 915 4125 983 videbo
4151 914 4322 1005 ju-'

2736 1026 3001 1092 stitiam
3028 1025 3207 1114 ejus,
3244 1047 3392 1113 quae
3426 1047 3607 1091 nunc
3638 1046 3747 1091 me
3782 1022 3967 1090 latet.

2829 1371 2861 1411 α
2894 1347 2990 1414 Et
3030 1347 3099 1412 in
3130 1344 3601 1412 misericordia
3643 1355 3790 1412 tua.
3835 1374 3863 1405 n
3912 1344 4040 1413 Hic
4078 1368 4279 1437 quar-

2732 1463 2902 1521 tum.
2950 1452 3155 1532 Quasi
3214 1453 3513 1521 diceret:
3588 1451 3699 1521 Sic
3757 1452 4040 1522 deducet
4076 1454 4280 1543 spiri-

2729 1574 2838 1632 tus
2877 1563 3255 1643 vivificans,
3289 1585 3329 1629 a
3366 1561 3805 1631 tribulatione
3846 1564 4110 1654 eripieS,
4149 1589 4180 1629 α
4215 1571 4279 1631 et

2728 1670 3073 1764 disperdes
3101 1693 3330 1737 omnes
3370 1670 3685 1739 inimicos
3723 1693 3929 1754 meos,
3962 1698 3989 1733 n
4051 1679 4126 1737 ut
4165 1671 4275 1737 ni-

2724 1779 2823 1847 hil
2865 1778 3029 1846 mihi
3063 1801 3305 1848 nocere
3328 1780 3594 1870 possint
3622 1800 3638 1848 t
3675 1788 3741 1847 et
3767 1778 3923 1862 hoc,
3981 1806 4010 1843 α
4039 1780 4110 1846 in
4138 1779 4276 1845 mi-

2720 1889 3092 1957 sericordia
3121 1898 3269 1956 tua.
3310 1916 3338 1952 υ
3391 1886 3681 1956 Zachar.
3743 1911 3838 1969 lx,
3874 1889 3950 1955 6:
3999 1889 4274 1979 Disper-

2723 1996 2886 2065 dam
2930 1995 3325 2089 superbiam
3396 1996 3955 2064 Philistinorum.
4013 1995 4264 2064 Jerem.

2719 2129 2885 2183 xvu,
2930 2106 3060 2173 18:
3127 2105 3666 2194 Consundantur
3722 2105 3847 2195 qui
3891 2125 3997 2171 me
4037 2127 4271 2195 perse-

2718 2222 3050 2304 quuntur.
3103 2213 3211 2295 Et,
3257 2236 3374 2294 xx,
3412 2213 3533 2279 11:
3584 2212 3722 2297 Qui
3764 2221 4271 2302 persequuntur

2714 2345 2823 2390 me
2859 2321 3126 2400 cadent,
3160 2331 3224 2389 et
3262 2320 3528 2409 infirmi
3555 2330 3778 2389 erunt.

2806 2563 2840 2599 α
2895 2538 2989 2604 Et
3034 2535 3275 2626 perdes
3338 2557 3590 2603 omnes.
3628 2560 3663 2602 ι
3732 2532 3860 2602 Hic
3917 2533 4258 2625 quintum,

2710 2642 3147 2710 inimicorum
3191 2640 3476 2731 perditio
3510 2640 3580 2707 in
3616 2638 3847 2709 futuro
3881 2662 3896 2707 ε
3932 2650 3999 2708 et
4031 2640 4262 2731 tangi-

2711 2759 2822 2818 tur
2853 2750 3072 2840 primo
3105 2748 3379 2816 illorum
3412 2748 3727 2839 perditio.
3764 2746 4107 2832 Secundo,
4160 2770 4263 2815 ra-

2709 2860 2805 2926 tio
2853 2859 2948 2925 sic
2986 2856 3308 2948 perdendi
3341 2880 3485 2942 eos,
3535 2856 3656 2936 ibi,
3693 2882 3727 2923 «
3775 2857 4117 2942 Quoniam
4136 2879 4258 2948 eqo

2704 2989 2960 3036 servus.
3007 2991 3042 3033 ι
3538 3043 3561 3069 0

2797 3079 2915 3147 Ait
2942 3100 3150 3171 ergo:
3196 3076 3310 3147 Sic
3350 3077 3670 3148 liberabis
3715 3100 3755 3145 a
3790 3076 4250 3157 tribulatione,

2706 3186 2802 3253 sic
2822 3183 3168 3275 disperdes
3201 3183 3545 3252 inimicos:
3575 3209 3609 3250 «
3643 3186 3740 3252 Et
3757 3183 4002 3275 perdes
4028 3206 4256 3251 omnes

2707 3295 2832 3384 qui
2868 3292 3210 3361 tribulant
3248 3294 3556 3360 animam
3595 3314 3843 3371 meam,
3881 3316 3914 3357 ι
3949 3292 4016 3360 ἰῐι
4059 3292 4256 3360 inser-

2708 3423 2873 3467 num
2942 3422 3059 3468 eos
3108 3399 3509 3488 dejiciendO.
3589 3398 3749 3479 Job,
3792 3422 3932 3480 xxi,
3988 3400 4113 3467 30:
4169 3400 4253 3468 In

2706 3507 2887 3575 diem
2936 3508 3348 3599 perditionis
3409 3517 3725 3576 servatur
3769 3507 4021 3587 malus,
4064 3517 4128 3575 et
4164 3506 4261 3575 ad

2706 3616 2888 3684 diem
2931 3617 3196 3707 suroris
3255 3615 3566 3693 ducetur,
3600 3614 3873 3707 quando
3939 3614 4114 3683 dicet
4161 3615 4256 3684 eis

2706 3723 2870 3791 illud
2928 3722 3165 3791 Mattli.
3246 3746 3408 3803 xxv,
3443 3726 3581 3791 34:
3631 3723 3976 3793 Dis-cedite
4030 3746 4072 3789 a
4119 3745 4249 3801 me,

2706 3832 3085 3909 maledicti,
3129 3836 3199 3901 in
3229 3834 3456 3924 iqnem
3484 3842 3840 3900 eternum.

2797 3939 2879 4008 Et
2910 3941 3153 4010 merito
3175 3963 3294 4009 eos
3333 3940 3574 4030 perdes
3605 3962 3622 4009 ε
3677 3967 3711 4006 α
3749 3941 4089 4025 Quoniam
4130 3961 4251 4030 eqo

2700 4071 2933 4116 servus
2985 4058 3141 4116 tuus
3178 4071 3355 4125 sum,
3391 4073 3424 4114 ι
3476 4069 3683 4138 quem
3719 4049 3845 4139 ipsi
3900 4050 3991 4116 ita
4029 4048 4257 4114 tribu-

2706 4156 2872 4228 lant.
2908 4155 3187 4236 Servus,
3224 4158 3528 4246 inquam,
3574 4164 3757 4231 tuus.
3801 4178 3938 4224 non
3968 4156 4278 4246 peccati,

2705 4266 2830 4335 etsi
2875 4264 3241 4356 aliquando
3294 4264 3415 4331 fui.
3458 4262 3567 4331 Ad
3627 4263 3919 4335 Roman.
3968 4286 4065 4344 vi,
4118 4265 4250 4334 20:

2709 4375 2883 4445 Cum
2932 4372 3113 4441 servi
3157 4371 3382 4440 essetis
3427 4372 3720 4463 peccati,
3765 4370 3967 4439 liberi
4017 4372 4254 4460 fuistis

2691 4482 3020 4573 justiti-2.
3051 4481 3254 4551 Joan.
3295 4504 3442 4561 vui,
3476 4481 3605 4549 34:
3644 4481 3784 4566 Qui
3815 4480 3992 4570 facit
4009 4502 4259 4572 pecca-

2704 4601 2877 4666 tum.
2953 4611 3184 4656 servus
3240 4598 3337 4656 est
3381 4588 3672 4678 peccati.
3732 4585 3887 4655 Non
3957 4587 4250 4656 mundi:

2706 4696 2889 4787 quia,
2934 4693 3174 4764 Matth.
3217 4714 3313 4773 vt,
3358 4694 3469 4775 24,
3513 4692 3802 4760 dieitur:
3833 4694 4048 4762 Nemo
4089 4703 4256 4787 pot-

2702 4817 2798 4875 est
2851 4803 3117 4874 duobus
3146 4804 3446 4872 dominis
3469 4805 3744 4872 servire.
3782 4802 3936 4871 Non
3969 4807 4246 4889 ventris,

2702 4916 2876 4984 sicut
2924 4914 3048 4996 illi,
3082 4912 3164 4981 de
3204 4911 3452 5003 quibus
3505 4910 3776 4994 dicitur,
3819 4911 3903 4981 ad
3953 4911 4246 4981 Roman.

2703 5045 2843 5102 xvi,
2887 5023 2963 5090 18
3001 5044 3017 5088 ε
3070 5019 3574 5111 IIujuscemodi
3633 5020 3901 5089 Clu-isto
3950 5022 4249 5090 Domino

2701 5156 2838 5200 non
2860 5133 3190 5210 serviunt,
3219 5131 3344 5200 sed
3363 5154 3491 5200 suo
3517 5133 3760 5200 ventri.
3780 5130 3916 5199 Sed
3944 5154 4071 5223 ego
4097 5154 4251 5199 sum

2702 5263 2940 5310 servus
2969 5251 3152 5321 tuus,
3197 5239 3506 5332 Sapient.
3540 5263 3635 5319 xx,
3670 5242 3751 5308 5:
3804 5241 4052 5310 Servus
4098 5250 4255 5308 tuus

2697 5371 2854 5418 sum
2900 5371 3046 5439 eqo,
3089 5357 3154 5415 et
3197 5349 3396 5438 filius
3423 5347 3701 5417 ancillae
3752 5358 3911 5427 tuae,
3946 5349 4104 5439 quia
4133 5350 4256 5417 tibi

2700 5457 2955 5525 servire
3012 5465 3115 5524 est
3180 5480 3463 5549 regnare
3506 5455 3619 5524 hio
3657 5478 3779 5545 per
3832 5459 4147 5549 gratiam,
4182 5458 4253 5523 in

2701 5561 3039 5654 praesenti,
3084 5569 3151 5630 et
3197 5571 3497 5630 meretur
3560 5583 3851 5653 regnum
3896 5561 4128 5655 gloriae
4184 5563 4255 5629 in

2701 5671 2957 5750 tuturo,
2984 5669 3071 5738 ad
3098 5669 3285 5761 quod
3314 5692 3441 5738 nos
3469 5668 3821 5761 perducat,
3853 5680 3982 5742 etc.

4431 1374 4546 1441 12
