5008 6329
1815 398 2520 469 COMMENTARIUS
2567 399 2663 468 IN
2707 400 3149 479 PSALMUM
3199 415 3575 492 CXXXIV.

1133 572 1303 655 suiS‚
1336 598 1367 633 υ
1413 572 1688 641 tandem
1723 597 1756 638 α
1792 573 2290 664 deprecabitur,
2329 599 2362 635 »
2395 570 2526 639 hoc
2556 579 2680 651 est,

1135 681 1313 747 servi
1345 690 1832 749 convertentur
1861 681 1945 749 ad
1975 704 2157 758 eum,
2192 689 2257 748 et
2284 682 2507 768 ipsum
2539 701 2686 767 pre-

1134 787 1498 868 cabuntur,
1566 787 1672 854 vel
1740 787 2169 854 advocabunt
2255 808 2268 850 :
2343 785 2425 851 ad
2500 787 2682 874 ipsos

1135 893 1321 959 enim
1355 894 1425 959 in
1466 894 1599 960 line
1638 891 1877 959 mundi
1936 899 2390 968 convertetur,
2450 899 2518 957 et
2555 892 2681 982 ipsi

1132 999 1217 1066 ad
1256 998 1477 1066 illum.
1524 998 1653 1064 Isa.
1707 1021 1776 1075 x,
1820 1000 1899 1063 21
1959 1019 1973 1063 :
2034 997 2368 1088 Reliqui-se
2405 1022 2677 1066 conver-

1133 1115 1386 1181 tentur,
1460 1104 1796 1194 reliquiae,
1886 1107 2197 1196 inquam,
2282 1107 2498 1176 Jacob
2589 1108 2685 1174 ad

1131 1215 1360 1280 Deum
1395 1214 1674 1302 sortem.

1224 1554 1260 1590 α
1319 1528 1722 1597 Simulacra
1764 1528 2109 1595 Gentium.
2158 1551 2190 1591 ιο
2250 1525 2378 1594 Hic
2432 1548 2681 1594 secun-

826 1654 1048 1702 sanna·
1129 1633 1215 1701 da
1245 1657 1406 1723 pars
1445 1632 1837 1723 principalis
1874 1635 2078 1700 totius
2110 1632 2387 1710 Psalmi,
2434 1635 2500 1699 in
2543 1656 2672 1724 qua

780 1709 1100 1767 par-Pam.

1126 1749 1494 1832 postquam
1532 1741 1873 1830 praecessit
1907 1740 2217 1807 invitatio
2265 1739 2349 1807 ad
2404 1740 2672 1809 laudem

1127 1846 1278 1931 Dei,
1313 1847 1755 1937 subjungitur
1799 1846 2199 1915 idololatrioe
2255 1846 2609 1916 detestatio
2651 1871 2666 1916 ε

1121 1964 1185 2023 et
1225 1954 1548 2023 dicuntur
1594 1953 1755 2022 duo.
1800 1953 2056 2031 Primo,
2116 1954 2470 2022 detestatio
2518 1956 2669 2024 ido-

1115 2061 1371 2130 lorum.
1428 2060 1771 2139 SecundO,
1835 2063 2053 2128 irrisio
2130 2060 2664 2143 idololatrarum,

1116 2171 1236 2249 ibi,
1276 2178 1343 2247 ἵ.
1388 2172 1466 2238 18
1503 2194 1519 2238 ε
1559 2196 1593 2235 ι
1634 2170 1917 2239 Similes
1946 2169 2118 2236 illis.
2167 2194 2200 2235 n

1202 2278 1280 2344 ln
1322 2278 1546 2367 prima
1583 2275 1747 2344 dun.
1801 2274 2059 2359 Primo,
2096 2275 2388 2342 ostendit
2425 2277 2667 2344 oculo-

1117 2408 1269 2452 rum
1298 2385 1673 2453 vanitatem
1742 2383 1812 2450 in
1868 2406 1965 2462 se,
2007 2391 2073 2450 et
2128 2383 2461 2468 absolute,
2504 2387 2663 2475 quia

1113 2493 1402 2562 omnino
1441 2501 1602 2560 sunt
1630 2494 1777 2560 sine
1825 2493 1986 2559 vita.
2023 2490 2364 2571 Secund0,
2398 2493 2665 2562 inutili-

1111 2611 1351 2682 tatem,
1382 2604 1545 2694 quia
1569 2603 1715 2670 sine
1754 2625 1957 2670 sensu
1987 2610 2145 2670 sunt
2181 2610 2247 2672 et
2285 2611 2502 2682 motu,
2536 2603 2657 2683 ibi,

1107 2717 1173 2787 Ἰ.
1224 2712 1305 2777 16
1349 2732 1366 2777 ;
1418 2739 1451 2772 «
1500 2711 1591 2779 Os
1627 2707 1901 2776 liabent.
1945 2733 1976 2774 ο

1199 2817 1280 2886 In
1337 2820 1561 2910 prima
1610 2818 1909 2887 ostendit
1963 2819 2328 2886 vanitatem
2381 2842 2420 2887 a
2470 2827 2658 2910 parte

1106 2949 1329 2996 causae
1372 2926 1765 2995 materialis.
1810 2925 2150 3007 Secundo,
2184 2949 2224 2995 a
2265 2936 2452 3018 parte
2490 2951 2659 2996 cau-

1105 3057 1197 3104 sae
1227 3034 1612 3117 efficientia,
1665 3033 1783 3111 ibi,
1823 3060 1857 3099 ι
1903 3034 2125 3126 Opera
2155 3057 2513 3105 manuum.
2560 3061 2594 3102 ι

1192 3140 1379 3211 Dicit
1414 3163 1579 3232 ergo
1613 3162 1630 3210 ε
1686 3138 1802 3209 Sic
1850 3140 1936 3208 ad
1973 3140 2385 3210 laudandum
2436 3142 2654 3213 Deum

1102 3251 1345 3328 invito,
1406 3259 1475 3317 et
1546 3250 1768 3339 ipsum
1836 3246 2062 3326 lande,
2132 3272 2264 3317 non
2332 3249 2653 3319 Gentium

1098 3356 1292 3436 deos,
1328 3359 1491 3449 quia
1526 3382 1559 3422 ι
1590 3353 1972 3424 simulacra
2032 3356 2350 3425 Gentium
2408 3384 2444 3420 ι»
2495 3367 2655 3426 sunt

1103 3492 1136 3532 ι
1179 3476 1548 3557 arqenlum
1605 3473 1670 3533 el
1708 3485 1988 3547 aurum,
2046 3491 2075 3527 ι
2127 3486 2264 3532 non
2320 3466 2647 3545 viventia,

1099 3576 1240 3642 imo
1289 3573 1705 3640 vilissimum
1763 3571 2203 3652 elementum,
2265 3574 2423 3664 quia
2473 3582 2649 3643 terra

1097 3689 1258 3749 sunt
1318 3701 1336 3748 ε
1381 3702 1629 3748 aurum
1682 3679 1866 3748 enim
1906 3687 1972 3746 et
2024 3688 2406 3770 argentum,
2476 3680 2648 3750 nihil

1096 3786 1284 3856 aliud
1336 3796 1501 3856 sunt
1538 3808 1748 3878 quam
1787 3794 1987 3856 terra.
2046 3785 2300 3857 Jerem.
2345 3810 2438 3872 iv,
2496 3789 2584 3858 23
2629 3813 2645 3857 :

1094 3896 1405 3989 Adspezi
1424 3906 1707 3976 terram,
1737 3906 1800 3962 e!
1824 3917 1967 3962 ecce
2002 3917 2218 3962 vacua
2245 3904 2416 3980 erat,
2454 3907 2522 3964 et
2547 3898 2653 3966 ni·

1094 4001 1253 4069 hili.
1290 3998 1589 4080 Baruch,
1621 4021 1718 4082 vi,
1742 3999 1783 4067 3
1815 4018 1834 4068 ε
1890 3997 2211 4067 videbitis
2239 4002 2309 4067 in
2335 3998 2651 4093 Babylo-

1095 4110 1216 4178 nia
1256 4107 1419 4176 deos
1457 4128 1703 4174 aureos
1742 4116 1807 4173 et
1834 4115 2209 4197 arqenleos.

1187 4345 1220 4385 ι
1258 4320 1488 4411 Opera
1519 4338 1884 4386 nzataeuum.
1931 4340 1962 4381 ο
2015 4315 2185 4385 Ecce
2239 4315 2642 4390 secundum.

1090 4424 1303 4506 Quasi
1358 4424 1614 4493 diceret
1659 4446 1676 4491 :
1740 4421 1897 4491 Non
1935 4431 2200 4492 tantum
2255 4432 2412 4492 sunt
2468 4434 2647 4495 terra

1090 4535 1496 4618 vanissima,
1555 4532 1675 4601 sed
1713 4532 1920 4601 etiam
1985 4541 2143 4601 sunt
2184 4559 2217 4599 ι
2259 4555 2464 4625 opera
2500 4558 2643 4603 ma·

1091 4667 1310 4713 nuum
1339 4643 1729 4712 hominum.
1776 4666 1812 4705 ιο
1854 4639 2144 4709 Multum
2210 4665 2372 4734 ergo
2437 4667 2640 4724 vana,

1092 4774 1250 4824 cum
1279 4751 1497 4821 homo
1529 4773 1669 4819 non
1697 4758 1962 4819 tantum
2001 4773 2251 4818 vanum
2308 4753 2472 4844 quid
2526 4756 2638 4835 sit,

1096 4862 1237 4928 imo
1267 4858 1541 4927 vanitas
1587 4858 1759 4949 ipsa.
1794 4855 1975 4926 l‘sal.
2037 4879 2320 4936 xxxvnu,
2354 4861 2394 4926 6
2427 4884 2445 4927 :
2522 4864 2578 4930 V
2603 4903 2644 4917 -

1094 4978 1485 5038 rumtamen
1525 4965 1843 5033 universa
1872 4964 2402 5042 vanitas-,omnis
2437 4965 2640 5036 homo

1093 5079 1344 5147 vivens.
1380 5072 1465 5141 Et
1498 5072 1639 5163 ipse
1669 5070 1829 5139 facit
1855 5070 2215 5139 simulacra
2249 5094 2266 5139 ε
2300 5094 2463 5163 ergo
2494 5074 2641 5165 ipsa

1093 5183 1312 5254 multo
1351 5181 1661 5249 vaniora.
1705 5177 1904 5259 Osee,
1948 5200 2091 5259 vui,
2126 5179 2165 5246 4
2205 5198 2223 5248 :
2261 5182 2639 5271 Arqmtum

1089 5313 1325 5372 suum,
1359 5299 1423 5358 et
1462 5307 1716 5357 aurum
1752 5287 2063 5376 fecerunt
2087 5286 2225 5355 sibi
2288 5286 2501 5369 idola,
2564 5300 2641 5357 ut

1091 5398 1472 5467 interirent.
1510 5390 1804 5471 Baruch,
1835 5415 1930 5471 vn,
1972 5393 2094 5463 46:
2128 5394 2439 5484 Artifices
2478 5396 2635 5490 ipsi,

1090 5506 1214 5598 qui
1260 5527 1342 5572 ea
1387 5504 1691 5592 jaciunt,
1741 5522 1877 5568 non
1920 5512 2082 5569 sunt
2128 5503 2336 5571 multi
2373 5514 2640 5597 tempo-

1092 5616 1189 5685 ris
1232 5636 1256 5681 .·
1308 5607 1663 5701 numquid
1693 5632 1853 5700 erqo
1881 5620 2170 5699 possunt
2197 5634 2300 5691 ea,
2333 5634 2483 5704 quae
2516 5614 2641 5703 sa-

1097 5722 1363 5793 bricam
1387 5727 1553 5786 sunl
1581 5715 1668 5784 ab
1701 5716 1891 5807 ipsis,
1923 5738 2061 5783 esse
2086 5714 2252 5784 dii?

1356 5883 1479 5927 xvi!

2785 790 3127 877 mitatem,
3162 809 3228 867 et
3267 800 3398 872 hoc
3428 830 3551 896 per
3574 818 3947 886 carentiam
3989 844 4342 895 sensuum.

2785 898 3021 972 Primo
3052 929 3217 999 ergo
3259 916 3554 987 ostendit
3593 943 3712 990 eos
3751 948 3981 996 carere
4033 935 4347 1003 sensibus

2785 1009 3186 1081 animalium
3226 1019 3440 1088 vitam
3471 1027 3842 1113 perfectam
3911 1032 4341 1108 habentium.

2787 1111 3128 1197 SecundO,
3165 1119 3567 1198 habentium
3593 1134 4088 1225 imperfectam,
4119 1143 4242 1228 ibi,
4276 1148 4346 1214 in

2785 1222 3009 1290 medio
3047 1232 3111 1301 5.
3172 1230 3249 1296 17

2781 1335 2913 1395 tus.
2965 1354 2998 1395 n

2867 1434 2948 1503 In
3012 1441 3235 1529 prima
3299 1447 3458 1516 du'o.
3523 1452 3785 1537 Primo,
3859 1463 4043 1551 quod
4112 1476 4344 1537 carent

2779 1544 3090 1614 sensibus
3128 1551 3531 1625 animalium
3569 1564 3938 1651 perfectam
3968 1572 4182 1639 vitam
4215 1572 4344 1642 ha-

2777 1647 3086 1720 bentium
3153 1660 3692 1738 rationabilium.
3758 1671 4103 1758 Secunde,
4176 1682 4343 1750 irra-

2781 1757 3238 1845 tionabilium,
3281 1767 3397 1849 ibi,
3449 1800 3481 1839 α
3521 1776 3775 1847 Oculos
3811 1783 4088 1854 liabent.
4128 1813 4161 1854 n

2776 1971 2789 1984 ·
2859 1863 3044 1936 Dicit
3098 1893 3264 1963 ergo
3319 1899 3335 1944 ε
3392 1878 3508 1948 Sic
3555 1885 3627 1950 in
3675 1909 3745 1955 se
3790 1911 3971 1959 vana
4022 1905 4209 1980 sunt,
4269 1909 4338 1969 et

2773 1973 3041 2042 inutilia
3088 1981 3319 2060 etiam,
3380 1989 3540 2077 quia
3581 2017 3615 2056 ι
3660 2017 3736 2060 os
3779 1995 4058 2080 liabent,
4096 2027 4129 2068 ιο
4203 2004 4339 2075 hoc

2769 2089 2893 2162 est,
2930 2083 3068 2151 oris
3096 2088 3643 2176 similitudinem,
3681 2128 3718 2165 α
3759 2113 3824 2169 et
3859 2128 3998 2174 non
4044 2109 4336 2202 loquen-

2767 2196 2906 2270 tur,
2952 2215 2988 2254 ιο
3019 2199 3373 2286 tamquam
3406 2205 3862 2278 rationabilia.
3900 2212 4198 2285 Baruch.
4232 2244 4326 2299 v1,

2767 2295 2804 2360 ‘1
2889 2299 3168 2390 Linque
3199 2308 3503 2395 ipsorum
3524 2316 3758 2404 polita
3789 2343 3832 2386 α
3860 2321 4069 2409 fabro
4111 2350 4134 2393 .·
4175 2329 4328 2419 ipsa

2762 2412 2973 2471 etiam
3048 2409 3380 2481 inaurata
3445 2428 3509 2485 et
3589 2422 4061 2516 inarqentata,
4129 2434 4325 2522 salsa

2759 2520 2945 2590 sunt,
2990 2525 3055 2583 et
3081 2539 3217 2585 non
3243 2535 3543 2613 possunt
3574 2527 3791 2620 loqui.

3315 1255 3331 1299 :
3389 1261 3418 1297 ι
3468 1240 3708 1330 Neque
3752 1248 3937 1314 enim
3984 1259 4082 1317 est
4125 1255 4346 1344 spiri-

2862 2749 2892 2785 «
2926 2725 3178 2797 Oculos
3233 2732 3508 2804 habent.
3574 2764 3607 2805 »
3679 2742 3808 2812 Hic
3847 2750 4146 2820 ostendit
4202 2776 4320 2824 eos

2760 2853 2987 2901 carere
3060 2841 3373 2910 sensibus
3447 2849 3854 2921 animalium
3891 2855 4324 2930 irrationabi-

2758 2937 2926 3007 lium
2971 2964 2988 3010 :
3022 2952 3088 3012 et
3126 2944 3234 3014 his
3264 2947 3676 3042 duplicibuS,
3709 2962 3861 3029 visu
3903 2966 4188 3053 scilicet,
4253 2980 4322 3040 et

2757 3045 3018 3128 auditu,
3072 3055 3474 3140 secundum,
3535 3062 3656 3147 ibi,
3707 3095 3741 3128 κ
3787 3070 4010 3141 Aures
4036 3072 4316 3157 habent,

2756 3164 2821 3222 et
2846 3179 2985 3224 non
3021 3161 3329 3233 audient.
3369 3192 3403 3233 ι

2843 3262 3026 3334 Dicit
3054 3291 3218 3362 ergo
3263 3295 3279 3340 :
3318 3272 3434 3344 Sic
3472 3278 3641 3365 dixi,
3686 3284 3873 3374 quod
3904 3310 3983 3357 os
4028 3288 4312 3378 habent,

2754 3377 2819 3437 et
2841 3393 2981 3441 non
3019 3373 3411 3467 loquentur,
3445 3394 3513 3453 et
3538 3411 3571 3451 ι
3605 3390 3842 3459 oculos
3868 3394 4147 3478 habent,
4187 3426 4219 3467 n
4245 3403 4314 3472 id

2751 3486 2876 3557 est,
2947 3482 3467 3558 similitudinem
3523 3495 3910 3581 oculorum,
3980 3532 4016 3567 α
4076 3517 4142 3574 et
4177 3532 4314 3579 non

2751 3586 3099 3661 videbunt.
3147 3617 3181 3658 ι
3243 3593 3551 3688 Sapient.
3607 3626 3724 3684 xv,
3804 3610 3881 3676 15
3954 3632 3972 3677 :

2748 4228 2831 4299 lis
2860 4255 3000 4303 nou
3029 4243 3340 4321 utuntur,
3365 4251 3433 4312 et
3455 4247 3663 4315 etiam
3688 4250 3997 4322 «liabent
4015 4279 4247 4340 aures,
4267 4286 4299 4326 u

2747 4340 2929 4409 veris
2956 4344 3239 4415 auribus
3268 4349 3553 4433 similes,
3592 4379 3626 4422 ι
3659 4368 3725 4426 et
3751 4382 3889 4429 non
3919 4364 4233 4435 audient.
4267 4397 4297 4434 υ

2750 4445 3059 4539 Sapient.
3091 4475 3209 4534 κν,
3261 4457 3339 4525 15
3373 4480 3390 4525 :
3423 4460 3683 4554 Neque,
3718 4468 3987 4560 supple,
4020 4483 4184 4544 sunt
4232 4475 4310 4545 il·

2746 4553 2854 4634 lis,
2896 4580 3100 4627 aures
3135 4562 3235 4629 ad
3267 4566 3721 4640 audiendum.

2839 4689 2872 4729 ι
2921 4665 3158 4759 Neque
3211 4671 3392 4739 enim
3450 4684 3550 4742 est
3584 4680 3902 4770 spiritus,
3939 4710 3973 4751 ι
4046 4689 4304 4772 vitalis,

2757 4800 2789 4838 ι
2836 4776 2905 4843 in
2953 4799 3072 4844 ore
3104 4779 3444 4870 ipsorum,
3491 4811 3523 4846 »
3588 4787 3656 4856 in
3707 4788 3901 4874 facie,
3944 4802 4022 4863 ut
4060 4819 4306 4869 sensus

2744 4879 3011 4972 aliquos
3041 4883 3155 4953 det
3182 4887 3303 4965 eis,
3347 4891 3525 4960 sicut
3582 4903 3684 4963 est
3747 4899 3991 4970 saltem
4033 4903 4106 4973 in
4150 4908 4308 4975 ani-

2744 4988 3038 5058 malibus
3100 4992 3539 5083 imperfectis,
3591 5024 3747 5094 quae
3804 5008 4125 5099 spiritum
4183 5012 4305 5084 ba-

2743 5096 2928 5179 bent,
2975 5095 3255 5190 aliquod
3302 5102 3709 5178 alimentum
3748 5112 3835 5181 ad
3881 5118 4098 5187 vitam
4156 5144 4304 5191 sus-

2740 5205 3135 5275 tentandam
3165 5209 3650 5285 attrahentem.
3698 5217 3955 5290 Jerem.
4026 5248 4099 5307 x,
4164 5230 4296 5299 14:

2739 5314 2895 5380 Non
2951 5323 3051 5381 est
3101 5317 3392 5406 spiritus
3433 5321 3504 5387 in
3551 5322 3671 5390 eis.
3715 5324 3802 5394 Et
3841 5350 4107 5416 rursus,
4177 5337 4304 5406 ibi-

2740 5419 2919 5497 dem,
2971 5428 3036 5498 5.
3087 5423 3166 5490 15
3209 5442 3228 5492 ε
3306 5425 3493 5493 Vana
3546 5440 3734 5509 sunl,
3795 5445 3861 5503 et
3917 5460 4093 5530 opus
4154 5445 4299 5512 risu

2738 5527 3054 5617 diqnum.
3122 5527 3326 5598 Joan.
3399 5554 3490 5610 iv,
3562 5537 3650 5600 24
3722 5561 3738 5605 :
3820 5543 4131 5634 Spiritus
4204 5559 4301 5616 est

2739 5636 2948 5701 Deus.
2996 5633 3067 5701 Si
3101 5658 3265 5726 ergo
3295 5638 3572 5727 spiritus
3604 5644 3672 5709 in
3714 5647 3812 5713 eis
3853 5671 3990 5717 non
4033 5662 4159 5729 est,
4206 5655 4297 5722 «lii

2737 5764 2877 5809 non
2906 5751 3090 5809 sunt.
3141 5741 3255 5811 Sic
3285 5746 3370 5812 ad
3411 5744 3732 5818 litteram.

3955 5896 4023 5948 27
