5008 6329
696 301 780 366 88
1669 299 1753 368 D,
1810 298 2006 364 ALB.
2061 297 2252 365 MAG

697 468 848 557 ejus
921 483 1278 563 tempestas
1356 471 1617 538 valida.
1699 469 1944 538 Nullus
2023 480 2244 561 potest

695 573 942 646 habere
1016 602 1250 669 pacem
1318 600 1472 644 cum
1551 576 1691 644 illo.
1776 577 2049 645 Salsum
2125 603 2244 669 per

696 687 1071 765 avaritiam,
1115 709 1249 776 qua
1308 698 1575 776 semper
1637 688 1777 753 sitit
1834 708 2129 755 avarus:
2177 696 2239 754 et

695 815 829 882 quo
895 794 1045 883 plus
1124 799 1325 882 potae,
1406 793 1558 883 plus
1625 796 1948 862 sitiuntur
2013 817 2234 884 aquae.

689 899 989 977 Joan.1v,
1015 900 1090 966 13
1116 899 1392 969 :Omnis
1412 902 1724 992 quibibit
1754 925 1838 968 ι’,ι-
1866 926 2051 991 aqua
2080 903 2232 978 liae,

688 1008 869 1073 sitiet
925 1009 1191 1076 iterum.
1246 1008 1672 1077 Profundum
1729 1031 1853 1097 per
1882 1008 2229 1075 acediam:

688 1112 800 1179 ubi
833 1116 1012 1183 enim
1048 1117 1215 1186 bene
1274 1117 1691 1208 profundum
1734 1125 1830 1183 est
1893 1139 2105 1195 mare,
2144 1115 2233 1181 ibi

687 1220 948 1289 stabile.
988 1223 1240 1291 Jerem.
1274 1247 1440 1302 xvix,
1476 1226 1516 1290 9
1551 1244 1568 1291 :
1621 1225 1932 1289 Pracum
1991 1233 2089 1288 cst
2121 1244 2236 1288 cor

687 1333 1016 1416 omnium,
1071 1343 1134 1398 et
1203 1332 1669 1410 inscrutabile.
1751 1330 2007 1398 Verum
2078 1339 2226 1398 est:

684 1437 1030 1505 acediosus
1059 1461 1198 1506 non
1257 1440 1516 1507 invenit
1557 1440 1626 1506 in
1683 1462 1753 1506 se
1785 1438 2225 1528 profundum.

679 1543 1067 1614 Absorbens
1107 1547 1337 1614 omnia
1394 1570 1516 1638 per
1569 1546 1829 1637 gulam,
1894 1546 2024 1613 isa.
2085 1569 2225 1623 xiv,

682 1654 806 1720 29:
839 1655 934 1720 Ec
977 1678 1196 1722 semen
1229 1655 1408 1744 ejus,
1452 1653 1703 1722 diaboli
1747 1652 2026 1730 seilicet,
2101 1653 2230 1719 ab-

677 1760 947 1829 sorbens
1022 1762 1385 1830 volucrem.
1435 1763 1594 1842 Job,
1666 1785 1773 1845 xi„
1821 1763 1935 1827 18:
1973 1761 2230 1828 Absor-

683 1867 858 1937 bebit
891 1870 1213 1958 fluvium,
1259 1883 1322 1938 et
1359 1894 1495 1938 non
1537 1869 1933 1945 mirabitur,
1991 1870 2056 1935 id
2098 1877 2223 1946 est,

678 1999 756 2043 ea
793 1999 942 2068 quae
1008 1985 1166 2044 sunt
1232 1979 1300 2044 in
1341 1979 1568 2046 fluviis
1636 1978 1892 2046 omnia.
1960 1975 2228 2044 Foetens

674 2106 797 2173 per
831 2083 1197 2164 luxuriam,
1250 2086 1491 2163 AmOS,
1529 2108 1621 2167 iv,
1662 2087 1742 2152 10
1779 2108 1793 2151 :
1857 2085 2230 2153 Ascendere

676 2192 813 2281 leci
841 2193 1275 2283 putredinem
1305 2204 1686 2260 castrorum
1742 2204 2111 2262 vestrorum
2157 2195 2224 2259 in

678 2321 876 2368 nares
927 2311 1229 2368 vestras:
1273 2310 1336 2367 et
1399 2325 1534 2368 nou
1601 2301 1871 2368 redistis
1938 2300 2033 2368 ad
2094 2324 2222 2378 me,

682 2404 845 2474 dicit
883 2410 1243 2476 Dominus.
1278 2407 1364 2476 Et
1394 2409 1673 2501 quidam
1694 2409 1863 2477 dixit
1893 2433 1908 2477 ε

752 2680 964 2748 inlicit,
995 2688 1055 2738 et
1084 2681 1268 2749 soetet,
1300 2679 1542 2753 quaudo
1575 2686 1847 2753 patratur
1872 2697 2045 2752 opus.

771 2945 828 3014 11
851 2945 1156 3016 Machab.
1187 2968 1283 3028 tx,
1307 2948 1349 3015 9
1376 2969 1392 3014 ε
1416 2948 1528 3014 Ita
1552 2955 1740 3015 ut....
1774 2945 1980 3012 odore
2000 2944 2222 3022 illius,

679 3056 932 3125 scilicet
959 3052 1309 3140 Antiochi,
1341 3064 1405 3121 et
1430 3056 1674 3146 soetore
1707 3057 2043 3122 ezercitus
2069 3078 2228 3145 yra-

680 3177 971 3237 caretur.

669 3399 679 3410 ·
769 3404 802 3443 ιι
848 3380 940 3447 Et
1010 3379 1301 3448 dedusit
1364 3402 1497 3447 eos.
1537 3404 1571 3443 ι
1637 3375 1803 3447 Ecce
1851 3379 2224 3447 secundum

678 3484 1105 3558 beneficium.
1160 3488 1368 3567 Quasi
1417 3486 1711 3555 diceret:
1758 3486 1870 3552 Sic
1922 3488 2226 3583 essicca-

676 3596 822 3665 vit:
870 3621 904 3663 «t
963 3607 1026 3665 et
1056 3604 1217 3664 tunc
1263 3594 1555 3663 deduxit
1592 3618 1703 3662 eas
1746 3595 1816 3662 in
1846 3592 2140 3685 abyssis,
2186 3620 2220 3659 ι

677 3706 849 3775 inter
886 3729 1094 3798 aquas
1122 3703 1373 3774 scilicet
1406 3701 1995 3795 profundissimas,
2030 3731 2067 3768 ιι
2098 3706 2224 3772 sic·

676 3816 858 3883 utin
924 3814 1205 3893 deserto,
1257 3839 1292 3877 ι
1338 3813 1428 3881 ita
1485 3813 1741 3881 scilicet
1777 3814 1956 3881 sicco
2023 3812 2257 3905 pede..

674 3948 751 3994 ac
789 3927 843 3993 si
884 3935 1104 3994 essent
1160 3926 1228 3993 in
1298 3924 1591 3994 deserto.
1656 3923 1870 3993 Exocl.
1920 3947 2035 4003 xv,
2096 3927 2215 3992 ¹9:

671 4033 846 4102 Filii
906 4030 1126 4101 Israel
1173 4030 1706 4101 ambulaverunt
1754 4055 1882 4124 per
1937 4032 2216 4101 siccum.

673 4137 799 4209 Isa.
846 4162 1026 4218 thn,
1081 4140 1200 4207 ¹3:
1243 4138 1517 4208 Eduxit
1575 4162 1685 4205 eas
1738 4162 1866 4231 per
1909 4137 2215 4229 abyssos,

671 4246 873 4339 quasi
897 4267 1150 4337 equum
1200 4246 1271 4314 in
1327 4244 1586 4314 deserto
1644 4269 1778 4314 nou
1829 4247 2222 4337 impiuqen-

672 4363 829 4422 tem.

771 4673 923 4741 «Et
961 4668 1284 4739 salvavit.
1322 4696 1357 4732 n
1416 4667 1546 4738 nio
1581 4669 1885 4759 tangitur
1938 4669 2214 4738 tertium

671 4781 1098 4865 beneficium,
1155 4779 1409 4848 scilicet
1475 4776 1787 4847 liberatio
1849 4777 1933 4846 ab
1996 4778 2217 4850 hosti-

671 4891 938 4961 hustet
981 4891 1283 4982 tangitur
1327 4889 1551 4981 primo
1596 4888 1905 4957 liberatio
1952 4890 2039 4956 ab
2080 4891 2217 4958 ini-

669 4999 864 5068 micis
913 4995 1342 5091 generaliter.
1402 4996 1745 5078 Secundo,
1810 5019 1850 5064 a
1905 4994 2212 5067 dominio

667 5120 735 5181 et
793 5116 1125 5203 potestate
1191 5106 1572 5176 Pharaonis
1633 5107 2038 5199 specialiter,
2087 5108 2209 5196 ibi,

670 5245 705 5288 ι
746 5222 843 5290 Et
869 5219 1175 5289 redemit.
1221 5244 1256 5284 ι

749 5330 933 5401 Dicit
975 5351 1177 5421 ergo:
1225 5326 1343 5398 Sic
1388 5351 1576 5397 mare
1623 5326 1878 5408 divisit,
1939 5328 2035 5396 sic
2090 5351 2211 5421 per

665 5435 833 5509 illud
859 5456 977 5505 eos
1029 5433 1250 5518 duxit,
1284 5460 1317 5496 «ι
1353 5444 1418 5500 et
1466 5459 1500 5498 ι
1543 5433 1641 5501 sic
1680 5460 1717 5497 α
1763 5431 2065 5501 salvavit
2102 5458 2211 5501 eos

664 5545 751 5616 de
772 5564 1011 5621 manu,
1038 5565 1070 5605 ο
1114 5538 1184 5607 id
1231 5544 1354 5618 est,
1391 5536 1475 5607 de
1522 5545 1861 5632 potestate
1895 5566 1932 5603 α
1967 5539 2211 5609 odien-

664 5658 862 5728 tium.
897 5678 932 5721 ι
963 5648 1182 5722 Exod.
1225 5649 1488 5731 xixa-30
1520 5672 1536 5718 :
1576 5647 1926 5721 Liberavit
1976 5650 2211 5721 Domi-

2333 298 2539 366 ORD.
2594 299 2890 367 PRAED.

2351 495 2483 538 nus
2517 472 2586 537 in
2627 469 2738 536 die
2778 469 2907 535 illa
2959 468 3172 535 Israel
3207 468 3287 535 de
3342 492 3552 535 mmm
3611 469 3893 559 AEqyp-

2351 581 2632 647 tiorum.

2443 719 2474 752 «
2514 694 2602 758 Et
2660 689 2945 758 redemit
2974 712 3103 766 ρος,
3153 714 3184 752 »
3238 688 3302 754 id
3359 697 3484 772 est,
3533 711 3611 755 ac
3639 688 3694 754 si
3735 685 3892 754 red-

2348 803 2645 886 emisset,
2680 799 2992 869 liberavit
3045 829 3077 863 «
3124 801 3205 866 de
3261 821 3471 866 manu
3512 799 3796 874 inimici,
3852 823 3884 860 »

2349 912 2726 980 Pharaonis
2784 912 3058 981 scilicet.
3108 909 3323 979 Exod.
3374 933 3487 988 xv,
3540 910 3660 975 13:
3721 910 3890 975 Dua·

2340 1022 2551 1109 suisti
2603 1025 2673 1090 in
2730 1022 3197 1091 misericordia
3256 1031 3375 1089 tua
3436 1016 3698 1110 populo
3769 1027 3886 1083 tuo

2342 1151 2543 1216 quem
2569 1129 2939 1197 redemisti.
2978 1129 3091 1197 Sic
3118 1127 3420 1196 Christus
3451 1128 3780 1214 sanguine
3814 1123 3884 1193 iu

2337 1236 2658 1323 passione
2716 1259 2840 1303 sua
2878 1259 3001 1303 nos
3049 1234 3379 1312 liberavit,
3443 1241 3771 1322 quantum
3814 1233 3881 1297 in

2338 1364 2408 1410 se
2449 1341 2600 1424 fuit,
2662 1344 2781 1410 etsi
2815 1344 3026 1411 simus
3066 1343 3135 1410 in
3175 1341 3484 1431 peccatis,
3530 1338 3613 1406 ab
3654 1340 3882 1405 inimi-

2338 1454 2456 1534 οἰδ,
2501 1462 2568 1521 et
2599 1455 2884 1522 redemit
2914 1454 2995 1522 de
3024 1461 3350 1545 potestate
3382 1450 3659 1519 diaboli.
3697 1448 3876 1516 Psal.

2336 1586 2522 1646 xmu,
2584 1567 2667 1631 8:
2721 1563 3033 1632 Salvasti
3078 1587 3199 1630 nos
3251 1562 3333 1629 de
3401 1559 3882 1651 aslliqevitibus

2337 1696 2482 1755 uos,
2526 1681 2589 1738 et
2617 1671 3053 1738 odientesnos
3071 1669 3468 1758 confudisti.
3504 1667 3698 1746 Osee,
3735 1690 3879 1746 xnt,

2343 1779 2423 1844 14
2484 1801 2498 1846 :
2567 1781 2668 1846 De
2722 1801 2937 1845 manu
2976 1779 3214 1844 mortis
3272 1774 3574 1842 liberabo
3624 1798 3758 1852 εοε,
3802 1773 3884 1841 de

2335 1896 2553 1953 morte
2581 1885 2915 1952 redimam
2948 1907 3081 1952 cos.
3116 1883 3268 1963 Quo
3299 1886 3333 1951 *Ρ
3371 1883 3699 1973 sanguine
3731 1905 3885 1972 pro·

2334 1998 2486 2087 prio
2537 1998 2862 2088 pretioso,
2907 1995 2935 2062 1
2992 1995 3174 2065 Petr.
3221 2020 3265 2074 1,
3324 1996 3445 2062 18:
3501 1996 3652 2063 Non
3702 1994 3882 2061 enim

2334 2106 2904 2198 corruptibilibus
2979 2129 3150 2174 auro
3232 2104 3337 2172 vel
3400 2116 3680 2195 arqeuto
3738 2103 3882 2171 red·

2334 2215 2549 2304 empti
2576 2214 2758 2293 estiS,
2800 2223 2923 2284 etc.

2428 2550 2462 2585 α
2495 2522 2593 2589 ΕΙ
2621 2521 2889 2612 operuit
2917 2543 3125 2614 aqua.
3164 2546 3195 2585 ι
3249 2521 3376 2590 Hic
3420 2532 3521 2590 est
3563 2533 3880 2614 quartum

2334 2629 2769 2707 beneficium,
2812 2628 3061 2697 scilicet
3104 2628 3532 2698 inimicorum
3588 2653 3771 2699 mors
3815 2638 3882 2696 et

2337 2735 2631 2803 occisio:
2668 2743 2732 2803 et
2783 2743 3151 2827 tanguntur
3197 2736 3357 2804 duo.
3395 2734 3768 2804 occisionis
3817 2746 3882 2804 et

2337 2843 2579 2909 mortis
2605 2840 2921 2932 qualitas,
2952 2844 3110 2934 quia
3139 2843 3494 2910 submersi.
3534 2843 3876 2917 Secundo,

2337 2953 2719 3020 occisorum
2764 2951 3193 3044 generalitas,
3261 2954 3378 3037 ibi,
3445 2988 3472 3012 ·
3543 2955 3733 3022 L'nus
3797 2977 3884 3021 ea:

2336 3061 2455 3129 οἰδ.
2494 3087 2526 3122 n

2429 3168 2605 3238 Dicit
2662 3169 3048 3262 ergotSic
3111 3178 3270 3239 sunt
3329 3169 3640 3239 liberati:
3714 3195 3749 3238 ι
3819 3180 3883 3239 et

2334 3274 2631 3365 operuit,
2669 3299 2704 3339 ι
2757 3282 3103 3365 tamquam
3145 3274 3435 3343 multum
3492 3274 3871 3354 abundans,

2347 3407 2377 3442 α
2405 3402 2591 3471 aqua
2631 3379 3067 3463 tribulantes,
3112 3380 3499 3451 »tribulare
3537 3381 3872 3460 volentes,

2337 3511 2370 3550 ι
2413 3508 2546 3552 eos.
2585 3512 2620 3552 ι
2681 3484 2898 3556 Exod.
2956 3509 3097 3568 xiv,
3155 3489 3281 3555 28:
3353 3489 3655 3556 Iteeersae
3715 3496 3879 3555 sunt

2332 3619 2556 3688 aqu-ve,
2589 3606 2655 3665 et
2681 3605 3093 3690 operuerunt
3127 3619 3370 3666 currus
3391 3620 3414 3666 .·
3542 3622 3661 3667 nec
3699 3621 3877 3667 tenus

2329 3704 2608 3795 quidem
2663 3706 3014 3799 superfuit
3062 3728 3147 3773 ez·
3172 3706 3292 3774 eis.
3351 3704 3498 3774 Iloc
3544 3713 3644 3774 est
3691 3704 3876 3798 quod

2329 3816 2641 3907 sequitur
2667 3812 2803 3898 hic,
2849 3841 2882 3880 ι
2935 3838 3110 3883 uuus
3146 3840 3232 3883 ea·
3268 3817 3362 3883 eis
3407 3840 3541 3883 non
3599 3837 3876 3884 reman-

2324 3923 2440 3990 sit.
2485 3950 2518 3982 ι
2559 3918 2675 3990 Sic
2710 3920 3149 4013 spiritualiter
3176 3921 3244 3990 in
3274 3924 3470 4014 aquis
3498 3921 3876 4014 baptisma-

2329 4033 2415 4101 tis
2446 4052 2641 4123 aqua·
2680 4030 3160 4124 lacrymarum,
3194 4055 3343 4124 quoe
3375 4034 3510 4102 vim
3552 4032 3873 4103 habenta

2327 4138 2577 4207 Christi
2645 4139 2988 4231 passione,
3029 4138 3370 4208 sufficiunt
3420 4139 3502 4208 ad
3584 4140 3874 4210 deletio-

2327 4269 2486 4315 nem
2544 4246 2771 4315 omnis
2816 4245 3057 4338 culpae.
3123 4245 3385 4326 Judith,
3445 4270 3513 4325 v,
3569 4248 3701 4316 ¹3:
3766 4250 3875 4317 Ita

2326 4355 2529 4446 aquis
2591 4363 2944 4446 coopertus
2998 4363 3118 4435 est,
3178 4366 3257 4423 ut
3313 4377 3447 4422 nou
3497 4366 3874 4425 remaneret

2325 4461 2438 4530 ce!
2472 4484 2653 4530 unus
2687 4462 2813 4555 qui
2834 4464 3100 4554 sactum
3124 4462 3415 4554 posteris
3436 4464 3810 4536 nuntiaret.

2416 4810 2449 4849 ι
2483 4784 2581 4853 Et
2605 4781 3039 4851 erediderunt
3102 4784 3170 4852 in
3209 4783 3448 4855 verbis.
3495 4812 3530 4850 ι
3587 4786 3712 4856 nic
3749 4810 3863 4859 se-

2321 4892 2650 4972 cundum,
2693 4891 2945 4961 scilicet
3005 4890 3226 4960 brevis
3273 4893 3445 4972 laus,
3505 4903 3571 4962 et
3608 4898 3864 4988 gratia-

2321 5023 2474 5071 rum
2508 5001 2683 5070 actio
2710 5022 2833 5093 pro
2860 4998 3203 5069 beneficiis
3245 5023 3448 5093 supra
3505 5000 3744 5077 dictis:
3799 5015 3865 5077 et

2322 5118 2698 5203 tanguntur
2733 5108 2894 5177 duo.
2946 5106 3206 5189 Primo,
3250 5109 3439 5188 tides,
3483 5120 3546 5179 et
3591 5112 3867 5187 devotio

2319 5218 2571 5291 cordis.
2609 5216 2954 5299 Secundo,
2979 5216 3130 5287 laus
3158 5218 3476 5296 exterior.
3510 5227 3576 5289 et
3622 5227 3872 5315 gratia.

2320 5351 2473 5398 rum
2504 5326 2682 5395 actio
2714 5326 2878 5407 oris,
2919 5326 3039 5410 ibi,
3084 5350 3118 5391 ι
3153 5327 3246 5394 Et
3297 5324 3782 5403 laudaverunt.
3829 5361 3864 5401 ι

2409 5436 2589 5505 Dicit
2616 5458 2781 5527 ergo
2807 5456 2823 5503 ε
2847 5432 3014 5501 llaec
3031 5431 3359 5502 beneficia
3389 5434 3522 5505 iltis
3550 5440 3862 5525 contulit,

2321 5570 2356 5613 ι
2390 5555 2456 5615 et
2489 5573 2524 5608 ι
2564 5543 2932 5613 intantum
2967 5548 3222 5632 aperta,
3252 5544 3435 5635 quod
3473 5545 3601 5637 ipsi
3645 5571 3679 5612 ι
3719 5572 3869 5616 cre-

2317 5656 2668 5734 diderunt,
2705 5680 2740 5718 n
2783 5650 2975 5746 quasi
3005 5652 3245 5736 coacti,
3284 5677 3318 5718 ι
3364 5652 3583 5724 verbis
3609 5655 3787 5746 ejus.
3831 5686 3864 5721 n
