5008 6329
747 327 879 394 420

1753 321 1835 391 D.
1885 322 2087 389 ALB.
2137 321 2357 389 MAG.
2410 320 2616 388 ORD.
2668 322 2962 389 PRAED.

1924 828 2111 900 PSA
2121 828 2390 901 LMUS
2444 830 2798 900 CXXXV.

1063 1179 1493 1252 Celebratur
1520 1176 1713 1244 Deus
1759 1195 1803 1240 a
1852 1169 2238 1251 creatione,
2291 1182 2361 1242 et
2397 1194 2441 1240 a
2482 1169 2855 1240 miraculis
2894 1169 2967 1238 in
3009 1170 3344 1263 gratiam
3385 1169 3644 1240 Israel.

802 1542 825 1587 1
844 1568 860 1584 .
914 1517 1246 1589 Alleluia.

926 1623 1395 1696 Confitemini
1431 1623 1776 1704 Domino,
1812 1620 2160 1713 quoniam
2182 1619 2306 1689 bo-

1011 1753 1177 1811 nus,
1232 1727 1582 1821 quoniam
1643 1727 1714 1796 in
1765 1745 2120 1796 aeternum
2160 1723 2304 1792 mi-

1004 1837 1397 1909 sericordia
1429 1835 1613 1926 ejus.

785 1970 848 2017 2.
904 1943 1378 2019 Confitemini
1470 1944 1624 2013 Deo
1709 1942 2041 2020 deorum,
2123 1961 2296 2030 quo·

1006 2054 1209 2126 niam
1257 2053 1333 2124 in
1382 2069 1742 2123 aeternum
1796 2047 2297 2121 misericordia

1008 2185 1191 2254 ejus.

792 2275 857 2344 3.
913 2268 1383 2343 Confitemini
1422 2265 1738 2337 Domino
1796 2263 2294 2342 dominorum,

1013 2374 1459 2471 quoniamin
1491 2391 1840 2445 aeternum
1883 2370 2300 2442 misericor-

1011 2487 1132 2558 dia
1162 2485 1346 2578 ejus.

787 2618 857 2684 4.
912 2594 1064 2685 Qui
1103 2594 1271 2665 facit
1320 2591 1682 2664 mirabilia
1748 2612 2010 2682 magna
2066 2588 2295 2672 solus,

1008 2705 1359 2797 quoniam
1427 2701 1500 2772 in
1588 2717 1941 2770 aeternum
2012 2696 2294 2768 miseri·

1002 2810 1248 2882 cordia
1287 2810 1467 2900 ejus.

792 2924 859 2992 5.
910 2918 1062 3011 Qui
1130 2916 1299 2990 fecit
1354 2916 1579 2988 coelos
1664 2913 1737 2986 in
1836 2912 2203 2984 intellectu
2245 2913 2290 2998 ⁸,

1001 3022 1354 3119 quoniam
1383 3021 1460 3094 in
1484 3040 1839 3093 aeternum
1879 3019 2294 3090 misericor·

1003 3131 1123 3204 dia
1156 3130 1339 3224 ejus.

777 3252 848 3323 6.
891 3248 1045 3341 Qui
1101 3244 1416 3320 firmavit
1454 3263 1723 3317 terram
1769 3264 1990 3335 super
2032 3263 2287 3334 aquas,

1003 3354 1357 3449 quoniam
1385 3352 1461 3424 in
1492 3370 1846 3423 aeternum
1877 3348 2291 3421 misericor-

1001 3461 1122 3534 dia
1161 3460 1346 3553 ejus.

781 3598 848 3665 7.
902 3570 1050 3663 Qui
1102 3570 1269 3642 fecit
1337 3567 1725 3640 luminaria
1771 3589 2060 3660 magna,
2106 3587 2291 3659 quo-

996 3677 1199 3750 niam
1248 3676 1323 3748 in
1377 3693 1732 3747 aeternum
1794 3674 2290 3745 misericordia

997 3783 1187 3878 ejus.

775 3892 846 3963 8.
899 3887 1151 3963 Solem
1212 3888 1287 3960 in
1344 3904 1776 3981 potestatem
1858 3885 2029 3972 diei,
2110 3910 2291 3978 quo·

1000 3995 1201 4068 niam
1234 3994 1307 4067 in
1377 4014 1731 4066 aeternum
1788 3993 2287 4066 misericordia

1001 4105 1187 4197 ejus.

772 4242 843 4311 9.
901 4215 1189 4285 Lunam
1246 4229 1317 4283 et
1382 4210 1626 4282 stellas
1710 4209 1784 4280 in
1853 4228 2283 4302 potestatem

999 4321 1262 4405 noctis,
1349 4317 1702 4412 quoniam
1779 4317 1848 4388 in
1929 4338 2286 4391 aeternum

996 4426 1498 4502 misericordia
1528 4426 1708 4517 ejus.

738 4563 847 4611 ιο.
898 4536 1050 4629 Qui
1082 4532 1444 4629 percussit
1474 4533 1869 4627 AEgyptum
1917 4555 2087 4605 cum
2139 4533 2284 4627 pri·

993 4641 1385 4736 mogenitis
1434 4661 1689 4712 eorum
1718 4640 1767 4722 '‚
1810 4641 2159 4732 quoniam
2208 4640 2282 4712 in

997 4766 1354 4820 aeternum
1388 4745 1887 4818 misericordia
1936 4749 2118 4839 ejus.

739 4882 847 4928 ιι.
900 4854 1050 4947 Qui
1138 4851 1386 4924 eduxit
1467 4853 1685 4924 lsrael
1743 4854 1832 4922 de
1878 4854 2125 4925 medio
2164 4877 2284 4924 eo·

1000 4986 1166 5038 rum
1189 4963 1240 5046 ³,
1265 4965 1618 5058 quoniam
1650 4964 1721 5035 in
1755 4983 2109 5037 aeternum
2142 4965 2288 5036 mi-

996 5075 1391 5147 sericordia
1422 5075 1620 5167 ejus:

793 5379 813 5418 ⁸
845 5377 1056 5435 Genea.
1089 5394 1133 5445 ι,
1167 5379 1219 5434 ¹.

792 5466 816 5504 ¹
847 5464 1031 5523 Exod.
1054 5482 1162 5536 ιιι,
1196 5467 1289 5525 29.

797 5557 821 5595 ¹
849 5554 1032 5612 Exod.
1064 5571 1189 5623 ιιιι,
1210 5558 1300 5612 ¹7.

795 5646 821 5683 ⁶
848 5644 1031 5703 Exod.
1066 5661 1186 5715 ιιν,
1215 5645 1308 5702 28.

2426 1536 2533 1585 12.
2590 1515 2671 1583 In
2704 1535 2921 1582 manu
2953 1512 3225 1605 potenti
3267 1528 3335 1581 et
3376 1510 3672 1598 brachio
3729 1511 3962 1580 excel-

2679 1647 2785 1704 so,
2818 1624 3163 1716 quoniam
3187 1623 3260 1693 in
3284 1639 3638 1693 aeternum
3667 1621 3959 1692 miseri-

2679 1732 2918 1801 cordia
2947 1730 3127 1819 ejus.

2420 1840 2528 1908 13.
2580 1836 2728 1927 Qui
2762 1837 3003 1907 divisit
3035 1858 3229 1908 mare
3265 1836 3605 1906 Rubrum
3645 1836 3717 1906 in
3765 1835 3956 1905 divi-

2673 1943 2937 2028 siones,
3014 1943 3363 2035 quoniam
3455 1943 3530 2012 in
3599 1962 3951 2015 aeternum

2672 2052 3162 2125 misericordia
3200 2053 3356 2144 ejus
3408 2076 3426 2124 :

2418 2187 2527 2256 14.
2583 2166 2675 2236 Et
2722 2165 2963 2236 eduxit
2995 2165 3214 2235 lsrael
3248 2187 3376 2256 per
3409 2163 3739 2235 medium
3768 2165 3950 2254 ejus,

2674 2270 3017 2362 quoniam
3048 2267 3119 2339 in
3163 2286 3518 2339 aeternum
3550 2268 3953 2340 misericor·

2679 2380 2794 2450 dia
2829 2380 2981 2471 ejus
3010 2402 3027 2451 z

2419 2493 2526 2560 ι5.
2586 2486 2677 2557 Et
2724 2485 3032 2558 excussit
3086 2485 3543 2556 Pharaonem
3608 2501 3678 2554 et
3725 2485 3948 2556 virtu·

2676 2616 2818 2668 tem
2850 2597 3004 2684 ejus
3035 2597 3107 2667 in
3150 2596 3335 2667 mari
3384 2597 3638 2667 Rubro
3675 2587 3725 2676 ⁴,
3768 2618 3955 2687 quo-

2674 2704 2869 2774 niam
2917 2705 2988 2774 in
3044 2723 3397 2774 aeternum
3453 2701 3950 2774 misericordia

2672 2811 2850 2901 ejus.

2414 2920 2520 2989 16.
2574 2917 2722 3008 Qui
2774 2916 3084 2987 traduxit
3134 2917 3489 3010 populum
3553 2938 3772 2986 suum
3821 2937 3949 3008 per

2668 3027 3058 3105 desertum,
3092 3024 3441 3118 quoniam
3469 3023 3545 3095 in
3593 3040 3945 3095 aeternum

2670 3135 3161 3209 misericordia
3182 3134 3339 3228 ejus
3384 3157 3400 3203 :

2411 3271 2520 3339 ¹7·
2571 3245 2720 3336 Qui
2760 3244 3110 3338 percussit
3151 3266 3353 3336 reges
3395 3264 3726 3337 magnos,
3771 3266 3948 3337 quo-

2669 3352 2863 3424 niam
2913 3352 2984 3422 in
3044 3369 3398 3423 aeternum
3447 3349 3944 3424 misericordia

2671 3460 2848 3551 ejus.

2411 3567 2517 3638 ι8.
2573 3566 2667 3638 Et
2721 3564 2981 3636 occidit
3059 3586 3259 3658 reges
3353 3563 3574 3634 fortes
3615 3559 3667 3645 ⁸,
3754 3587 3944 3657 quo-

2667 3672 2863 3745 niam
2909 3672 2982 3742 in
3040 3689 3400 3743 aeternum
3450 3670 3946 3743 misericordia

2665 3778 2819 3870 ejus
2854 3801 2871 3846 ε

2408 3910 2515 3981 19.
2571 3886 2844 3967 Sehon,
2958 3906 3198 3977 regem
3309 3885 3940 3976 Amorrhaeorum,

2662 3992 3005 4088 quoniam
3035 3994 3110 4064 in
3140 4010 3491 4064 aeternum
3533 3990 3940 4065 misericor·

2663 4105 2782 4175 dia
2815 4105 2968 4196 ejus
3012 4126 3031 4177 ε

2398 4236 2513 4285 20.
2571 4214 2662 4284 Et
2711 4211 2853 4304 Og,
2915 4232 3151 4303 regem
3221 4211 3450 4282 Basan
3499 4211 3548 4291 ⁸,
3592 4211 3941 4304 quoniam

2661 4321 2731 4391 in
2767 4338 3114 4391 aeternum
3145 4318 3640 4389 misericordia
3669 4318 3850 4409 ejus.

2398 4454 2513 4504 21.
2572 4433 2662 4504 Et
2702 4432 2898 4502 dedit
2953 4450 3214 4501 terram
3265 4450 3520 4500 eorum
3570 4428 3947 4501 haeredita-

2663 4563 2806 4614 tem
2842 4543 2891 4628 ¹,
2924 4543 3268 4635 quoniam
3298 4540 3373 4611 in
3414 4558 3767 4613 aeternum
3796 4541 3941 4613 mi·

2663 4653 3047 4725 sericordia
3068 4651 3223 4742 ejus
3266 4675 3285 4721 ε

2397 4788 2513 4837 22.
2569 4764 3086 4837 Haereditatem
3154 4763 3405 4849 Israel,
3483 4786 3691 4836 servo
3773 4785 3935 4849 suo,

2663 4871 3007 4964 quoniam
3050 4871 3121 4942 in
3154 4888 3509 4942 aeternum
3537 4871 3945 4944 misericor·

2661 4978 2779 5049 dia
2809 4979 2987 5069 ejus.

2398 5086 2515 5157 23.
2568 5085 2761 5176 Quia
2809 5085 2882 5156 in
2924 5083 3333 5156 humilitate
3365 5104 3612 5157 nostra
3656 5106 3940 5159 memor

2464 5371 2488 5408 ⁸
2517 5372 2756 5429 Numer.
2786 5385 2906 5439 ιιι,
2936 5370 3026 5425 24.

2466 5459 2492 5495 ⁸
2521 5460 2760 5516 Numer.
2791 5473 2909 5527 ιιι,
2940 5457 3031 5514 33.

2466 5548 2488 5584 ‘¹
2517 5548 2717 5616 Josue,
2748 5563 2871 5618 xm,
2892 5550 2951 5606 7.
