5008 6329
756 177 883 246 502

758 350 881 435 bo,
943 376 974 417 α
1044 359 1107 417 et
1169 373 1203 413 »
1262 345 1507 411 merito
1573 336 1781 427 hujus
1846 337 2305 415 exaltationis,

770 486 802 522 «
836 457 1222 526 benedicam
1249 449 1514 518 nomini
1543 455 1689 524 tuo,
1726 471 1760 508 >2
1832 452 1964 513 tuae
1994 444 2307 537 gloriosae

760 566 1016 635 notitiae
1052 582 1184 652 qua
1222 559 1407 625 fruar
1448 578 1464 622 ε
1502 563 1567 622 et
1597 553 1753 634 hoc,
1792 578 1825 619 α
1872 556 1943 622 in
1978 555 2309 623 saeculum

757 674 1044 745 saeculi»
1079 666 1617 743 consecutivum,
1660 662 1794 732 hoc
1825 673 1949 748 est,
1983 666 2052 731 in
2082 664 2308 731 futuro

759 776 1029 850 saeculo.
1075 775 1203 842 Isa.
1239 796 1392 852 va,
1434 772 1565 839 14:
1619 773 1819 841 Servi
1875 773 2008 839 mei
2065 771 2312 838 lauda-

766 888 931 955 bunt
953 904 1097 976 pree
1126 879 1586 950 exsultatione
1613 878 1864 956 cordis,
1909 888 1972 945 et
2028 900 2143 944 vos
2165 898 2311 966 pree

761 992 1161 1063 contritione
1194 989 1481 1079 spiritus
1511 985 1907 1054 ululabitis.
1955 983 2086 1052 Isa.
2143 1005 2303 1061 xxv,

771 1103 798 1169 ί
841 1123 856 1167 :
903 1098 1283 1187 Confitebor
1318 1096 1585 1164 nomini
1649 1103 1792 1170 tue,
1855 1114 1996 1160 non
2053 1091 2312 1161 confes·

765 1209 956 1276 sione
990 1203 1504 1280 benedictionis,
1540 1208 1608 1269 et
1636 1199 1857 1267 laudis
1904 1221 1919 1266 ε
1982 1201 2309 1291 quoniam

763 1315 987 1406 fecisti
1014 1310 1393 1380 mirabilia.
1428 1306 1696 1375 Daniel.
1749 1329 1849 1385 111,
1893 1307 1977 1375 52
2014 1329 2028 1372 ε
2090 1308 2311 1374 Bene-

766 1421 1023 1489 dictum
1051 1438 1294 1484 nomen
1346 1414 1590 1505 qloriae
1628 1423 1764 1480 tuae
1826 1424 2166 1481 sanetum.
2227 1413 2313 1480 Et

764 1527 918 1605 hoc,
957 1550 991 1592 α
1025 1526 1096 1592 in
1122 1521 1450 1590 saeculum
1487 1521 1748 1590 saeeuli.
1786 1548 1820 1583 n
1865 1519 2130 1589 Daniel.
2210 1544 2307 1601 ιιι,

766 1635 852 1703 74
887 1655 903 1700 :
936 1630 1305 1701 Benedicat
1330 1629 1555 1698 Israel
1601 1630 2011 1714 Dominum,
2075 1628 2312 1697 laudet

767 1750 830 1811 et
862 1737 1321 1833 superexaltet
1349 1760 1504 1805 eum
1544 1738 1617 1804 in
1644 1735 1922 1806 saecula.

858 2090 894 2128 α
934 2065 1072 2133 Per
1094 2063 1407 2153 sinqulos
1437 2062 1603 2131 dies.
1644 2085 1678 2127 ι»
1722 2058 1851 2129 Hic
1906 2059 2306 2129 secundum.

769 2172 1129 2240 Praemissa
1185 2170 1370 2238 enim
1451 2168 1671 2238 laudis
1737 2167 2179 2249 sublimitate,
2247 2177 2312 2236 et

767 2279 1183 2360 excellentia,
1227 2278 1564 2370 promittit
1600 2274 1823 2345 laudis
1860 2277 2311 2368 frequentiam

769 2396 837 2456 et
864 2386 1445 2455 continuationem
1492 2407 1507 2452 z
1542 2391 1611 2452 et
1644 2390 2024 2474 tanguntur
2068 2384 2315 2453 simili-

768 2503 870 2566 ter
897 2494 1058 2563 duo.
1092 2493 1354 2575 Primo,
1390 2492 1754 2584 promissio
1793 2491 2191 2583 frequentiae
2244 2493 2313 2561 in

770 2603 992 2673 laude.
1056 2601 1400 2684 Secundo,
1469 2600 1729 2668 fructus
1792 2609 1861 2668 et
1916 2600 2173 2670 utilitas
2215 2625 2315 2671 se-

768 2735 982 2805 quens
1010 2735 1091 2781 ex
1120 2711 1599 2803 promissione,
1642 2709 1763 2789 ibi,
1829 2736 1862 2772 «
1912 2713 2009 2778 Et
2056 2710 2315 2780 lauda-

769 2821 874 2891 be.
923 2844 956 2885 ι

858 2928 1034 2997 Dicit
1071 2949 1235 3017 ergo
1272 2948 1287 2995 ε
1325 2924 1439 2994 Sic
1467 2925 1634 3004 dixi,
1669 2925 1855 3017 quod
1893 2925 2208 2995 exaltabo
2247 2935 2312 2995 te

765 3037 948 3108 Deus
978 3058 1171 3105 meus
1208 3043 1273 3103 ct
1303 3057 1445 3112 rex,
1489 3041 1556 3103 et
1584 3036 1793 3103 etiam
1835 3062 1871 3099 α
1923 3034 2311 3105 benedicam

766 3143 895 3215 tibi
922 3167 1048 3236 per
1069 3143 1384 3235 sinqulos
1446 3141 1613 3211 dies.
1651 3168 1685 3210 ι»
1758 3140 1969 3223 Quasi
2007 3141 2257 3213 diceret
2290 3167 2306 3212 ε

765 3252 1172 3322 Benedicam
1231 3250 1351 3318 tibi
1405 3252 1728 3319 continue
1781 3258 1847 3320 et
1892 3251 2301 3343 frequenter.

765 3360 966 3430 Eccli.
1002 3383 1140 3441 xiv,
1189 3361 1269 3427 Η
1312 3382 1327 3426 :
1389 3360 1543 3427 Non
1598 3359 2037 3450 defrauderis
2100 3384 2143 3428 a
2199 3363 2309 3430 die

763 3466 955 3545 bono,
998 3475 1060 3535 et
1081 3464 1436 3558 particula
1468 3465 1628 3534 boni
1655 3465 1796 3535 diei
1830 3489 1966 3535 non
2024 3477 2086 3536 te
2134 3493 2309 3561 prce·

759 3585 991 3657 ter-eat,
1026 3576 1190 3666 quin
1220 3597 1489 3665 semper
1533 3575 1755 3643 Deum
1816 3575 2078 3658 laudes,
2137 3587 2203 3647 et
2243 3580 2303 3647 ei

756 3706 880 3776 pro
917 3682 1262 3751 beneficiis
1289 3683 1582 3774 acceptis
1611 3681 1996 3752 benedicas.
2041 3684 2305 3777 Grego-

760 3792 899 3861 rius
942 3814 958 3861 :
1032 3816 1066 3858 α
1133 3790 1289 3859 Νοιι
1356 3813 1698 3860 cessemus
1749 3792 2006 3884 gratias
2071 3817 2297 3885 agere,

760 3927 794 3965 α
830 3900 989 3992 quia
1017 3921 1158 3968 non
1186 3908 1403 3968 cessat
1429 3898 1602 3968 bene
1629 3899 1875 3969 facere.
1921 3927 1955 3965 n
2006 3900 2296 3973 Nehom.

759 4030 878 4076 seu
912 4006 972 4077 11
1003 4005 1257 4088 Esdrae,
1303 4030 1393 4086 tx.
1426 4006 1464 4073 3
1501 4027 1518 4076 2
1579 4010 1926 4098 Leqerunt
1981 4012 2054 4078 in
2109 4011 2302 4079 volu·

756 4117 938 4184 mine
994 4114 1164 4205 teqis
1235 4115 1520 4182 Domini
1571 4117 1706 4183 Dei
1764 4119 1879 4185 sui
1940 4130 2186 4210 quater
2230 4123 2299 4189 in

758 4220 869 4290 die
897 4243 920 4287 .·
976 4228 1039 4288 et
1092 4229 1336 4310 quater
1370 4220 1896 4311 confitebantur,
1955 4235 2021 4293 et
2057 4226 2299 4295 adora·

762 4326 924 4396 bant
962 4325 1333 4394 Dominum
1363 4326 1587 4394 Deum
1614 4350 1845 4396 suum.
1879 4328 2042 4399 Dies
2071 4341 2297 4402 autem

758 4430 1162 4523 spirituales,
1222 4433 1292 4499 in
1347 4431 1594 4524 quibus
1659 4433 2157 4508 benedicendus
2202 4450 2303 4510 cst

760 4539 968 4619 Deus,
1007 4545 1165 4606 sunt
1202 4543 1486 4628 septem,
1528 4540 1701 4609 sicut
1728 4540 1873 4611 dies
1929 4546 2295 4628 naturales,

760 4644 1013 4713 scilicet
1047 4651 1305 4734 septem
1338 4642 1634 4736 Spiritus
1662 4652 1876 4718 sancti
1907 4649 2111 4734 dona,
2146 4675 2298 4744 quoe

760 4752 917 4823 facit
952 4752 1022 4819 in
1059 4749 1255 4818 nobis
1291 4773 1493 4820 verus
1522 4754 1622 4822 sol
1654 4754 1990 4838 Christus,
2049 4761 2302 4831 scilicet

763 4860 988 4939 timor,
1030 4860 1267 4950 pietas,
1300 4860 1604 4941 scientia,
1663 4862 2014 4947 fortitudo,
2074 4868 2303 4936 consi-

763 4966 958 5051 lium,
999 4963 1399 5047 intellectus,
1450 4977 1517 5037 et
1562 4970 1919 5061 sapientia.
1964 4972 2092 5042 vel
2144 4997 2302 5065 sep-

766 5081 900 5142 tem
937 5076 1245 5167 virtutes,
1288 5073 1481 5157 fides,
1523 5098 1701 5166 speS,
1763 5077 2079 5161 charitas,
2147 5104 2303 5172 pru·

768 5179 1016 5265 dentia,
1049 5180 1393 5261 fortitudo,
1429 5186 1903 5273 temperantia,
1928 5188 2216 5276 justitia.

856 5417 891 5456 α
922 5393 1019 5462 ΕΙ
1046 5390 1371 5463 laudabv.
1405 5420 1438 5461 ιο
1483 5395 1654 5466 Ecce
1682 5397 1964 5481 fructus,
1999 5410 2064 5471 et
2118 5402 2301 5471 utili-

764 5506 890 5568 taS.

1758 163 1844 228 D.
1897 162 2097 228 ΑΕΒ.
2149 160 2364 227 MAG.
2421 161 2628 228 ont).
2683 162 2979 229 PRAED.

2504 334 2624 403 Ait
2662 335 2847 402 enim
2883 357 2898 401 ε
2946 334 3060 404 Sic
3090 336 3485 407 benedicam
3535 348 3599 408 te
3644 364 3765 433 per
3821 341 3962 409 dies

2416 442 2752 534 singuloS,
2800 469 2833 509 α
2894 454 2958 510 et
2999 445 3304 514 laudabo
3358 471 3601 515 nomen
3665 459 3888 534 tuum,
3922 474 3957 514 ι

2417 548 2616 619 laude
2639 551 3166 641 jucundissima,
3209 561 3275 623 et
3330 555 3755 634 suavissima,
3817 583 3850 617 «
3892 557 3962 623 in

2416 661 2748 727 soeculum
2794 686 2826 723 n
2885 661 3218 746 futurum,
3283 688 3316 729 α
3386 673 3448 731 et
3514 665 3582 731 in
3637 664 3962 732 soeeulum

2414 768 2655 834 saeeuli
2738 793 2772 830 n
2843 771 3380 849 consecutivum,
3452 773 3582 840 hoc
3675 779 3796 848 est,
3895 774 3962 840 in

2420 874 2847 942 aeternitate:
2902 877 3021 967 qui
3068 879 3251 946 enim
3292 876 3403 948 hic
3452 881 3688 948 nititur
3744 880 3960 947 Deum

2418 980 2698 1049 laudare
2762 985 3110 1064 continue,
3162 986 3532 1054 merebitur
3577 987 3854 1057 laudare
3894 990 3963 1056 in

2421 1092 2823 1157 aeternitate.
2869 1089 3000 1159 Isa.
3070 1116 3358 1176 xxxvia,
3417 1096 3501 1164 20
3563 1113 3592 1162 ε’
3646 1095 3968 1166 Psalmos

2417 1206 2683 1264 nostros
2719 1198 3155 1268 cantabimus
3199 1204 3458 1270 eunetis
3522 1202 3759 1271 diebus
3814 1206 3966 1272 υἱέε

2416 1315 2666 1373 nostrae
2702 1307 2770 1372 in
2797 1307 3025 1389 dome,
3059 1316 3188 1378 etc.
3221 1308 3331 1391 Et,
3366 1333 3452 1394 m,
3487 1311 3526 1377 3
3559 1332 3574 1378 ε
3615 1311 3964 1381 Gaudium

2417 1424 2480 1483 et
2542 1414 2789 1483 laetitia
2829 1419 3211 1486 invenietur
3284 1420 3356 1487 in
3412 1443 3515 1503 ea,
3572 1423 3963 1511 qratiarzem

2419 1524 2623 1601 actia,
2667 1532 2730 1590 et
2768 1545 2903 1591 vox
2943 1524 3197 1596 laudis.
3234 1528 3521 1619 Propter
3547 1527 3680 1597 hoc
3706 1528 3967 1597 dicebat

2417 1628 2959 1715 Ecclesiasticus,
3036 1655 3124 1718 m,
3193 1634 3257 1713 8,
3316 1635 3555 1704 volens
3627 1636 3713 1704 ad
3787 1634 3968 1703 hunc

2416 1738 2712 1805 fructum
2744 1740 3100 1829 pervenire
3134 1764 3149 1808 :
3211 1743 3564 1812 Laudabit
3628 1767 3841 1836 usque
3878 1744 3972 1811 ad

2419 1855 2706 1913 mortem
2737 1848 2975 1915 anima
3006 1872 3159 1918 mea
3186 1852 3589 1920 Dominum.
3624 1851 3711 1920 Et
3738 1853 3809 1920 in
3848 1874 3970 1920 eo-

2420 1953 2602 2032 dem,
2636 1959 2702 2029 5.
2744 1956 2824 2024 15
2872 1977 2888 2022 ι
2920 1956 3258 2025 Laudabo
3288 1981 3532 2026 nomen
3569 1969 3769 2027 tuum
3799 1960 3969 2027 assi·

2419 2058 2575 2127 due.

2509 2401 2545 2439 α
2586 2377 2892 2467 Maqnus
2913 2381 3282 2449 Dominus,
3325 2407 3355 2445 n
3403 2381 3532 2451 IIic
3568 2383 3965 2469 secundum,

2421 2485 2491 2551 in
2522 2506 2660 2575 quo
2690 2486 3131 2576 subjungitur
3169 2489 3389 2558 laudis
3429 2492 3599 2559 ratio
3645 2493 3717 2560 in
3770 2514 3971 2585 gene-

2420 2591 2544 2659 rali
2596 2592 2865 2684 triplex.
2957 2594 3216 2681 Prima,
3280 2598 3491 2689 ipsius
3569 2600 3968 2691 magnitudo

2419 2698 2755 2769 absoluta.
2794 2701 3135 2787 Secunda,
3169 2707 3240 2774 in
3288 2705 3590 2775 bonitate
3630 2707 3971 2777 excellen-

2420 2809 2538 2892 tia,
2574 2809 2694 2889 ibi,
2740 2838 2773 2871 «
2805 2813 2902 2879 Ec
2935 2809 3322 2882 laudabilis
3357 2816 3586 2882 nimis.
3624 2842 3656 2878 ι)
3717 2816 3966 2895 Tertia,

2422 2916 3202 3007 incomprehensibilitas
3249 2923 3319 2990 in
3352 2924 3819 3016 magnitudine
3864 2925 3972 2994 di-

2418 3032 2548 3105 cta,
2584 3025 2700 3102 ibi,
2741 3054 2775 3089 α
2818 3029 2913 3095 Et
2949 3029 3478 3118 magnitudinis.
3519 3057 3551 3098 ιι

2506 3132 2687 3203 Dicit
2738 3157 2902 3227 ergo
2951 3158 2967 3204 ε
3014 3135 3129 3207 Sic
3172 3137 3466 3210 laudabo
3503 3140 3704 3213 laude
3743 3145 3970 3215 excel-

2414 3241 2610 3327 lenti,
2655 3251 2720 3312 et
2749 3243 3087 3335 frequenti
3131 3268 3146 3313 ε
3187 3255 3251 3316 et
3280 3246 3411 3316 hoc
3443 3252 3601 3341 quia
3663 3277 3697 3319 α
3766 3277 3970 3349 maq-

2413 3374 2543 3419 nus
2610 3353 2977 3430 Dominus,
3042 3378 3075 3419 ι
3155 3354 3423 3447 supple,
3504 3368 3628 3427 est.
3709 3361 3964 3433 Jerem.

2411 3481 2629 3542 xxxn,
2678 3461 2758 3527 18
2805 3483 2819 3527 ε
2863 3461 3288 3545 Fortissime,
3322 3486 3571 3555 maqne
3606 3478 3671 3536 et
3700 3480 3964 3561 potens,

2410 3570 2756 3637 Dominus
2783 3570 3209 3638 exercituum
3237 3594 3483 3642 nomen
3512 3574 3663 3645 tibi.
3697 3577 3964 3649 Daniel.

2407 3701 2550 3757 xiv,
2594 3678 2680 3747 40
2723 3680 3077 3767 :Maqnus
3112 3702 3203 3762 es,
3257 3682 3549 3749 Domine
3584 3687 3771 3755 Deus
3828 3692 3970 3758 Da-

2407 3782 2638 3850 nielis.
2686 3806 2721 3847 «
2755 3784 2851 3849 Et
2882 3781 3270 3851 laudabilis
3327 3786 3561 3869 nimis,
3608 3814 3642 3851 n
3690 3800 3969 3885 propter

2406 3890 2504 3958 tui
2563 3888 3038 3958 excellentiam
3080 3890 3152 3958 in
3208 3889 3540 3975 bonitate,
3584 3904 3653 3965 et
3704 3898 3961 3971 valore.

2406 3993 2690 4087 Apocal.
2726 4017 2819 4078 w,
2859 3997 2930 4063 11
2974 4017 2990 4063 ε
3023 3997 3302 4088 Diqnus
3338 4022 3430 4080 σε.
3462 4004 3757 4074 Domine
3784 4009 3969 4077 Deus

2406 4114 2656 4183 noster,
2690 4105 2991 4196 accipere
3010 4104 3341 4196 yloriam,
3370 4118 3436 4175 et
3462 4110 3811 4197 honorem,
3835 4124 3961 4186 etc.

2410 4209 2597 4278 ldem
2630 4210 2942 4291 omnino,
2977 4210 3005 4277 1
3045 4211 3274 4281 Paral.
3309 4236 3452 4295 xvi,
3485 4218 3569 4286 25
3614 4240 3630 4286 ι
3665 4222 3967 4313 Maqnus

2409 4316 2774 4395 Dominus,
2801 4325 2869 4384 et
2899 4315 3288 4386 laudabilis
3314 4321 3546 4390 nimis.
3593 4349 3628 4390 ι
3659 4327 3759 4394 Et
3812 4351 3967 4397 ma-

2403 4422 2798 4515 qnitudinis
2862 4422 3044 4513 ejus,
3091 4448 3125 4491 ι
3167 4448 3378 4517 quam
3400 4428 3549 4519 jam
3613 4435 3808 4526 tetigi
3851 4436 3967 4505 ab·

2406 4528 2653 4608 solute,
2693 4555 2727 4597 (
2758 4552 2894 4599 non
2930 4540 3034 4599 est
3057 4532 3244 4621 finis.
3294 4559 3331 4597 n
3367 4533 3571 4606 Eccli.
3605 4562 3792 4622 xuni,
3826 4545 3905 4613 31
3940 4567 3957 4613 :

2409 4636 2763 4708 Terribilis
2788 4638 3156 4720 Dominus,
3196 4651 3263 4708 et
3290 4663 3589 4733 maynus
3613 4648 3966 4721 vehemen-

2407 4755 2532 4823 ter,
2594 4753 2659 4812 et
2713 4744 3065 4814 mirabilis
3113 4750 3436 4840 potentia
3502 4754 3746 4845 ipsius.
3801 4759 3957 4843 Joh,

2405 4877 2642 4936 xxxvi,
2676 4857 2812 4925 26:
2857 4858 3054 4940 Ecce,
3123 4859 3313 4927 Deus
3366 4883 3662 4956 maqnus
3697 4871 3963 4941 vincens

2403 4964 2761 5033 seientiam
2834 4974 3169 5050 nostram,
3228 4989 3557 5041 numerus
3619 4998 3956 5048 annorum

2407 5073 2564 5163 ejus
2628 5072 3159 5143 inaestimabilis.
3221 5075 3367 5147 Nec
3423 5080 3645 5151 solum
3725 5109 3961 5159 careas

2408 5184 2543 5252 fine
2618 5186 2689 5252 in
2753 5185 3226 5275 magnitudine
3279 5195 3627 5281 potentiae‚
3697 5198 3818 5267 sed
3890 5203 3960 5271 in

2409 5296 2880 5389 magnitudine
2909 5299 3114 5390 regiae
3144 5299 3518 5394 dignitatis.
3542 5303 3812 5379 Daniel.
3834 5334 3955 5395 vu,

2415 5402 2496 5470 14
2533 5426 2549 5472 ε
2583 5405 2895 5473 Potestas
2920 5404 3102 5497 ejus,
3120 5418 3434 5501 potestas
3458 5420 3739 5497 eterna,
3808 5443 3960 5510 quae

2409 5532 2544 5578 non
2576 5512 2935 5602 auferetur
2970 5536 2995 5581 .·
3058 5523 3125 5583 et
3188 5537 3478 5606 reynum
3531 5517 3713 5610 ejus,
3774 5530 3964 5616 quod
