5008 6329
172 5312 451 5364 comm·

166 5370 369 5415 mnium
388 5369 459 5416 dt·

182 5421 453 5480 mend-0⁸

566 333 642 398 14

555 501 737 569 Psal.
775 525 865 580 ix,
894 492 981 569 ι15
1020 524 1033 567 :
1074 504 1161 570 Ut
1200 502 1602 568 annuntiem
1649 520 1875 565 omnes
1926 497 2091 563 lau-

552 609 857 677 dationes
888 618 1042 677 tuas
1082 611 1151 677 in
1170 610 1394 701 portis
1429 606 1600 695 filice
1628 607 1820 674 Sion.

648 742 680 782 α
721 720 818 786 Et
881 717 1156 786 laudem
1195 718 1372 805 ejus,
1413 743 1443 775 »
1525 713 1772 795 dicant,
1813 715 1923 782 vel
1964 738 2094 782 an-

553 828 887 907 nuntient,
928 855 961 890 «
994 830 1065 894 in
1100 823 1513 901 Jerusalem,
1561 849 1594 885 »
1636 823 1706 890 in
1762 823 2087 905 Ecclesia,

550 936 619 1002 in
649 958 782 1026 qua
856 935 1001 1003 sola
1047 932 1313 1000 videtur
1365 952 1527 999 vera
1593 952 1747 1020 pax,
1799 931 2083 1021 Apocal.

548 1065 686 1119 xm,
721 1046 760 1112 5
787 1066 803 1110 ε
836 1041 1143 1110 Laudem
1184 1039 1387 1106 dicite
1416 1042 1559 1107 Deo
1580 1049 1833 1120 nostra,
1860 1061 2088 1106 omnes

543 1151 719 1216 servi
745 1150 943 1239 ejus:
1018 1158 1081 1215 et
1126 1147 1248 1238 qui
1285 1147 1536 1214 timetis
1614 1169 1792 1223 eum,
1835 1145 2089 1236 pusilli

546 1268 605 1324 et
647 1258 903 1348 maqni.
958 1254 1160 1321 Eccli.
1205 1277 1439 1335 xxxix,
1489 1256 1565 1322 19
1605 1262 1668 1321 et
1700 1255 1825 1321 20:
1868 1255 2087 1320 Bene-

544 1366 747 1434 dicite
802 1365 1175 1434 Dominum
1234 1364 1303 1430 in
1368 1362 1684 1454 operibus
1722 1362 1888 1438 suis,
1928 1362 2087 1429 date

540 1474 806 1541 nomini
832 1470 986 1562 ejus
1014 1470 1622 1560 maqnificentiam.
1660 1466 1917 1547 lsa.'1x,
1958 1470 2075 1536 18:

545 1571 917 1670 occupabit
968 1579 1162 1646 salus
1217 1601 1448 1646 muros
1522 1587 1695 1655 tuos,
1737 1584 1801 1643 et
1844 1586 2083 1666 portas

541 1697 695 1754 tuas
735 1686 1077 1776 laudatio.

629 2037 660 2075 α
705 2012 783 2079 ln
849 2008 1323 2078 conveniendo.
1371 2036 1404 2069 »
1448 2006 1573 2076 Hic
1650 2008 1950 2087 tertium,
2010 2008 2076 2075 in

536 2140 671 2210 quo
702 2119 1004 2207 tangitur
1030 2116 1112 2185 de
1168 2117 1363 2184 tertio
1422 2114 1775 2192 beneficio,
1825 2113 2078 2184 scilicet

531 2225 820 2293 aliorum
860 2223 938 2293 ad
975 2223 1171 2291 tidem
1205 2222 1452 2291 Christi
1494 2222 1839 2290 adunatio.
1897 2222 2076 2303 Quid

527 2335 713 2402 enim
741 2332 995 2401 valeret
1035 2329 1299 2399 dedisse
1363 2339 1439 2399 ut
1465 2332 1970 2410 annuntiarent,
2015 2333 2069 2400 si

525 2439 789 2508 nullum
826 2439 1355 2508 converterent?
1386 2437 1537 2505 Duo
1576 2459 1739 2528 ergo
1785 2446 2074 2529 tangun-

523 2557 658 2617 tur.
703 2546 962 2623 Primo,
1040 2546 1383 2614 minorum
1423 2544 1741 2613 adunatio
1797 2544 1881 2613 ad
1915 2546 2066 2612 tidei

523 2658 880 2724 unitatem.
927 2652 1266 2734 Secundo,
1309 2654 1674 2742 majorum,
1726 2652 1844 2733 ibi,
1910 2682 1942 2715 «
1978 2657 2069 2722 1ιί

520 2787 731 2856 reyes.
777 2789 811 2830 ι

612 2873 721 2940 Ait
752 2872 938 2941 enim
972 2893 988 2938 ε
1030 2870 1143 2939 Sic
1172 2868 1256 2939 ad
1293 2868 1425 2938 hoc
1462 2868 1667 2937 solvit
1717 2880 1787 2937 ut
1828 2871 2066 2961 praedi·

509 2989 667 3050 cent
704 2989 771 3049 et
836 2979 1111 3049 laudent
1148 3000 1163 3045 τ
1207 2985 1273 3048 et
1302 2976 1437 3047 hoc
1501 3002 1537 3043 ι
1572 2977 1642 3044 in
1672 2979 2065 3046 convenien-

514 3089 603 3156 do
620 3088 947 3184 populos,
984 3115 1017 3150 υ
1051 3086 1364 3157 homines
1402 3084 1701 3156 minores
1737 3094 1805 3156 et
1835 3109 2063 3180 popu-

513 3196 718 3277 lares,
792 3221 827 3263 «
864 3197 932 3265 in
974 3218 1212 3265 unum.
1257 3193 1505 3279 »Joel,
1564 3216 1636 3278 ιι,
1683 3196 1764 3263 ¹5
1810 3201 1876 3263 et
1925 3197 2054 3265 ¹6:

525 3308 763 3374 Vocate
844 3315 1112 3388 caetum,
1200 3324 1612 3395 conqreqare
1685 3303 2055 3395 populum.

512 3414 710 3491 Osee,
745 3436 793 3491 ι,
842 3414 914 3481 11
946 3433 963 3481 :
997 3414 1092 3481 Ει
1125 3410 1724 3502 conpr-effabuntur
1757 3410 1902 3501 filii
1922 3413 2062 3479 Ju-

510 3520 627 3602 dn,
658 3528 724 3588 ει
748 3519 895 3610 filii
928 3518 1149 3589 Israel
1193 3542 1208 3558 ·
1244 3526 1309 3587 ει
1338 3527 1593 3610 ponent
1644 3518 1916 3586 sibimet
1953 3543 2060 3584 ro·

501 3636 634 3720 put
673 3648 915 3706 unum,
974 3623 1224 3694 scilicet
1289 3623 1662 3706 Christum,
1722 3625 1894 3693 sicut
1954 3624 2060 3692 ia-

507 3744 691 3805 ctum
713 3743 841 3814 est,
864 3734 1137 3828 qnando
1157 3756 1393 3804 verum
1423 3732 1547 3802 fuit
1578 3732 1741 3802 illud
1773 3734 1921 3802 Act.
1960 3757 2054 3816 nv,

507 3845 590 3910 32
643 3866 659 3911 ε
715 3841 1194 3912 Multitudinis
1245 3840 1664 3909 credentium
1729 3850 1880 3908 erat
1935 3864 2052 3908 cor

510 3974 753 4028 unum,
795 3958 860 4018 ει
926 3950 1166 4018 anima
1225 3971 1388 4017 una.
1462 3946 1568 4017 ob
1624 3946 1798 4016 hanc.
1871 3947 2052 4017 enim

514 4060 837 4128 unionem
867 4055 1245 4126 faciendam
1287 4055 1497 4125 Filius
1534 4055 1657 4125 Dei
1696 4059 1869 4125 mori
1927 4079 2058 4123 vo-

518 4165 665 4235 luit.
748 4165 951 4235 Joan.
1019 4187 1116 4243 xx,
1176 4165 1262 4232 50
1313 4185 1330 4232 ε
1366 4164 1670 4256 Expedit
1735 4174 1811 4230 ut
1877 4186 2054 4232 unus

507 4274 844 4344 moriatur
889 4271 1092 4342 homo
1120 4294 1253 4365 pro
1319 4269 1611 4365 populo,
1670 4271 1842 4340 dixit
1906 4272 2056 4340 Cat·-

506 4382 702 4477 phas,
757 4391 825 4451 ει
895 4403 1031 4450 non
1098 4388 1244 4448 tota
1298 4401 1469 4472 yerts
1513 4388 1771 4470 pereat.
1850 4379 2051 4461 Quod

510 4508 858 4581 exponens
917 4484 1245 4564 loannes,
1276 4485 1397 4560 ait,
1484 4488 1588 4559 ἡ.
1635 4483 1712 4549 31
1759 4491 1824 4551 et
1889 4486 1975 4551 :32
2029 4506 2045 4551 :

505 4596 652 4665 Iloc
719 4602 949 4662 autem
1013 4616 1058 4660 a
1137 4591 1495 4683 semetipso
1567 4612 1701 4657 non
1792 4588 1980 4658 dixit
2026 4614 2049 4658 :

501 4701 624 4771 sed
655 4723 810 4771 cum
838 4710 1007 4770 esset
1033 4699 1365 4791 Pontifex
1399 4699 1570 4767 anni
1606 4696 1827 4782 illius,
1880 4723 2051 4791 pro-

497 4809 809 4904 phetavit
841 4809 1032 4903 quod
1059 4810 1261 4880 Iesus
1305 4808 1685 4876 moriturus
1747 4819 1896 4877 erat
1913 4833 2049 4903 pro

499 4930 698 5014 qente
725 4942 749 4988 .·
812 4928 879 4989 et
902 4941 1036 4987 non
1101 4927 1372 4986 tantum
1386 4939 1517 5009 pro
1557 4925 1780 5007 qente,
1811 4917 1937 4985 sed
1971 4929 2048 4986 ut

499 5027 691 5120 filios
717 5027 871 5108 Dei,
902 5028 1247 5121 quierant
1294 5024 1606 5118 dispersi,
1670 5046 2051 5118 conqreqa·

503 5144 607 5204 ret
635 5136 706 5205 in
739 5157 978 5204 unum.

593 5241 677 5313 Et
703 5250 891 5324 nota,
924 5239 1108 5335 quod
1138 5239 1361 5308 unitas
1398 5246 1460 5308 et
1500 5238 1859 5309 concordia
1891 5239 2049 5312 dili-

505 5350 726 5447 genda
761 5359 887 5435 est,
917 5358 982 5420 et
1012 5348 1302 5418 multum
1341 5347 1738 5441 appetenda.
1780 5347 2044 5435 Primo,

170 5478 459 5538 ιμραοοαι.
505 5460 663 5554 quia
685 5458 867 5529 Deus
895 5458 1081 5527 illam
1111 5457 1467 5550 approbat,
1504 5453 1707 5526 Eccli.
1750 5461 1951 5542 xxv,i
1981 5468 2045 5528 et

502 5571 585 5639 2:
625 5570 709 5638 In
745 5566 965 5638 tribus
996 5566 1346 5662 placitum
1382 5574 1480 5635 εει
1521 5566 1808 5660 spiritui
1868 5592 2043 5654 mco,

498 5699 653 5769 quoe
671 5673 967 5770 probata
991 5685 1152 5744 sunt
1189 5684 1253 5743 et
1278 5694 1510 5743 coram
1548 5675 1690 5743 Deo
1731 5686 1796 5744 et
1832 5676 2049 5746 leomi-

1550 327 1633 394 D.
1685 326 1881 394 ALB.
1939 323 2153 392 MAG.
2209 322 2414 388 om).
2472 324 2769 391 PRAED.

2199 494 2404 562 nibus
2419 519 2439 562 .·
2464 496 2830 564 concordia
2864 502 3276 588 fratrum,et
3305 524 3503 569 amor
3516 503 3768 593 proxi-

2199 614 2569 683 morum,c²t
2596 605 2701 671 vir
2738 614 2802 671 et
2830 607 3262 675 mulierbene
3305 607 3441 675 sibi
3479 631 3760 677 consen·

2197 714 2459 780 tientes.
2507 712 2681 794 lmo,
2713 712 2898 804 quod
2928 713 3081 804 plus
3121 724 3243 792 est,
3291 739 3431 784 non
3489 724 3759 785 tanturn

2196 822 2553 911 approbat,
2597 822 2715 890 sed
2746 822 2989 913 diligit,
3037 822 3295 892 Cantic.
3332 848 3426 902 w,
3462 827 3545 893 9:
3607 825 3768 891 Vul-

2194 936 2454 1000 nerasti
2525 959 2640 1002 cor
2717 958 2970 1013 meum,
3038 959 3233 1003 soror
3271 958 3447 1015 mea,
3482 960 3760 1028 sponsa,

2195 1041 2578 1109 vulnerasti
2641 1066 2756 1109 cor
2821 1064 3050 1110 meum
3091 1045 3162 1110 in
3204 1067 3340 1111 uno
3397 1044 3762 1112 oculorum

2195 1159 2501 1226 tuorum,
2575 1158 2639 1214 et
2702 1150 2775 1214 in
2834 1170 2969 1215 uno
3020 1150 3204 1216 crine
3259 1149 3428 1217 colli
3459 1152 3589 1231 tui,
3624 1151 3756 1219 hoc

2196 1263 2318 1333 cst,
2363 1255 2433 1321 in
2475 1256 2730 1322 unione
2770 1263 2836 1323 et
2882 1256 3248 1324 concordia
3305 1257 3648 1346 majorum
3694 1266 3762 1326 et

2192 1364 2565 1429 minorum.
2602 1361 2794 1430 Hanc
2858 1365 3186 1453 praecipit,
3231 1362 3473 1432 Matth.
3518 1388 3588 1444 v,
3627 1368 3753 1434 23:
3826 1385 3831 1390 ·

2192 1474 2356 1539 Esto
2426 1472 2842 1538 consentiens
2926 1470 3321 1539 adversario
3417 1481 3536 1540 tuo
3594 1473 3756 1553 cita,

2187 1579 2355 1645 dum
2395 1601 2462 1645 es
2502 1580 2575 1644 in
2605 1580 2718 1645 via
2756 1600 2912 1646 cum
2943 1601 3044 1646 eo.
3112 1578 3358 1648 Genes.
3419 1602 3576 1658 ην,
3636 1580 3745 1657 24,

2187 1684 2353 1752 dixit
2393 1684 2656 1776 ,loseph
2709 1684 3033 1753 fratribus
3072 1688 3212 1754 suis
3249 1709 3263 1754 :
3335 1689 3440 1755 Ne
3490 1688 3756 1756 irasca-

2188 1793 2362 1858 mini
2390 1793 2458 1858 iu
2491 1793 2630 1859 via.
2678 1792 2784 1859 Ad
2824 1794 3116 1861 Roman.
3180 1815 3301 1877 xu,
3354 1795 3476 1863 18:
3554 1794 3760 1879 Quod

2185 1923 2270 1966 ea.-
2311 1899 2499 1967 vobis
2540 1911 2664 1979 est,
2704 1902 2767 1968 si
2807 1901 2966 1990 fieri
3011 1910 3258 1992 potest,
3318 1924 3476 1970 cum
3527 1904 3758 1971 omni-

2185 2006 2310 2073 bus
2346 2006 2739 2075 hominibus
2756 2029 3001 2101 pacem
3038 2007 3383 2076 habentes.
3436 2008 3752 2101 Angelo-

2185 2137 2334 2182 rum
2374 2124 2726 2183 consortes
2766 2115 2920 2183 iacit
2989 2114 3346 2184 homines:
3398 2117 3525 2208 ipsi
3568 2119 3751 2185 enim

2183 2247 2395 2291 unum
2437 2230 2623 2300 sunt,
2659 2231 2726 2291 et
2764 2223 3164 2293 concordes,
3219 2222 3377 2301 Job,
3428 2246 3593 2306 χειν,
3654 2226 3736 2293 2:

2184 2332 2323 2417 Qui
2399 2332 2578 2420 lacit
2627 2330 3063 2398 concordiam
3168 2333 3237 2397 in
3317 2330 3742 2399 sublimibus

2174 2440 2343 2505 suis.
2383 2438 2491 2519 Et,
2562 2459 2847 2519 xxxviii,
2919 2439 3003 2506 37
3058 2459 3073 2506 ε
3124 2440 3538 2507 Concentum
3587 2438 3744 2507 caeli

2176 2549 2333 2638 quis
2396 2546 2700 2614 dormire
2760 2546 2975 2636 saciet
3009 2545 3051 2612 ἰ)
3088 2545 3264 2613 Vere
3315 2546 3408 2613 ibi
3452 2569 3745 2615 concen-

2176 2666 2307 2732 tus,
2343 2655 2504 2745 quia
2590 2676 2831 2722 omnes
2890 2654 2958 2721 in
3001 2676 3218 2722 unum
3284 2663 3540 2723 canunt
3573 2654 3743 2722 illud

2178 2762 2393 2836 isaiae,
2427 2784 2525 2837 vi,
2569 2762 2650 2828 3:
2698 2761 3020 2838 Sanctus,
3071 2770 3373 2840 sanctus,
3431 2773 3738 2842 sanctus,

2171 2880 2299 2939 etc.
2366 2870 2865 2939 Fortitudinem
2941 2878 3007 2938 et
3066 2870 3427 2938 victoriam
3497 2879 3734 2939 contra

2173 2980 2525 3047 inimicum
2557 2978 2819 3048 tribuit.
2855 2976 3391 3054 Unde‚Seneca:
3433 3005 3468 3042 α
3495 2979 3741 3070 Pugna

2170 3115 2202 3152 ι
2249 3087 2669 3156 unanimiter
2701 3108 3023 3180 aggressa
3051 3086 3410 3154 victoriam
3459 3088 3660 3180 parit.
3697 3116 3731 3147 »

2173 3197 2397 3288 isseg.
2478 3218 2576 3275 xi,
2635 3197 2719 3264 7:
2792 3197 3074 3288 Eqressi
3126 3205 3290 3263 sunt
3353 3197 3562 3287 quasi
3627 3197 3733 3263 vir

2168 3327 2370 3372 oneres.
2408 3302 2490 3370 Et
2553 3310 2792 3395 postea
2855 3303 3192 3396 sequitur,
3222 3309 3329 3380 ἢ.
3372 3305 3414 3370 9
3456 3310 3524 3372 et
3552 3325 3731 3396 seq„

2166 3410 2349 3503 quod
2365 3416 2844 3502 percusserunt
2877 3410 3206 3488 Ammon,
3234 3412 3351 3502 qui
3372 3409 3736 3480 obsidebat

2160 3520 2367 3587 Jabes
2388 3518 2673 3588 Galaad.
2722 3517 3047 3589 Proverb.
3109 3542 3304 3600 xvm,
3347 3521 3743 3588 itlerater

2163 3629 2287 3719 qui
2343 3626 2734 3717 adjuratur
2797 3651 2841 3693 a
2898 3630 3148 3717 fratre,
3210 3627 3417 3717 quasi
3493 3628 3740 3695 civitas

2160 3739 2396 3826 firma.
2442 3734 2865 3826 Religionem
2925 3735 3218 3804 aedificat
3264 3744 3329 3804 et
3368 3736 3731 3815 construit,

2165 3845 2186 3912 Ι
2235 3841 2531 3934 l‘aralip.
2566 3865 2800 3922 xxviii,
2844 3846 2884 3910 3
2931 3851 3000 3911 et
3056 3844 3122 3918 5,
3185 3842 3354 3910 dixit
3389 3843 3731 3911 Dominus

2160 3950 2244 4018 ad
2276 3948 2495 4018 David
2525 3949 2720 4020 :Non
2749 3947 3129 4038 «edificabis
3151 3949 3437 4017 domum
3457 3950 3730 4018 nomini

2161 4081 2333 4134 meo,
2366 4081 2442 4124 eo
2469 4055 2665 4148 quod
2692 4056 2789 4124 sis
2827 4056 2933 4124 cir
2963 4054 3288 4135 bellator,
3329 4064 3399 4124 ει
3432 4058 3736 4147 sanqui-

2159 4187 2310 4232 nem
2347 4162 2704 4253 luderis...
2764 4161 2910 4232 Sed
2941 4170 3009 4230 et
3042 4161 3131 4229 de
3173 4162 3354 4253 filiis
3409 4164 3552 4231 tuis
3597 4163 3735 4231 ele·

2154 4275 2232 4364 qi
2286 4270 2850 4351 Salomonem,...
2884 4269 3010 4360 qui
3066 4268 3470 4359 «edificabit.
3510 4268 3720 4340 Eccli.

2158 4400 2363 4454 xtvn,
2407 4378 2531 4445 15:
2573 4376 2906 4444 Salomon
2947 4376 3319 4469 imperavit
3356 4377 3427 4443 in
3484 4374 3731 4444 diebus

2151 4485 2371 4576 μαεὶε,
2402 4483 2521 4551 eui
2542 4480 2840 4572 subjecit
2878 4483 3064 4552 Deus
3101 4503 3335 4549 omnes
3365 4481 3613 4560 hostes,
3651 4491 3731 4551 ut

2156 4589 2471 4658 conderet
2498 4590 2782 4658 domum
2848 4590 2921 4658 in
2970 4588 3247 4657 nomine
3290 4610 3446 4671 suo,
3496 4599 3561 4657 ει
3599 4613 3734 4682 pa·

2158 4707 2343 4767 raret
2377 4700 2814 4767 sanctitatem
2891 4699 2964 4765 in
3000 4697 3525 4789 sempiternum.
3567 4696 3731 4765 Em-

2152 4808 2410 4876 caciam
2477 4807 2771 4876 orationi
2856 4804 3121 4886 tribuit,
3188 4802 3430 4874 Mattb.
3525 4827 3724 4885 xvnt,

2155 4922 2285 4986 20:
2334 4915 2468 4985 Ubi
2527 4924 2692 4982 sunt
2745 4915 2885 4983 duo
2941 4914 3054 4983 cel
3113 4923 3251 4983 tres
3323 4915 3730 5006 conqreqati

2156 5032 2226 5098 in
2264 5029 2543 5095 nomine
2587 5050 2759 5105 meo,
2821 5025 2921 5093 ibi
2978 5048 3136 5094 sum
3187 5026 3257 5093 in
3324 5024 3552 5092 medio
3606 5048 3726 5094 eo·

2154 5158 2335 5206 rum.
2376 5134 2454 5203 Et
2515 5156 2811 5211 rursum,
2852 5139 2918 5210 5.
2967 5133 3093 5201 ¹9:
3127 5132 3211 5202 Si
3240 5131 3380 5199 duo
3411 5155 3499 5200 ea:
3531 5132 3725 5201 vobis

2152 5244 2609 5311 consenserint
2643 5262 2851 5334 super
2897 5249 3180 5318 terram,
3251 5238 3338 5306 de
3400 5241 3595 5308 omni
3648 5263 3721 5308 re

2152 5373 2662 5447 quamcumque
2689 5349 3041 5443 petierint,
3073 5346 3196 5437 fiet
3223 5346 3546 5417 illis.Per
3564 5370 3717 5417 eam

2152 5469 2441 5554 augetur
2469 5459 2689 5554 gratia
2726 5467 2792 5529 et
2837 5455 3104 5538 crescit,
3146 5456 3299 5526 Act.
3345 5477 3417 5535 ιι,
3468 5458 3498 5524 1
3537 5457 3713 5526 et2:

2155 5573 2379 5640 Erant
2418 5593 2650 5638 omnes
2694 5567 2967 5662 pariter
3010 5564 3086 5634 in
3123 5563 3358 5635 codem
3413 5564 3586 5634 loco.
3630 5562 3720 5633 Et

2155 5678 2317 5769 quid
2358 5678 2667 5771 sequitur
2685 5676 2722 5744 ⁶?
2747 5676 3004 5745 Factus
3022 5684 3124 5744 est
3148 5682 3423 5766 repente
3441 5671 3529 5742 de
3547 5671 3718 5741 coelo
