5008 6329
2151 399 2864 471 COMMENTARIUS
2914 401 3009 468 IN
3057 401 3492 473 PSALMUM
3543 402 3715 473 (2111.

1322 575 1670 656 peccalum
1717 591 1853 635 non
1898 570 2064 658 fecit
2096 592 2137 637 ι.
2184 569 2295 652 Et,
2332 572 2515 641 Psal.
2566 598 2743 653 xciv,
2789 577 2826 643 3
2865 597 2879 640 :

1324 675 1676 762 Speciosus
1712 678 1949 765 forma
1971 701 2123 768 prae
2159 680 2339 768 filiis
2383 683 2764 750 hominum.
2801 681 2885 748 Et

1324 783 1465 870 ipsa
1493 782 1752 862 lumen,
1800 785 1962 874 quia
2003 787 2088 854 nd
2128 789 2424 858 litteram
2457 793 2527 858 in
2578 812 2884 858 resurre-

1322 891 1501 958 tione
1539 890 1717 960 facta
1746 901 1846 960 est
1895 894 2188 966 lucidior
2225 900 2394 967 sole.
2438 896 2875 978 HominibuS‚

1321 999 1429 1090 qui
1470 1008 1631 1069 sunt
1684 1001 1829 1082 lux,
1866 1008 2160 1076 amictus
2210 1016 2312 1075 est
2355 1015 2708 1096 tamquam
2755 1028 2880 1073 ve-

1317 1106 1657 1176 stimento.
1707 1111 1814 1179 Ad
1852 1112 2108 1202 Ephes.
2167 1138 2236 1193 ν,
2300 1116 2341 1181 8
2402 1136 2416 1179 :
2467 1115 2708 1181 Eratis
2748 1112 2879 1180 ali-

1317 1217 1591 1307 quando
1622 1220 1935 1300 tenebrae,
1970 1243 2159 1291 nunc
2190 1232 2423 1288 autem
2456 1221 2584 1289 lux
2628 1223 2698 1289 in
2733 1223 2878 1290 Do-

1314 1326 1521 1393 mino.
1558 1327 1643 1396 Et
1679 1328 2273 1398 circumdantibus
2300 1352 2372 1396 se
2401 1329 2595 1409 dixit,
2631 1329 2868 1397 Matth.

1310 1456 1379 1511 ν,
1426 1434 1506 1501 14
1551 1457 1566 1503 :
1634 1439 1756 1505 Vos
1794 1437 1954 1503 estis
2006 1437 2137 1504 lux
2175 1437 2448 1504 mundi.
2511 1437 2639 1506 isa.
2685 1461 2867 1521 xcix,

1317 1540 1396 1607 18
1437 1562 1454 1606 z
1521 1542 1678 1608 Vivo
1728 1564 1876 1632 eqo,
1924 1541 2097 1609 dicit
2148 1544 2516 1624 Dominus,
2549 1545 2717 1635 quia
2764 1544 2872 1609 leis

1311 1645 1624 1713 omnibus
1650 1645 1839 1714 velut
1877 1658 2282 1717 ornamento
2321 1652 2641 1718 vestieris.

1396 1752 1636 1820 Active
1678 1753 1885 1821 etiam
1917 1754 2053 1847 legi
2085 1765 2334 1847 potest.
2363 1757 2513 1847 Ipse
2544 1758 2726 1825 enim
2771 1763 2873 1824 est

1309 1857 1578 1946 quinos
1618 1859 1839 1928 induit
1878 1862 2334 1941 confessione,
2369 1863 2539 1930 dans
2579 1863 2868 1953 gratiam

1309 1965 1670 2034 confitendi
1709 1977 2014 2059 peccata,
2066 1969 2138 2036 in
2188 1989 2323 2060 qua
2352 1968 2625 2037 sordida
2654 1969 2868 2060 culpae

1308 2071 1712 2162 deponimus
1740 2077 2177 2153 vestimenta,
2222 2083 2289 2145 et
2331 2076 2573 2145 decore
2612 2100 2738 2145 nos
2770 2078 2868 2143 in-

1305 2177 1447 2245 duit
1504 2180 1862 2248 virtutum.
1924 2180 2127 2262 Quod
2196 2182 2654 2273 significatum
2710 2183 2862 2268 fuit,

1304 2281 1569 2365 Esther,
1587 2307 1678 2363 ιν,
1698 2285 1737 2351 4
1757 2287 2128 2377 :Deposuit
2157 2288 2557 2355 vestimenta
2578 2297 2864 2355 ornatus

1299 2388 1433 2470 sui,
1467 2398 1529 2457 et
1558 2391 1990 2461 circumdata
2034 2401 2132 2459 est
2175 2391 2412 2484 qim-ia
2437 2416 2593 2462 sua.
2628 2393 2865 2485 Augu-

1300 2497 1514 2564 stinus
1548 2520 1563 2566 :
1610 2498 2033 2568 «induimus
2072 2500 2604 2583 confessionem,
2648 2524 2862 2593 quan·

1311 2630 1339 2666 α
1374 2602 1460 2672 do
1512 2604 1811 2673 Domino
1853 2607 2335 2677 universaliter
2383 2609 2792 2679 confitemur
2831 2630 2850 2679 t

1302 2737 1335 2777 α
1367 2711 1708 2793 decorem,
1733 2715 2012 2804 quando
2043 2715 2415 2786 virtutibus
2435 2739 2785 2785 ornamur.
2817 2743 2852 2778 κ

1299 2816 1489 2896 ltem.
1536 2821 1716 2889 idem
1754 2845 1769 2889 ε
1808 2851 1844 2887 α
1877 2823 2286 2892 Accusando
2319 2825 2539 2915 incipe
2576 2826 2855 2894 contite-

1299 2955 1328 2990 ιι
1373 2929 1453 3007 ri.
1485 2952 1525 2996 a
1554 2929 1981 2999 consessione
2012 2931 2256 3022 incipis
2281 2930 2610 3012 decorari,
2645 2932 2854 3000 deco-

1295 3060 1327 3099 «
1367 3044 1512 3103 rata
1549 3060 1589 3104 a
1619 3037 1931 3127 specioso
1962 3061 2102 3130 prae
2143 3037 2302 3108 tiliis
2340 3037 2700 3109 hominum
2742 3041 2853 3107 in-

1295 3169 1327 3206 «
1367 3142 1536 3235 cipis
1565 3145 1805 3214 amari.
1858 3176 1892 3208 υ
1943 3143 2097 3237 lpse
2146 3153 2378 3215 tamen
2424 3148 2712 3216 amictus
2750 3153 2852 3216 est

1292 3250 1546 3323 lumine
1603 3254 1779 3323 sicut
1835 3257 2280 3335 vestimentu,
2341 3264 2416 3324 ut
2471 3266 2851 3348 quantum-

1290 3382 1580 3452 cumque
1622 3361 1919 3444 coneris‚
1954 3384 2099 3431 non
2132 3363 2353 3453 possis
2392 3362 2848 3454 comprehen-

1289 3464 1467 3536 dere.
1503 3466 1530 3534 1
1570 3468 1656 3537 ad
1681 3467 1984 3538 Timoth.
2018 3492 2115 3548 vr.
2168 3471 2247 3538 ¹6
2288 3493 2311 3537 .·
2350 3472 2597 3538 Lucem
2639 3470 2847 3539 inha-

1289 3572 1457 3641 bitot
1487 3575 2045 3647 inaccessibilem.
2080 3575 2352 3670 Quippe
2392 3579 2676 3669 ipsemet
2714 3577 2842 3646 sibi

1287 3690 1383 3750 est
1414 3680 1925 3754 indumentum.
1959 3682 2072 3763 Et,
2098 3682 2351 3755 Noun.
2384 3708 2432 3766 ι,
2461 3686 2529 3766 5,
2551 3686 2839 3755 dicitur:

1291 3790 1467 3857 Dens
1508 3788 1638 3858 lm:
1685 3800 1808 3872 est,
1841 3799 1907 3859 et
1949 3790 2242 3859 tenebra·
2291 3793 2361 3859 in
2389 3815 2465 3859 eo
2502 3815 2638 3861 non
2681 3801 2845 3860 sunt

1291 3897 1480 3967 ullae.

1367 4146 1400 4180 α
1432 4116 1830 4184 Extendens
1867 4117 2143 4186 coelum.
2185 4145 2221 4181 ι
2267 4117 2391 4187 nic
2428 4118 2832 4198 secundum,

1270 4222 1337 4291 in
1377 4246 1514 4315 quo
1554 4222 1902 4292 descendit
1932 4223 2020 4293 nd
2057 4226 2587 4318 specificandum
2628 4249 2835 4317 opera

1268 4337 1553 4408 naturae,
1580 4329 1649 4397 in
1680 4328 1933 4421 quibus
1962 4329 2151 4399 Deus
2173 4333 2648 4424 magnificatus
2676 4338 2778 4401 est
2809 4353 2827 4400 ε

1268 4444 1333 4505 et
1369 4436 1687 4506 dicuntur
1714 4434 1879 4506 duo.
1923 4435 2188 4516 Primo,
2254 4437 2324 4507 in
2380 4438 2830 4532 dispositione

1270 4552 1758 4613 creaturarum.
1808 4544 2159 4632 Secundo,
2194 4548 2264 4615 in
2309 4548 2830 4616 conservatione

1265 4648 1772 4744 dispositarum,
1798 4650 1920 4735 ibi,
1944 4661 2009 4731 ἁ.
2043 4655 2114 4722 11
2164 4671 2182 4724 ε
2221 4679 2255 4720 «
2294 4652 2647 4723 I’otabunt
2673 4676 2828 4723 om-

1264 4781 1376 4826 nes
1405 4758 1657 4828 bestiae.
1699 4789 1732 4823 ι»

1349 4864 1426 4933 ln
1468 4867 1689 4957 prima
1727 4865 1890 4935 «luo.
1941 4865 2202 4949 Primo,
2238 4876 2658 4938 monstratur
2687 4892 2828 4939 mn·

1264 4974 1653 5062 gnifica-ntia
1716 4973 1784 5041 in
1853 4973 2303 5066 dispositione
2361 4977 2817 5069 superiorum.

1268 5078 1605 5166 Secunde,
1640 5080 1710 5149 in
1740 5078 2192 5171 dispositione
2233 5083 2656 5163 inferiorum,
2697 5080 2819 5163 ibi,

1265 5191 1324 5263 ᾗ.
1386 5189 1428 5256 5
1489 5209 1507 5255 :
1569 5216 1604 5252 οι
1640 5189 1781 5273 Qui
1803 5189 2155 5282 lmedasli.
2202 5214 2237 5256 s

1346 5291 1422 5361 In
1460 5297 1685 5385 prime
1727 5296 1893 5376 duo,
1930 5296 2093 5389 quia
2138 5296 2364 5388 primo
2404 5306 2826 5369 monstratur

1263 5402 1763 5496 magnificentie
1820 5406 1891 5472 in
1959 5405 2411 5497 dispositione
2469 5407 2825 5477 irratione·

1261 5508 1491 5581 bilium
1567 5513 2028 5604 superiorum.
2103 5513 2451 5602 Secundo,
2518 5517 2824 5586 rationa-

1337 5737 1354 5773 ¹
1380 5737 1466 5796 Cf.
1489 5739 1606 5797 lsn.
1639 5754 1759 5809 ιιιι,
1787 5739 1843 5795 ⁹.

4457 410 4542 478 35

2992 573 3257 654 bilium,
3318 575 3438 659 ibi,
3496 584 3559 654 y.
3643 580 3675 644 ί-
3732 600 3747 644 ;
3815 603 3848 642 α
3888 579 4026 663 Qui
4077 581 4258 668 sacis
4310 583 4541 674 Ληρε-

2991 679 3117 745 lOS.
3155 702 3187 743 n

3077 784 3155 851 In
3185 786 3405 874 prima
3435 787 3596 856 duo.
3641 790 3902 868 Primo,
3940 792 4238 859 ostendit
4268 797 4544 885 magni-

2988 891 3325 960 ficentiam
3366 896 3436 961 in
3492 896 3935 986 dispositione
3983 898 4133 968 coeli
4192 901 4403 968 relata
4455 901 4541 969 ad

2985 1001 3321 1070 contentu.
3386 1003 3725 1083 Secund0,
3773 1007 3983 1075 relata
4020 1008 4106 1075 ad
4154 1012 4538 1090 continens,

2984 1108 3105 1188 ibi,
3137 1115 3201 1184 ᾗ.
3237 1110 3276 1176 3
3321 1132 3336 1177 :
3378 1137 3411 1176 α
3460 1114 3597 1196 Qui
3624 1117 3797 1203 teqis
3826 1117 4047 1206 aquis.
4087 1142 4123 1178 2>

3073 1216 3250 1284 Dicit
3280 1240 3442 1309 ergo
3479 1241 3494 1284 :
3534 1221 3648 1287 Sic
3676 1243 3747 1288 es
3786 1222 4115 1290 creaturis
4164 1224 4543 1292 circumda-

2981 1329 3114 1401 tuS‚
3167 1332 3233 1391 et
3270 1347 3342 1392 es
3382 1350 3416 1391 α
3463 1327 3824 1395 extendens
3883 1329 4129 1396 coelum
4174 1331 4352 1397 sicut
4392 1330 4542 1422 pel·-

2983 1427 3141 1507 lem,
3188 1454 3222 1495 s
3273 1432 3434 1520 quia
3484 1435 3659 1501 sicut
3711 1434 3904 1523 peliis
3954 1458 4079 1503 sua
4139 1438 4539 1506 extensione

2978 1542 3201 1603 totum
3240 1538 3494 1606 animal
3545 1541 4084 1630 comprehendit,
4143 1544 4239 1611 sic
4287 1543 4537 1612 coelum

2979 1643 3211 1710 omnia
3231 1645 3610 1735 corporalia
3639 1646 3809 1716 hoec.
3849 1647 3977 1715 isa.
4014 1672 4196 1733 xuv,
4221 1652 4307 1716 24
4341 1669 4358 1718 t
4393 1653 4540 1719 Ex-

2977 1750 3253 1819 tendens
3280 1753 3482 1820 coelos
3500 1755 3717 1834 solus,
3740 1755 4100 1824 stabiliens
4121 1768 4399 1829 terram.
4424 1758 4463 1825 J
4469 1781 4540 1825 e-

2977 1879 3144 1923 rem.
3183 1879 3269 1940 1.1‚
3305 1860 3386 1927 15
3451 1882 3468 1926 ε
3518 1863 3942 1929 Dominus...
3976 1864 4357 1953 prudentia
4401 1886 4535 1931 sua

2975 1965 3277 2034 extendit
3314 1967 3540 2037 coelos.
3585 1969 3693 2051 Et,
3747 1971 3816 2037 in
3859 1970 3988 2038 isa.
4045 1995 4158 2056 xL,
4199 1976 4283 2040 22
4329 1995 4344 2040 ε
4393 1976 4534 2060 Qui

2974 2072 3277 2141 extendit
3313 2074 3500 2143 velut
3538 2075 3838 2144 nihilum
3893 2076 4119 2157 coelos,
4162 2089 4225 2146 et
4261 2103 4532 2172 ατρακ-

2973 2179 3078 2247 dit
3115 2203 3224 2248 eos
3247 2182 3427 2250 sicut
3456 2181 3978 2251 tabemaculnm
4008 2186 4109 2253 ad
4133 2187 4528 2257 inhabitan-

2972 2287 3165 2355 dnm.

3059 2629 3094 2670 ι
3150 2605 3289 2690 Qui
3325 2607 3499 2697 teyis
3536 2611 3758 2699 aquis.
3807 2635 3843 2673 ιι
3894 2609 4065 2679 Ecce
4113 2612 4514 2683 secundum.

2964 2709 3173 2791 Quasi
3195 2713 3450 2783 diceret
3483 2735 3500 2781 t
3538 2714 3654 2784 Sic
3684 2716 3890 2785 coelos
3920 2718 4225 2810 disponis
4255 2720 4340 2788 ad
4361 2744 4524 2790 con-

2962 2819 3342 2907 tinendum,
3387 2829 3452 2889 et
3482 2824 3688 2890 etiam
3725 2852 3758 2886 α
3788 2826 3960 2914 teyis
3988 2829 4190 2917 aquis
4215 2831 4524 2920 superio·

2961 2950 3043 2994 ra
3080 2927 3260 3017 ejus,
3297 2954 3332 2993 ι
3381 2929 3468 2997 nd
3506 2928 3826 3000 litterani.
3861 2932 4010 3000 Hoc
4045 2933 4206 3003 dicit
4243 2943 4524 3027 propter

2959 3032 3206 3103 coelnm
3284 3035 3784 3127 crystallinum,
3871 3040 4058 3131 quod
4144 3050 4245 3110 est
4319 3045 4517 3133 quasi

2958 3166 3154 3236 nquae
3199 3144 3597 3237 congelatae,
3639 3156 3705 3216 et
3755 3155 3858 3217 est
3897 3148 4249 3220 immobile
4294 3152 4520 3221 susci-

2961 3252 3154 3340 piens
3182 3249 3352 3320 lucis
3393 3252 3817 3323 influentiam
3849 3256 3934 3323 ab
3974 3279 4328 3349 empyreo.
4371 3258 4516 3328 Ge-

2957 3380 3101 3426 nes.
3154 3380 3201 3441 ι,
3243 3362 3285 3426 o
3339 3382 3356 3428 t
3411 3361 3576 3428 Fiat
3608 3362 4126 3450 firmamentum
4177 3366 4246 3433 in
4286 3367 4512 3435 medio

2956 3488 3301 3557 aquarum
3347 3489 3373 3534 .·
3427 3477 3492 3535 et
3545 3468 3816 3537 dividae
3865 3494 4086 3561 aquas
4132 3472 4219 3541 ab
4276 3477 4505 3565 aquis.

2956 3573 3218 3643 Daniel.
3258 3597 3354 3654 ιιι,
3397 3577 3484 3644 60
3526 3597 3544 3645 t
3581 3577 3992 3657 Benedicite‚
4030 3604 4229 3672 aque
4274 3604 4508 3652 omnes

2953 3706 3108 3774 φιτ
3140 3706 3348 3775 super
3382 3683 3585 3752 coelos
3607 3694 3793 3766 sunt,
3825 3687 4150 3756 Domino.

3041 3788 3238 3868 Item,
3262 3790 3494 3880 justus
3522 3792 3769 3863 coelum
3799 3803 3925 3880 est,
3949 3796 4019 3864 in
4049 3819 4189 3888 quo
4219 3796 4409 3867 sedet
4436 3806 4505 3868 et

2951 3898 3237 3989 quiescit
3283 3898 3491 3969 Deus.
3545 3899 3678 3970 lsa.
3727 3924 3908 3982 cxvi,
3954 3903 3983 3971 ¹
4025 3926 4042 3972 :
4088 3903 4356 3974 Coelum
4391 3929 4502 3974 se-

2948 4008 3065 4075 des
3103 4030 3279 4088 mea,
3321 4009 3587 4101 supple,
3644 4019 3768 4079 est.
3830 4010 3915 4081 Et
3969 4013 4272 4083 extendit
4329 4015 4500 4087 iliud

2949 4121 3226 4206 propter
3331 4114 3923 4206 eleemosynarum
4034 4117 4494 4217 largitionem,

2947 4221 3277 4292 Proverb.
3334 4245 3525 4304 xxxi,
3575 4225 3661 4293 20
3709 4228 4053 4294 :Manum
4101 4249 4304 4297 sunm
4345 4252 4504 4322 ape-

2945 4334 3090 4402 rnit
3125 4333 3339 4425 inopi,
3375 4342 3440 4402 et
3477 4333 3759 4427 palmas
3795 4347 3922 4405 etc.
3969 4334 4102 4404 Per
4135 4337 4502 4428 perfectam

2943 4438 3426 4521 obedientiam,
3446 4438 3649 4507 Joan.
3683 4463 3824 4520 xxi,
3851 4442 3968 4509 18:
3994 4443 4342 4511 Extendes
4360 4466 4510 4512 ma·

2942 4566 3072 4612 nus
3100 4553 3278 4619 tuas.
3313 4552 3379 4611 et
3406 4544 3597 4612 nlius
3624 4555 3691 4613 te
3723 4547 3973 4636 cingla,
4026 4557 4093 4615 et
4130 4548 4332 4617 ducet
4365 4572 4502 4641 qno

2942 4660 3018 4720 m
3047 4672 3182 4718 non
3220 4649 3345 4718 eis.
3381 4650 3515 4719 Per
3541 4652 4220 4745 contemplationem,
4251 4653 4496 4726 Ezech.

2937 4780 3010 4837 ιι,
3042 4759 3085 4827 9
3128 4779 3145 4825 z
3183 4755 3527 4841 Extendit‚
3569 4757 3680 4827 vel
3729 4760 4065 4850 “pandit
4092 4762 4325 4843 illum,
4358 4762 4503 4833 sci-

2938 4864 3093 4934 licet
3131 4863 3379 4933 librum
3428 4864 3841 4945 involutum,
3883 4889 4115 4937 coram
4173 4890 4300 4939 me.
4356 4870 4497 4940 Sed

2934 4977 3108 5045 sicut
3146 4974 3421 5067 pellem,
3453 4999 3576 5068 per
3601 4978 3823 5046 carnis
3861 4977 4489 5062 mortificationem,

2935 5091 3009 5151 ut
3048 5082 3202 5150 inde
3243 5082 3443 5151 faciut
3473 5083 3599 5150 sibi
3631 5083 4028 5152 tentorium.
4057 5084 4218 5164 Jol»,
4250 5108 4487 5167 xxxvi,

2935 5193 3020 5260 29
3070 5213 3087 5260 ε
3146 5191 3230 5260 Si
3284 5191 3583 5260 voluerit
3633 5190 3991 5261 extendere
4032 5191 4251 5262 nubes
4288 5195 4495 5285 quasi

2935 5299 3303 5368 tentorium
3330 5321 3563 5368 suum.

3023 5407 3262 5475 Glossa
3292 5408 3497 5476 etiam
3531 5407 3726 5477 aliter
3753 5405 3942 5497 legit,
3974 5416 4052 5477 ut
4090 5430 4211 5500 per
4236 5407 4488 5479 coelum

2933 5515 3349 5607 intelligatur
3385 5540 3578 5586 sacru
3635 5515 4008 5607 Scriptura.
4064 5515 4194 5586 Isn.
4245 5539 4482 5601 xxxxv,

4554 3829 4723 3879 'utun
4748 3838 4822 3881 ent

4526 3884 4708 3933 eol-m
4722 3889 4851 3951 quoq!

4530 3940 4661 3985 Dm
4698 3945 4851 3987 mutti-

4595 3993 4779 4049 vitetur

4572 4050 4800 4096 umidi&
