5008 6329
1964 400 2678 471 COMMENTARIUS
2728 400 2824 466 IN
2870 400 3300 468 PSALMUM
3352 402 3480 469 CL.

1108 583 1171 639 et
1237 584 1576 663 respectus
1634 577 1703 641 in
1765 574 2007 643 electos
2073 574 2297 653 illius,
2371 594 2667 661 quorum

1108 682 1373 748 animas
1405 683 1492 749 ad
1549 706 1619 751 se
1669 683 1752 750 de
1805 682 2124 772 periculis
2159 679 2393 745 mundi
2431 678 2662 743 traxit.

1110 787 1421 878 Sapient.
1459 813 1558 869 ιιι,
1599 794 1624 856 1
1669 812 1682 857 ε
1718 792 2077 857 Iustorum
2119 787 2370 852 animae
2411 786 2478 850 in
2513 806 2669 849 ma-

1105 919 1201 963 nu
1251 900 1384 964 Dei
1418 907 1603 975 sunt,
1677 908 1742 964 et
1804 919 1938 962 non
2010 902 2243 983 tonqet
2301 893 2489 974 illos,
2535 901 2660 960 etc.

1105 1004 1382 1072 Denter.
1420 1028 1658 1080 xxxin,
1695 1005 1734 1070 3
1774 1027 1788 1069 :
1836 1004 2082 1070 Omnes
2129 1003 2350 1068 sancti
2391 1003 2460 1067 in
2512 1024 2668 1068 ma-

1102 1136 1198 1179 nu
1230 1095 1433 1179 illius
1469 1121 1653 1178 sunt.
1691 1111 1775 1177 Et
1813 1118 2061 1177 tractos
2102 1119 2168 1176 et
2206 1109 2274 1177 in
2300 1132 2508 1176 manu
2548 1131 2667 1198 po-

1103 1224 1268 1289 sitos
1307 1220 1717 1288 mirabiliter
1754 1218 2180 1309 glorifieavit.
2237 1217 2418 1285 Psal.
2455 1239 2661 1297 mvii,

1105 1333 1189 1400 36
1254 1354 1270 1400 :
1349 1330 1707 1399 Mirabilis
1778 1333 1961 1398 Deus
2036 1331 2107 1396 in
2170 1330 2426 1396 sanctis
2488 1327 2658 1406 suis,

1099 1447 1226 1508 etc.

1191 1677 1227 1713 «
1257 1651 1578 1719 Loudote
1616 1673 1772 1718 eum
1830 1651 1901 1716 in
1937 1650 2400 1737 firmamento.
2438 1670 2469 1711 »
2532 1644 2661 1713 Hic

1097 1757 1506 1842 secundum,
1535 1759 1603 1825 in
1635 1778 1773 1848 quo
1795 1756 2075 1846 ponitur
2111 1752 2423 1844 specialis
2455 1753 2654 1829 rati0,

1096 1887 1247 1953 quae
1298 1887 1424 1954 pro
1469 1864 1721 1931 sanctis
1797 1861 2202 1953 specialibus
2240 1861 2650 1950 assignatur.

1095 1972 1181 2039 Et
1221 1974 1470 2063 primo,
1515 1971 1760 2037 invitat
1788 1970 1873 2038 ad
1903 1967 2321 2037 laudandum
2351 1989 2475 2057 pro
2518 1965 2659 2056 glo-

1095 2080 1194 2146 ria
1235 2077 1507 2145 Christo
1539 2080 1744 2167 capiti
1784 2075 2111 2144 exhibita.
2151 2073 2496 2156 Secund0,
2531 2095 2654 2162 pro

1093 2185 1314 2277 gloria
1347 2185 1653 2254 exhibita
1681 2185 1991 2276 AngeliS,
2024 2184 2144 2263 ibi,
2179 2191 2243 2260 ὴ.
2272 2185 2311 2250 2
2351 2205 2367 2251 :
2406 2208 2439 2248 ι(
2472 2185 2658 2251 Lau-

1095 2294 1255 2360 dato
1293 2315 1452 2360 eum
1511 2295 1582 2359 in
1641 2290 2033 2359 virtutibus.
2111 2315 2143 2354 n
2210 2289 2465 2367 TertiO,
2526 2311 2652 2379 pro

1091 2402 1313 2493 gloria
1391 2399 1697 2469 exhibita
1763 2399 2160 2468 hominibus
2227 2397 2482 2475 electi5‚
2526 2396 2648 2477 ibi,

1096 2535 1129 2575 α
1175 2509 1497 2577 Laudate
1568 2532 1723 2576 eum
1795 2507 2171 2575 secundum
2245 2506 2653 2573 multitudi-

1090 2639 1267 2684 nem.
1300 2642 1335 2682 n

1181 2724 1362 2792 Dicit
1391 2746 1556 2815 ergo
1600 2745 1616 2792 t
1665 2723 1780 2791 Sic
1811 2720 2079 2791 laudate
2110 2743 2267 2788 eum
2298 2722 2368 2787 in
2399 2719 2649 2787 sanctis

1088 2831 1260 2918 ejuS,
1296 2838 1361 2898 et
1423 2860 1456 2893 α
1491 2830 1776 2897 laudate
1814 2852 1968 2896 eum
2008 2830 2077 2895 in
2105 2828 2570 2916 firmamenm,
2609 2849 2642 2890 ι

1086 2939 1155 3006 id
1177 2946 1300 3018 est,
1344 2963 1467 3030 pro
1506 2938 1730 3029 gloria
1786 2938 1856 3005 in
1895 2937 2327 3004 firmamento
2367 2933 2640 3011 collata,

1085 3048 1552 3127 firmamento,
1622 3048 1928 3138 inquam,
1968 3069 2002 3111 ι
2044 3046 2321 3113 virtutis
2376 3042 2557 3134 ejus,
2604 3070 2638 3106 n

1082 3153 1339 3223 scilicet
1375 3154 1523 3238 Dei,
1559 3152 1691 3222 hoc
1723 3162 1847 3232 est,
1883 3151 2150 3222 Christo
2210 3153 2438 3243 capiti.
2488 3150 2641 3243 Ipse

1082 3265 1266 3332 enim
1328 3265 1842 3332 firmamentum
1899 3271 2026 3344 est,
2071 3271 2133 3329 et
2175 3260 2538 3330 causaliter
2574 3268 2641 3328 et

1079 3370 1559 3439 essentialiter.
1631 3370 2031 3449 Causaffler,
2110 3370 2172 3437 11
2226 3369 2395 3459 lleg.
2467 3390 2634 3447 xxu,

1085 3481 1164 3546 19
1203 3501 1218 3545 ε
1263 3481 1525 3547 Factus
1591 3489 1688 3545 est
1741 3481 2075 3547 Dominus
2118 3478 2638 3566 firmamentum

1076 3610 1335 3655 meum.
1371 3587 1458 3654 Et
1488 3586 1964 3663 essentialiter,
2030 3585 2277 3676 Supra,
2339 3585 2407 3651 in
2450 3582 2632 3650 l‘sal.

1074 3721 1257 3774 Lxxi,
1310 3699 1444 3765 10:
1515 3697 1678 3764 Erit
1738 3696 2254 3784 firmamentum
2295 3694 2364 3761 in
2423 3704 2632 3775 terra,

1079 3807 1147 3873 in
1204 3805 1499 3873 summis
1556 3803 1919 3871 montium.
1985 3799 2189 3869 Eccli.
2269 3822 2457 3881 χιιιι,
2533 3804 2561 3870 1
2614 3825 2629 3870 :

1076 3914 1499 3983 Altitudinis
1561 3913 2107 4003 firmamentum,
2178 3910 2635 4003 pulchritudo

1075 4020 1258 4110 ejus·
2204 4034 2211 4041 ’

1167 4125 1525 4206 Similiter,
1590 4134 1880 4216 utroque
1939 4122 2143 4193 modo
2201 4125 2423 4192 virtus
2461 4124 2637 4193 dici-

1072 4246 1234 4306 tur:
1279 4235 1669 4318 causaliter,
1714 4235 1960 4325 Supra,
2011 4232 2193 4301 Psal.
2227 4255 2503 4316 cxxxix,
2549 4235 2629 4304 8:

1071 4346 1395 4427 Domine,
1459 4346 1782 4419 Domine,
1825 4344 2044 4409 virtus
2112 4340 2365 4409 salutis
2437 4363 2627 4410 meoe.

1073 4452 1133 4520 11
1176 4453 1349 4545 Reg.
1406 4475 1571 4532 xxu,
1643 4454 1745 4520 2:
1808 4450 2151 4518 Dominus
2190 4459 2392 4543 petra
2450 4473 2628 4529 mea,

1068 4572 1132 4628 et
1162 4560 1378 4629 robur
1441 4582 1691 4627 meum.
1768 4556 2254 4641 Essentialiter,
2292 4555 2321 4623 I
2359 4556 2445 4625 ad
2491 4555 2632 4627 Co-

1072 4670 1278 4738 rinth.
1337 4692 1385 4748 1,
1431 4671 1516 4737 23
1557 4677 1623 4737 et
1681 4669 1766 4735 22
1810 4690 1826 4735 :
1886 4668 2029 4736 Nos
2072 4667 2623 4759 praedicamus...

1072 4780 1426 4848 Christum
1457 4778 1592 4845 Dei
1650 4778 1994 4857 virtutem,
2062 4786 2127 4844 et
2173 4777 2309 4845 Dei
2359 4777 2633 4868 sopien-

1069 4888 1267 4955 tiom.
1310 4884 1419 4954 Ad
1450 4884 1744 4952 Roman.
1781 4907 1827 4965 ι,
1886 4885 1971 4951 20
2016 4906 2031 4951 :
2067 4883 2464 4952 Invisibilia
2517 4886 2631 4975 ip-

1064 4994 1235 5072 sim,
1271 4990 1529 5059 scilicet
1560 4988 1713 5069 Dei,
1741 5013 1867 5082 per
1894 5012 1973 5057 ea
2002 5012 2154 5081 quer
2180 4993 2376 5081 foeta
2435 5000 2624 5069 sunt,

1070 5097 1451 5175 intellecta,
1523 5097 2041 5188 conspiciuntur
2096 5119 2119 5163 .·
2210 5098 2628 5189 sempiterna

1069 5230 1342 5301 quoque
1380 5205 1538 5295 ejus
1565 5208 1810 5286 virtus,
1844 5216 1905 5274 et
1935 5206 2290 5277 diuinitas·

1164 5533 1545 5601 «Laudato
1597 5552 1754 5598 eum
1823 5530 1893 5596 in
1946 5527 2341 5596 virtutibus.
2379 5552 2413 5593 ι
2457 5525 2629 5595 Ecce

1070 5637 1480 5708 secundum.
1524 5637 1736 5718 Quasi
1791 5634 2093 5705 diceret:
2152 5634 2455 5703 Laudato
2506 5658 2628 5726 pro

1070 5743 1293 5838 gloria
1320 5743 1593 5813 homini
1642 5742 1910 5814 Christo
1954 5739 2283 5827 exhibita,
2316 5747 2385 5811 et
2421 5742 2627 5809 etiam

1323 5894 1446 5939 m

4202 405 4330 473 545

2789 596 2822 634 ι(
2860 572 3143 636 laudate
3173 594 3323 636 eum
3367 574 3433 636 in
3470 574 3837 640 virtutibus
3894 575 4072 663 esem,
4121 599 4152 638 >³
4196 572 4328 641 hoc

2784 687 2907 754 est,
2951 701 3072 767 pro
3103 678 3317 767 gloria
3356 680 3720 746 virtutibus
3763 682 4102 771 Angelicis
4142 681 4322 761 data,

2785 808 2932 875 quae
2971 794 3106 853 suae
3138 796 3289 852 sunt
3315 790 3675 866 creatione,
3713 798 3773 854 et
3809 790 4323 858 confirmatione

2780 895 2850 960 in
2881 894 3120 985 gloria,
3155 918 3274 984 pro
3316 920 3444 984 qua
3494 895 3710 985 gloria
3742 905 3802 962 et
3848 898 4008 985 ipsae
4040 899 4324 965 virtutes

2779 998 3079 1066 laudant.
3118 999 3173 1063 ΙΙ
3212 999 3426 1066 l’aral.
3484 1002 3549 1065 in
3608 1001 3912 1067 oratione
3961 1000 4317 1079 Manassae,

2781 1108 2848 1172 in
2881 1106 3011 1171 line
3059 1130 3072 1172 :
3142 1105 3471 1172 Laudabo
3515 1116 3601 1185 te,
3671 1108 3987 1181 Domine,
4058 1131 4321 1199 semper

2778 1211 3092 1279 omnibus
3135 1211 3370 1278 diebus
3418 1215 3569 1280 ritae
3617 1237 3802 1291 meze,
3863 1217 4192 1305 quoniam
4259 1226 4321 1282 te

2779 1318 3027 1385 laudat
3058 1320 3275 1385 omnis
3308 1321 3521 1385 virtus
3550 1320 3898 1386 caetorum.

2868 1557 2899 1596 «
2944 1533 3254 1598 Laudato
3304 1554 3482 1598 eum.
3528 1557 3560 1596 »
3606 1530 3729 1597 llic
3791 1532 4066 1598 tertium
4135 1533 4319 1622 quod

2771 1648 2957 1728 patet
2986 1663 3069 1706 ex
3098 1642 3244 1730 ipso
3279 1640 3479 1707 modo
3519 1639 3867 1730 loquendi,
3912 1640 4165 1707 scilicet
4223 1644 4320 1708 in-

2770 1747 3008 1814 vitatio
3039 1748 3123 1815 ad
3171 1748 3439 1815 laudem
3496 1771 3618 1838 pro
3676 1748 4038 1816 collatione
4081 1748 4317 1838 gloriae

2771 1854 3088 1922 omnibus
3119 1854 3370 1922 electis.

2856 1963 2971 2030 Ait
3017 1964 3198 2031 enim
3246 1986 3259 2030 :
3298 1961 3409 2031 Sic
3460 1963 3728 2031 laudate
3769 1986 3891 2053 pro
3922 1963 4139 2055 gloria
4195 1963 4314 2033 ho-

2766 2071 2934 2137 mini
2974 2069 3241 2138 Christo
3299 2070 3621 2149 exhibita,
3668 2073 4015 2140 etsanctis
4078 2073 4310 2164 Ange·

2765 2176 2872 2260 lis,
2916 2184 2981 2245 et
3037 2180 3242 2247 etiam
3313 2204 3344 2242 α
3382 2179 3667 2246 laudate
3722 2203 3877 2246 eum
3933 2185 4308 2249 secundum

2765 2285 3277 2352 multitudinem
3334 2287 3839 2375 aenaqne'tmle'nis
3897 2287 4078 2376 ejus,
4143 2313 4175 2352 n
4239 2288 4307 2354 id

2763 2400 2886 2472 est,
2948 2393 3320 2460 secundum
3386 2394 3674 2481 gloriam
3742 2417 3944 2485 quam
4004 2394 4307 2463 extendit

2761 2499 2844 2568 ad
2885 2524 3159 2569 omnem
3229 2502 3729 2569 multitudinem
3802 2503 4171 2570 electorum
4218 2525 4304 2572 ex

2760 2610 3044 2678 diversis
3076 2611 3402 2699 partibus,
3464 2621 3529 2679 et
3569 2612 3851 2679 diversis
3888 2612 4307 2680 conditioni-

2756 2715 2884 2784 bus
2950 2716 3151 2806 hujus
3218 2718 3476 2785 munuli.
3578 2720 3826 2786 lterum
3923 2719 4305 2786 ostenditur

2759 2827 3120 2894 multitudo
3154 2826 3639 2917 magnitudinis
3678 2827 3923 2894 ‹livinae
3957 2829 4024 2894 in
4073 2825 4304 2895 homi-

2754 2956 2920 3002 num
2960 2932 3175 3001 salute
3200 2935 3311 3025 qui
3349 2944 3479 3001 tam
3518 2934 3989 3001 miserabiliter
4018 2957 4302 3002 corrue-

2753 3049 2910 3109 runt
2940 3043 3006 3108 in
3037 3042 3258 3132 primo
3290 3040 3589 3109 homine.
3617 3042 3720 3108 Ad
3759 3041 4010 3132 Ephes.
4056 3064 4125 3121 ιι,
4163 3042 4202 3108 4
4232 3050 4298 3110 et

2751 3151 2790 3219 5
2839 3174 2853 3218 :
2913 3153 3206 3243 Propter
3258 3152 3546 3218 nimiam
3622 3151 4023 3217 charitatem
4087 3174 4290 3218 suom

2740 3282 2889 3350 qua
2928 3258 3178 3325 dilexit
3204 3283 3347 3330 nos,
3382 3267 3443 3323 et
3508 3279 3662 3324 eum
3702 3281 3995 3325 essemus
4031 3258 4292 3326 mortui

2739 3367 3058 3456 peccatis,
3138 3367 3634 3453 convivificavit
3706 3388 3827 3432 nos
3875 3367 3945 3433 in
3989 3366 4286 3435 Christo·

2743 3471 2989 3540 Tliren.
3065 3496 3157 3549 ιιι,
3230 3476 3313 3539 22
3367 3493 3380 3540 ε
3469 3474 3954 3541 ,tti.s·e1·e·cm·‹liae
4008 3473 4296 3541 Domini

2745 3580 2913 3671 quia
2969 3604 3100 3646 non
3157 3604 3395 3647 summ·
3469 3581 3876 3670 consumpti,
3920 3582 4088 3671 quia
4155 3603 4289 3647 nou

2744 3686 3133 3777 dejecerunt
3171 3689 3636 3753 miserationes
3661 3686 3838 3776 (jus.

2835 4048 2868 4088 α
2902 4021 3215 4092 Laudato
3243 4045 3391 4089 eum
3419 4024 3487 4087 in
3515 4046 3678 4088 ,ωηο
3701 4020 3903 4088 tuber.
3938 4046 3971 4086 ιι
4017 4020 4142 4088 llic
4174 4043 4287 4088 se-
4448 4033 4507 4102 3

2738 4129 2960 4198 cunda
2989 4153 3143 4220 pars
3174 4128 3451 4205 Psalmi,
3490 4129 3554 4195 iu
3596 4152 3725 4219 qua
3760 4129 3998 4195 invitat
4037 4128 4286 4195 adden·
4314 4134 4615 4245 posrffflisszi

2740 4235 2827 4304 do
2867 4237 3174 4304 modum.
3212 4234 3553 4323 Secundo,
3615 4234 3906 4302 ostendit
3964 4235 4059 4302 sic
4129 4233 4284 4302 lau-
4617 4223 4630 4236 ⁶

2740 4344 2943 4412 dandi
2974 4343 3283 4434 dignum,
3329 4341 3448 4423 ihi,
3490 4350 3552 4418 §a
3589 4345 3629 4407 (3
3673 4363 3688 4410 :
3728 4367 3761 4405 α
3801 4341 4043 4411 Omnis
4069 4344 4286 4434 spiri-

2738 4464 2875 4521 tus.
2911 4479 2944 4518 »

2831 4561 3059 4629 Prima
3080 4583 3235 4650 pars
3264 4566 3486 4650 posset
3512 4557 3717 4625 dividi
3745 4560 3810 4625 in
3842 4566 4025 4639 octo,
4049 4583 4287 4628 secun·

2738 4667 2898 4736 dum
2932 4677 3083 4736 octo
3114 4691 3362 4758 genera
3414 4666 3773 4733 modorum
3816 4667 4136 4735 laudandi
4163 4691 4284 4759 per

2737 4770 3044 4841 ordinem
3081 4774 3144 4839 in
3178 4771 3422 4839 littera.

2824 4877 3040 4946 Aliter
3066 4881 3269 4945 etiam
3305 4889 3526 4970 posset
3576 4879 3782 4945 «lividi
3828 4877 4142 4947 l‘salmus
4185 4880 4280 4946 is·
4334 4919 4505 4966 mm„
4540 4919 4609 4965 ‹u-

2734 4993 2825 5067 te,
2868 4994 2938 5053 ut
2971 4984 3191 5076 primo
3224 4985 3457 5052 invitet
3482 4984 3565 5052 ad
3598 4984 4012 5053 laudandum
4058 4985 4275 5053 Deum
4405 4975 4544 5022 ‘³⁸¹⁰‘

2734 5116 2858 5184 pro
2897 5093 3111 5185 gloria
3165 5105 3585 5174 sanc-torum,
3645 5093 3903 5162 addens
3945 5095 4275 5163 rationem

2734 5200 3147 5292 generalem,
3204 5201 3376 5267 sieut
3440 5203 3695 5269 «lictum
3738 5212 3861 5277 est,
3906 5210 3973 5270 et
4011 5204 4280 5292 exposi-

2735 5316 2905 5374 tum.
2944 5304 3284 5388 Secundo,
3320 5307 3628 5374 amu-mlo
3661 5308 4049 5400 specialem.

2824 5413 2909 5480 Et
2963 5415 3210 5503 primo.
3270 5438 3392 5505 pro
3463 5415 3680 5506 gloria
3748 5415 4011 5507 Virgini
4080 5415 4280 5485 Matri

2734 5521 3059 5590 exhibita.
3130 5521 3470 5600 Secundo,
3532 5547 3654 5614 pro
3720 5522 3937 5613 gloria
4030 5527 4282 5593 sanctis

2733 5628 3016 5722 Angelis
3044 5627 3311 5708 collata,
3346 5631 3516 5697 sicut
3538 5637 3603 5697 et
3624 5631 3834 5720 prius,
3862 5631 3981 5714 ibi,
4030 5657 4059 5694 α
4085 5634 4283 5701 Lau-

2735 5741 2895 5810 date
2929 5762 3087 5808 eum
3153 5742 3224 5810 in
3281 5740 3673 5809 virtutibus.
3748 5770 3780 5806 »
3850 5742 4107 5827 'sei-tio,
4154 5766 4282 5835 pro

3990 5878 4058 5934 35
