5008 6329
899 638 1015 702 ¹8

1920 450 2627 520 COMMENTARIUS
2676 449 2769 517 IN
2818 450 3256 521 PSALMUM
3309 453 3603 524 CXLIV.

1245 639 1277 680 α
1319 618 1547 711 Prope
1583 629 1681 687 est
1719 623 2087 690 Dominus.
2125 652 2156 683 »ι
2215 622 2341 691 Hic
2399 622 2697 704 tertium,

1076 752 1081 757 ·
1150 723 1404 795 scilicet
1467 732 1937 821 promptitudo
1995 733 2082 800 ad
2139 730 2599 800 audiendum:
2637 739 2703 797 et
2808 728 3003 808 turis,
3041 728 3158 810 ibi,
3207 756 3241 798 α
3282 734 3380 801 Ec
3404 733 3652 801 salvos.
3693 761 3727 796 n

1149 832 1469 904 dicuntur
1541 840 1703 907 duo.
1771 839 2031 919 Primo,
2100 840 2565 932 promptitudo
2615 839 2698 906 ad

1144 943 1559 1013 audiendum
1593 947 1937 1014 asseritur.
1977 946 2317 1025 Secundo,
2362 947 2698 1038 specifica-

4237 461 4367 530 509

2813 621 3142 690 sentibus.
3190 623 3533 705 SecundO,
3571 626 3651 693 de
3684 628 3986 696 cavendo
4019 628 4146 696 sibi
4187 653 4224 697 a
4253 630 4365 697 fu-

2895 835 3073 905 Dicit
3102 862 3265 931 ergo
3311 864 3327 908 :
3378 840 3491 910 Sic
3532 851 3887 934 promptus
3918 853 4019 912 est
4047 845 4131 913 ad
4162 868 4360 914 exau-

2806 944 3154 1029 diendum,
3219 957 3286 1016 et
3348 951 3551 1019 etiam
3605 978 3637 1018 α
3699 954 4147 1033 voluntatem,
4213 957 4360 1024 »id

1145 1059 1253 1120 tur
1280 1055 1398 1144 qui
1429 1063 1589 1122 sunt
1620 1056 1737 1145 qui
1768 1054 2165 1135 audiuntur,
2200 1055 2317 1136 ibi,
2375 1081 2409 1123 α
2454 1057 2698 1126 Omni·
2805 1060 2928 1131 est,
3000 1055 3440 1141 desiderium,
3516 1086 3545 1124 α
3605 1061 3843 1149 saciet,
3891 1087 3923 1128 ι
4005 1084 4143 1130 non
4202 1085 4359 1131 om-

1143 1158 1268 1234 bus
1300 1161 1803 1240 invocantibus,
1852 1189 1885 1225 »
1920 1163 2219 1233 secundo
2261 1167 2646 1255 repetitum.

2804 1162 3020 1241 nium,
3056 1163 3218 1254 quia
3247 1166 3705 1254 quorumdam
3739 1169 3921 1237 mala
3949 1179 4134 1250 sunt,
4172 1196 4204 1237 α
4236 1172 4361 1239 sed

1228 1267 1346 1335 Ait
1410 1291 1573 1358 ergo
1620 1290 1635 1334 ε
1677 1267 1790 1337 Sic
1814 1270 1996 1359 juste
2047 1272 2288 1363 affligit
2334 1271 2418 1340 ad
2465 1293 2694 1339 corre·
2802 1269 3190 1339 timentium
3227 1297 3318 1340 se.
3363 1301 3392 1338 υ
3436 1276 3644 1345 Eccli.
3680 1300 3750 1360 ιι,
3800 1279 3840 1346 8
3878 1302 3892 1346 :
3933 1280 4071 1364 Qui
4099 1282 4352 1348 timetis

1137 1374 1581 1467 ctionen1,[sic
1601 1377 1978 1446 sanctificat
2006 1379 2356 1469 perillam,
2392 1386 2456 1446 et
2486 1379 2690 1446 etiam

1138 1510 1170 1541 «
1211 1483 1553 1550 Dominus
1592 1494 1689 1550 est
1712 1508 1952 1576 prope,
1993 1510 2025 1551 ι
2060 1493 2412 1577 tamquam
2455 1507 2689 1575 prom-

1134 1599 1289 1680 ptus
1320 1590 1404 1659 ad
1430 1591 1877 1662 audiendum.
1924 1594 2261 1663 Omnibus
2300 1597 2685 1665 invocanti-

1133 1697 1259 1766 bus
1290 1720 1362 1766 se
1390 1721 1604 1791 prope
1635 1709 1736 1769 est
1771 1723 1787 1768 ε
1824 1703 2010 1792 quia,
2043 1700 2130 1769 ad
2168 1700 2419 1793 Philip.
2464 1726 2557 1785 ιν,
2615 1705 2680 1781 6,

1123 1805 1376 1875 dicitur
1417 1831 1433 1875 t
1468 1811 1814 1877 Dominus
1835 1832 2054 1902 prope
2081 1820 2202 1891 est,
2247 1811 2431 1879 nihil
2478 1811 2687 1880 solli-

1127 1914 1249 1981 citi
1291 1916 1468 1984 sitis.
1520 1917 1672 1985 Act.
1719 1939 1887 2001 xvii,
1942 1919 2026 1986 2¹1
2083 1941 2098 1985 :
2156 1920 2483 2004 Quamvis
2549 1943 2681 1987 non

1132 2020 1333 2113 lonqe
1360 2024 1451 2090 sit
1480 2022 1568 2092 ab
1612 2046 2022 2117 unoquoque
2049 2036 2382 2095 nostrum.
2425 2027 2680 2096 Tamen

1129 2131 1347 2222 magis
1415 2153 1625 2222 prope
1684 2134 2066 2216 orantibus,
2105 2133 2342 2204 Jacob.
2414 2158 2506 2214 tv,
2574 2137 2674 2204 8:

1124 2237 1696 2327 Appropinquate
1749 2240 1921 2319 Deo,
1990 2249 2051 2307 et
2095 2240 2680 2336 appropinquabit

1124 2342 1335 2412 cobis.
1380 2344 1948 2438 Appropinquate
2003 2370 2127 2438 per
2164 2349 2568 2430 orationem,
2612 2357 2672 2418 et

1121 2448 1264 2540 ipse
1325 2452 1906 2544 appropinquabit
1955 2477 2076 2546 per
2131 2456 2320 2547 petiti
2380 2455 2675 2548 largitio·

1119 2580 1304 2627 nem.
1377 2559 1506 2629 lsa.
1578 2584 1688 2641 nv,
1734 2564 1774 2629 6
1838 2586 1855 2631 ε
1923 2564 2242 2633 Invocate
2301 2587 2455 2633 eum
2503 2564 2670 2633 dcem

1110 2689 1327 2760 prope
1363 2678 1484 2736 est.

1208 2774 1641 2845 «Omnibus.
1680 2802 1712 2843 »
1766 2777 1938 2847 Ecce
2004 2781 2401 2849 secundum.
2457 2779 2666 2861 Quasi

1113 2881 1361 2952 diceret
1443 2906 1460 2953 ε
1544 2885 1659 2953 Sic
1725 2886 2203 2956 invocantibus
2267 2912 2473 2981 prope
2539 2897 2661 2986 est,

1118 3019 1152 3062 ,α
1192 2990 1535 3074 omnibus,
1574 3019 1607 3060 ι
1652 2995 1962 3085 inquam,
2027 3021 2062 3062 ι
2095 2997 2591 3084 invocantibus,
2627 3025 2661 3067 ι»

1111 3119 1250 3167 non
1289 3108 1557 3169 tantum
1580 3123 1724 3188 ore,
1756 3102 1933 3173 sicut
1962 3102 2086 3185 illi,
2121 3102 2203 3175 de
2232 3104 2503 3198 quibuS,
2530 3105 2659 3176 isa.

1109 3230 1297 3288 xxix,
1349 3211 1489 3280 13:
1559 3212 2095 3306 Appropinquat
2163 3214 2476 3307 populus
2541 3217 2664 3285 iste

1108 3340 1223 3385 ore
1247 3341 1399 3400 suo,
1432 3326 1495 3387 et
1526 3318 1737 3388 labiis
1771 3323 1918 3389 suis
1955 3344 2063 3391 me
2112 3323 2488 3414 qlorificat,
2548 3348 2662 3393 cor

1104 3438 1335 3496 autem
1366 3428 1524 3519 ejus
1555 3430 1757 3520 lonqe
1784 3442 1880 3500 est
1908 3456 1952 3499 a
1982 3455 2110 3502 me.
2147 3433 2510 3512 macram.
2535 3458 2653 3519 xu,

1099 3539 1154 3604 2-
1190 3557 1205 3602 :
1252 3538 1478 3629 Prope
1507 3561 1574 3605 es
1613 3547 1716 3619 tu,
1748 3541 2070 3621 Domine,
2122 3543 2230 3609 ori
2289 3567 2551 3623 eorum,
2594 3552 2657 3613 et

1106 3645 1375 3738 lonqca
1405 3646 1683 3715 renibus
1712 3672 1974 3719 eorum.
2012 3648 2148 3719 Sed
2190 3676 2225 3717 ι
2266 3654 2337 3721 in
2410 3655 2655 3722 verita-

1103 3761 1189 3833 te,
1255 3781 1287 3819 ι
1358 3755 1596 3847 quales
1660 3766 1821 3825 sunt
1889 3760 2283 3830 invocantes
2338 3762 2519 3830 intus
2585 3763 2652 3829 in

1101 3863 1331 3947 corde,
1375 3872 1439 3932 et
1471 3887 1556 3933 ex
1584 3867 1849 3934 sincera
1889 3877 1958 3936 et
1989 3869 2255 3937 firmata
2287 3870 2436 3939 lide.
2469 3871 2645 3950 Joel,

1102 3994 1197 4050 ιιι,
1241 3973 1324 4040 32
1369 3993 1384 4040 t
1433 3975 1526 4041 Et
1554 3977 1684 4040 erit
1723 3996 1746 4041 .·
1778 3978 2002 4044 omnis
2038 3979 2162 4068 qui
2211 3979 2641 4059 invocaverit,

1099 4081 1306 4150 modo
1346 4080 1556 4162 dicto,
1589 4105 1832 4151 nomen
1898 4087 2212 4168 Domini,
2265 4087 2373 4157 hic
2412 4088 2648 4156 salvus

1095 4191 1247 4257 erit.
1297 4189 1514 4259 Aliter
1578 4214 1792 4283 prope
1831 4215 1972 4285 non
2011 4202 2136 4275 est,
2205 4194 2321 4264 sed
2378 4195 2579 4287 longe
2625 4218 2640 4264 ε

1094 4299 1279 4388 quia,
1334 4299 1666 4369 l’roverb.
1711 4324 1827 4381 xv,
1871 4305 1984 4387 29,
2032 4303 2278 4373 dicitur
2342 4327 2358 4372 ε
2418 4308 2648 4397 Lonqc

1089 4415 1189 4472 est
1253 4410 1596 4477 Dominus
1663 4409 1752 4477 ab
1821 4411 2079 4501 impiis,
2137 4414 2250 4503 qui
2329 4412 2644 4483 invocant

1091 4540 1250 4584 eum
1283 4518 1351 4585 in
1394 4517 1550 4585 fidei
1582 4516 1900 4587 falsitate.

1181 4864 1216 4905 e
1265 4837 1698 4907 Voluntatem
1730 4842 2119 4910 timentium
2160 4866 2251 4913 sc.
2301 4869 2333 4907 ι
2377 4844 2501 4912 llic
2540 4857 2641 4916 est

1088 4944 1371 5015 effectus
1427 4946 1677 5015 divinae
1760 4950 2237 5019 misericordia}
2330 4962 2634 5042 quartuS,

1086 5052 1483 5144 adimpletio
1548 5053 1805 5123 scilicet
1860 5055 2348 5125 desideriorum
2405 5059 2640 5146 justo-

1086 5183 1238 5231 rum
1272 5183 1288 5229 :
1320 5169 1388 5229 et
1415 5159 1740 5229 dicuntur
1775 5161 1937 5231 duo.
1983 5162 2242 5246 Primo,
2274 5164 2639 5235 desiderio-

2744 4088 2753 4094 ’
2844 4089 2961 4156 Ait
3026 4093 3211 4159 enim
3273 4116 3289 4161 ε

2798 1376 3202 1458 Dominum,
3245 1383 3498 1451 credite
3538 1384 3674 1461 illi,
3718 1395 3783 1453 ει
3810 1408 3945 1452 non
3983 1385 4351 1455 evacuabi-

2798 1491 2914 1550 tur
2965 1508 3214 1556 merces
3251 1501 3496 1560 vestra.
3569 1494 3897 1563 Proverb.
3940 1520 4129 1578 xxin,
4172 1500 4249 1566 17
4282 1509 4348 1568 et

2803 1591 2882 1659 18
2917 1613 2932 1657 ε
2969 1592 3052 1660 ln
3083 1596 3327 1665 timore
3354 1601 3641 1667 Domini
3667 1614 3804 1670 esto
3834 1613 3979 1670 tota
4010 1605 4160 1672 die:
4179 1609 4348 1696 quia

2793 1697 3070 1769 habebis
3104 1727 3292 1794 spem
3324 1708 3397 1773 in
3442 1711 3830 1792 novissimo,
3892 1722 3957 1780 et
3989 1716 4351 1804 praestola-

2794 1807 2888 1874 tio
2916 1818 3038 1876 tua
3067 1833 3206 1878 non
3244 1815 3622 1904 auferetur.

2886 1939 2917 1980 α
2961 1917 3055 1982 Et
3095 1917 3633 2009 deprecationem
3681 1948 3942 2008 eorum,
3980 1954 4013 1996 »
4049 1952 4170 2020 pro
4206 1955 4347 2001 ma-

2791 2019 2872 2087 lis
2902 2025 3353 2111 praesvntibus
3383 2033 3808 2112 amovendis,
3849 2061 3880 2102 α
3914 2039 4263 2109 exaudiet.
4303 2068 4338 2106 n

2790 2126 2981 2196 Unde
3014 2155 3243 2220 supra,
3280 2134 3348 2200 in
3380 2135 3658 2206 Psalmo
3723 2144 4198 2230 poenitentiali,
4272 2147 4340 2216 id

2786 2244 2908 2316 est,
2985 2247 3352 2330 postquam
3429 2246 3915 2318 tremebundus
4006 2255 4339 2343 praemisit

2784 2346 3145 2433 poenitenS,
3188 2351 3506 2433 Domine,
3549 2378 3631 2422 ne
3660 2357 3729 2423 in
3766 2359 4010 2448 surore
4050 2370 4167 2430 tuo
4214 2387 4338 2431 ar-

2779 2473 2956 2540 quas
2986 2475 3113 2533 me,
3149 2457 3322 2539 etc¹,
3355 2457 3709 2549 subjunxit
3759 2463 3829 2530 in
3889 2464 4048 2551 tine,
4090 2475 4153 2544 ς’.
4196 2470 4275 2538 10
4310 2491 4324 2538 :

2779 2561 3170 2632 Eoeaudicit
3312 2568 3655 2637 Dominus
3792 2573 4332 2664 deprecationem

2779 2690 3021 2738 meam.
3062 2669 3266 2741 Eccli.
3303 2697 3539 2760 xxxiv,
3583 2680 3659 2746 19
3694 2702 3709 2746 :
3778 2680 3985 2751 Oculi
4046 2688 4334 2756 Domini

2773 2799 2980 2868 super
3050 2780 3361 2849 timentes
3424 2809 3603 2865 eum,
3668 2795 3739 2855 ut
3785 2812 3823 2857 a
3858 2790 4055 2862 malis
4087 2795 4332 2887 eripiat

2776 2883 2953 2955 illos.

2866 3018 2901 3057 α
2942 2995 3038 3061 Ει
3096 2995 3327 3065 εαιυοε
3370 3001 3584 3090 saciet
3633 3023 3765 3072 eos.
3832 3030 3864 3071 »
3930 3004 4177 3097 Supra,
4256 3011 4327 3079 in

2773 3098 2955 3174 Psal.
3013 3125 3181 3187 xvu,
3242 3107 3328 3176 28
3375 3131 3391 3178 ε
3437 3110 3536 3180 Tu
3594 3113 3941 3205 populum
3990 3115 4326 3189 humilem

2770 3207 2907 3297 (hic
2947 3219 3049 3280 est
3102 3214 3399 3304 populus
3455 3219 3728 3311 timens)
3765 3222 4040 3292 salvum
4078 3226 4319 3314 facies.

2766 3318 3018 3392 Jerem.
3080 3344 3245 3409 xxx,
3308 3326 3346 3392 '1
3412 3348 3428 3396 ε
3501 3330 3788 3422 Tempus
3849 3333 4325 3408 tribulationis

2765 3438 2863 3497 est
2887 3430 3125 3516 Jacob,
3159 3441 3225 3501 et
3261 3457 3348 3502 ex
3377 3436 3523 3527 ipso
3546 3439 3959 3514 salvabitur.

2852 3790 2886 3826 α
2923 3764 3240 3852 Custodit
3277 3769 3642 3841 Dominus.
3683 3800 3715 3841 »
3765 3776 3892 3848 llic
3938 3789 4039 3850 est
4103 3785 4311 3874 quin-

2760 3878 2869 3938 tus
2897 3871 3199 3953 effectus,
3243 3878 3498 3948 scilicet
3535 3890 3961 3957 conservatio
4002 3891 4306 3981 ipsorum

2762 3979 2831 4046 in
2864 3983 3236 4072 praemissis
3267 3986 3490 4057 boniS.

3365 4094 3480 4165 Sic
3551 4100 3977 4175 voluntatem
4084 4109 4304 4194 saciet,

2756 4195 2959 4263 etiam
3017 4223 3050 4263 α
3102 4222 3337 4269 omnes
3374 4203 3740 4295 diliqentes
3786 4236 3818 4277 ι
3862 4215 4166 4305 (apparet
4224 4219 4308 4287 de

2756 4302 3001 4394 quibus
3033 4304 3475 4398 diligentibus
3506 4313 3933 4406 loquebatur,
3995 4327 4156 4414 quia
4224 4325 4307 4395 de

2754 4410 3150 4482 timentibus
3179 4416 3425 4488 timore
3458 4421 3640 4490 filiali
3669 4434 3735 4493 et
3763 4437 3976 4511 casto,
4017 4431 4126 4500 vel
4166 4433 4309 4502 sal-

2750 4530 2887 4589 tem
2919 4525 3188 4615 initiali)
3221 4556 3255 4591 α
3289 4532 3587 4601 custodit
3641 4538 4007 4610 Dominus.
4041 4571 4071 4604 ιο
4138 4544 4305 4614 Pro·

2750 4627 2938 4698 verb.
2972 4652 3066 4710 iv,
3101 4635 3168 4712 6,
3203 4633 3286 4703 de
3325 4639 3658 4728 sapientia
3694 4666 3710 4710 :
3757 4647 3993 4738 Diliqe
4028 4672 4204 4732 eam,
4239 4663 4306 4721 et

2750 4738 3169 4808 conservabit
3190 4751 3277 4811 te.
3303 4742 3411 4829 Et,
3439 4768 3508 4825 n,
3531 4748 3569 4815 Ἰ
3599 4772 3615 4817 :
3639 4751 4064 4828 DominuS...
4085 4770 4306 4829 custo·

2753 4845 2893 4912 diet
2918 4858 3256 4918 rectorum
3284 4853 3610 4926 salutem.
3654 4859 3842 4931 Recti
3874 4875 4101 4936 autem
4143 4881 4305 4940 sunt

2747 4952 3126 5043 diligentes,
3191 4958 3447 5032 Cantic.
3503 4987 3546 5045 t,
3613 4969 3652 5035 3
3697 4990 3714 5035 :
3764 4973 3958 5042 Itecti
3991 4976 4304 5068 diliqunt

2745 5067 2830 5126 te.
2863 5057 3034 5128 Rem
3075 5062 3259 5131 enim
3300 5088 3507 5156 quam
3570 5071 3942 5164 diligimus,
3996 5083 4303 5150 custodi-

2748 5189 2922 5235 mus.
2967 5167 3075 5249 Et,
3141 5169 3469 5247 l‘roverb.
3531 5202 3675 5265 vui,
3725 5185 3804 5252 17
3848 5207 3865 5252 ε
3918 5189 4073 5279 [390
4126 5192 4301 5260 dili-

1085 5267 1719 5360 rumvadimpletiO.
1793 5269 2139 5352 Secund0,
2222 5274 2633 5363 specificatio
2738 5284 2969 5365 qentes
3006 5299 3113 5345 me
3140 5277 3389 5371 diliqo.

1081 5376 1384 5461 illorum,
1420 5377 1541 5459 ibi,
1588 5404 1618 5441 α
1647 5380 1741 5445 Et
1770 5379 2337 5470 deprecationem.
2375 5408 2407 5446 ι

1080 5530 1134 5553 --
1159 5484 1259 5554 <Et
1294 5489 1602 5579 tangitur
1629 5486 1883 5579 duplex
1913 5487 2347 5559 desiderium.
2403 5491 2629 5562 Unum

2831 5517 2867 5555 α
2906 5495 3003 5561 Ει
3040 5518 3295 5565 omnes.
3335 5524 3369 5562 n
3411 5498 3540 5570 nio
3577 5505 3878 5588 tertium,
3913 5509 3984 5577 in
4020 5533 4295 5603 quoos·

1078 5592 1162 5663 de
1192 5592 1391 5663 malis
1429 5595 1787 5686 praeteritis
1835 5595 2257 5681 amovendis,
2299 5596 2407 5667 vel
2454 5623 2631 5692 prae-
2738 5598 3039 5669 tenditur
3072 5603 3357 5693 justitiae
3418 5608 3718 5694 ess'ectuS,
3779 5621 4292 5708 comparatione

1152 5824 1170 5859 ⁸
1203 5817 1360 5878 Psal.
1394 5836 1470 5891 vi,
1502 5822 1556 5878 2.
