5008 6329
1954 253 2660 324 COMMENTARIUS
2708 254 2804 322 IN
2850 254 3288 327 PSALMUM
3336 258 3482 327 CX.

1110 441 1230 508 pro
1270 421 1489 487 causis
1536 420 1644 488 his
1695 420 1984 506 laudari,
2042 423 2393 517 subjungit
2449 425 2666 493 laudis

1111 530 1652 617 perpetuitatem,
1687 530 1809 615 ibi,
1843 532 1913 597 in
1944 530 2077 600 fine
2115 540 2179 610 ἵ.
2218 536 2298 603 10
2343 557 2359 602 :
2399 561 2432 601 α
2477 539 2668 602 Lau-

1113 635 1301 702 datio
1329 636 1511 726 ejus,
1550 662 1584 703 ι

1200 741 1277 808 In
1308 744 1532 833 prima
1559 742 1720 812 duo,
1767 745 2030 829 Primo,
2065 749 2482 839 promittitur
2512 768 2668 813 con-

1114 851 1313 918 fessio
1355 850 1601 920 laudis.
1656 851 2001 938 Secundo,
2062 855 2467 946 supponitur
2515 876 2669 920 mo-

1116 957 1239 1025 dus
1267 957 1489 1027 laudis
1516 960 1758 1052 ipsius,
1792 963 1912 1043 ibi,
1972 988 2006 1030 c
2056 964 2139 1031 In
2186 972 2325 1030 toto
2372 961 2592 1028 corde.
2630 986 2664 1027 ι

1211 1285 1388 1355 Dicit
1425 1310 1588 1378 ergo
1635 1309 1650 1354 ε
1686 1285 1743 1353 Ο
1784 1311 1817 1349 «
1857 1288 2173 1367 Domine,
2211 1314 2244 1351 n
2279 1288 2394 1377 qui
2432 1309 2672 1355 ascen-

761 1422 944 1468 vrtm·
985 1433 1094 1477 pm
1121 1394 1274 1462 disti
1303 1395 1391 1463 ad
1418 1395 1766 1463 dexteram
1804 1394 2052 1475 Patris,
2104 1422 2136 1461 α
2179 1395 2546 1485 confitebor
2580 1395 2674 1461 ti-

846 1475 1041 1521 Psalmi.

1122 1502 1213 1585 bi,
1258 1527 1292 1568 ι
1328 1503 1755 1572 confessione
1793 1504 2265 1573 exsultationis
2305 1513 2369 1573 et
2423 1504 2667 1583 laudis,

1118 1632 1269 1699 quae
1299 1610 1574 1700 gaudet,
1614 1613 1791 1680 sicut
1820 1612 1982 1680 dicit
2021 1610 2263 1680 Glossa
2296 1635 2312 1680 ε
2366 1635 2503 1680 non
2554 1611 2676 1677 ini-

1118 1717 1417 1807 quitatis,
1452 1742 1604 1810 quae
1644 1719 1883 1811 luget:
1940 1719 2161 1787 laudis
2206 1743 2356 1812 quae
2421 1721 2673 1811 gratias

1114 1825 1277 1914 agit,
1320 1848 1462 1893 non
1509 1828 1888 1918 iniquitatis
1943 1850 2094 1919 quae
2140 1828 2389 1896 vulnus
2443 1835 2676 1896 osten-

1116 1930 1232 1998 dit.
1269 1931 1453 2023 Ergo
1483 1933 1777 2010 videtur,
1821 1934 2010 2025 quod
2050 1957 2189 2004 non
2220 1935 2307 2004 sit
2348 1934 2674 2026 gaudium

1112 2039 1181 2105 in
1211 2039 1635 2110 consessione
1679 2044 1960 2133 peccati.
2028 2041 2163 2110 Sed
2210 2049 2465 2120 contra,
2529 2043 2679 2109 Au-

1111 2147 1426 2237 gustinus
1467 2147 1549 2217 de
1605 2149 2025 2217 Poenitentia
2059 2173 2081 2216 .·
2135 2175 2168 2215 α
2222 2149 2549 2219 Peccator
2592 2149 2673 2218 de

1113 2278 1150 2320 ι
1179 2256 1472 2345 peccatis
1499 2255 1753 2334 doleat,
1802 2265 1871 2325 et
1908 2257 1991 2324 de
2048 2257 2281 2326 dolore
2356 2258 2672 2348 gaudeat,

1114 2390 1145 2422 «
1182 2369 1252 2429 et
1297 2385 1370 2430 se
1419 2385 1557 2430 non
1603 2362 1905 2432 doluisse
1955 2363 2203 2433 doleat.
2250 2389 2284 2430 »
2340 2363 2668 2433 Proverb.

1112 2492 1253 2553 xiv,
1296 2471 1374 2537 ¹0
1420 2492 1436 2537 ε
1474 2471 1609 2541 Cor
1643 2470 1838 2563 quod
1897 2474 2087 2541 novit
2140 2472 2675 2541 amaritudinem

1113 2579 1365 2647 ‹mimae
1396 2602 1561 2658 sure,
1607 2582 1677 2647 in
1714 2579 1982 2670 qaudio
2013 2580 2168 2670 ejus
2203 2605 2336 2649 non
2378 2580 2674 2649 miscebi-

1112 2695 1228 2753 tur
1252 2696 1641 2755 extraneus.
1679 2687 2113 2780 RespondeO.
2149 2688 2226 2757 ln
2253 2689 2675 2758 confessione

1112 2790 1356 2873 laudis,
1394 2794 1463 2861 in
1493 2797 1640 2886 ipso
1680 2804 1836 2865 actu
1901 2796 2122 2866 laudis
2154 2806 2255 2865 est
2282 2797 2667 2867 exsultatio.

1114 2899 1636 2972 lnconiessione
1663 2905 1958 2996 peccati,
1986 2906 2055 2973 in
2086 2905 2234 2996 ipso
2265 2914 2417 2974 actu
2446 2904 2668 2986 dolor,

1115 3009 1233 3078 sed
1261 3018 1419 3102 post
1448 3012 1530 3081 de
1558 3010 1692 3081 hoc
1722 3013 1871 3104 ipso
1932 3013 2117 3105 quod
2192 3012 2431 3098 doluit,
2498 3037 2674 3106 gau-

1114 3117 1327 3188 dium.
1380 3119 1715 3213 Loquitur
1767 3143 1934 3214 ergo
2000 3119 2268 3204 Glossa,
2334 3129 2538 3213 prout
2599 3123 2668 3191 in

1117 3235 1266 3295 actu
1298 3251 1424 3296 suo
1481 3229 1815 3297 suntistae
1872 3230 2358 3310 confessiones,
2415 3230 2667 3299 scilicet

1112 3335 1447 3404 confessio
1477 3334 1723 3418 laudis,
1757 3345 1826 3406 et
1869 3338 2205 3407 confessio
2263 3337 2660 3429 iniquitatis.

1200 3573 1235 3613 ι
1270 3548 1353 3617 In
1381 3559 1524 3618 toto
1551 3547 1755 3618 corde
1782 3570 1955 3618 meo.
1989 3576 2023 3611 n
2080 3547 2206 3616 llic
2262 3547 2661 3637 secundum,

1112 3653 1177 3721 in
1216 3677 1355 3747 quo
1386 3656 1691 3747 tangitur
1717 3652 1941 3723 laudis
1973 3653 2243 3737 modus,
2284 3654 2399 3746 qui
2448 3657 2666 3747 tangi-

1110 3764 1319 3831 turin
1358 3761 1600 3832 tribus.
1636 3760 1715 3830 ln
1754 3761 2141 3853 integritate
2197 3760 2444 3831 cordis.
2504 3761 2664 3830 Dis-

1108 3868 1433 3948 cretione,
1485 3868 1603 3953 ibi,
1654 3893 1689 3933 ι
1746 3868 1826 3937 In
1871 3867 2160 3937 consilio
2200 3867 2585 3959 justorum.
2621 3892 2654 3933 ι

1111 3971 1190 4042 Et
1217 3973 1495 4066 pietate,
1529 3971 1647 4053 ibi,
1697 4001 1732 4037 κ
1765 3975 1862 4043 Ee
1897 3974 2449 4066 conqreqatione.
2489 4001 2523 4037 ιι

1192 4085 1309 4152 Ait
1344 4084 1529 4153 enim
1572 4105 1589 4151 :
1635 4080 1754 4152 Sic
1793 4082 1962 4163 dixi,
2016 4083 2200 4175 quod
2255 4083 2655 4163 confitebor,

1104 4189 1222 4259 sed
1276 4188 1686 4282 quomodo?
1751 4215 1786 4255 ι
1855 4191 1939 4258 In
1991 4199 2133 4258 toto
2182 4191 2382 4260 corde
2409 4213 2583 4273 meo,
2620 4216 2653 4257 ι

1105 4319 1246 4366 non
1283 4299 1355 4367 in
1382 4296 1811 4390 parter-loch
1856 4320 1933 4381 u,
1989 4299 2111 4368 12:
2168 4300 2662 4373 convertimini

1107 4402 1204 4470 ad
1226 4425 1336 4471 me
1365 4403 1434 4471 in
1463 4411 1603 4472 toto
1658 4401 1862 4472 corde
1917 4413 2160 4476 vestro.
2197 4403 2396 4483 Osee,
2455 4427 2527 4483 x,
2561 4406 2652 4473 2:

1106 4510 1424 4579 Divi-mm
1451 4519 1553 4578 est
1578 4532 1697 4578 cor
1729 4533 1995 4592 eorum,
2038 4535 2219 4580 niune
2257 4512 2653 4581 interibunt.

1108 4619 1179 4688 si
1221 4622 1565 4689 intereunt
1594 4619 1711 4713 qui
1761 4643 1903 4690 non
1936 4630 2081 4691 toto
2120 4621 2320 4693 corde
2350 4622 2654 4702 laudant,

1104 4729 1219 4799 sed
1267 4737 1534 4799 tantum
1581 4736 1774 4821 parte
1848 4729 2097 4811 cordis,
2171 4731 2333 4823 quid
2390 4732 2473 4802 de
2530 4730 2661 4800 illis

1105 4839 1218 4932 qui
1248 4837 1401 4907 solo
1420 4861 1540 4908 ore
1570 4839 1937 4907 mussitant
1958 4839 2066 4908 vel
2095 4838 2417 4927 clamant,
2455 4848 2522 4909 et
2549 4840 2663 4908 ni-

1105 4944 1198 5014 hil
1229 4945 1460 5028 corde,
1494 4945 1578 5015 de
1608 4944 1859 5037 quibus
1891 4945 2135 5017 Matth.
2180 4971 2297 5031 xv,
2356 4950 2398 5016 8
2432 4970 2449 5016 ε
2520 4949 2664 5018 Ρο-

1103 5054 1319 5145 putus
1354 5054 1467 5122 liic
1505 5051 1716 5121 labiis
1754 5075 1863 5120 me
1897 5053 2215 5136 honorat,
2263 5078 2379 5123 cor
2431 5064 2662 5123 autem

1106 5184 1340 5231 eorum
1378 5160 1583 5253 lonqe
1607 5169 1708 5231 est
1734 5184 1779 5229 a
1808 5183 1918 5230 me
1977 5160 2025 5229 ¹.
2051 5160 2161 5243 Et,
2216 5162 2470 5233 Jerem.
2538 5185 2658 5245 κη,

1107 5268 1147 5334 2
1188 5289 1204 5335 :
1242 5270 1469 5360 Prope
1492 5291 1564 5337 es
1588 5276 1668 5337 tu
1705 5267 2241 5352 orie-omnnem.
2276 5267 2407 5350 Qui
2432 5278 2663 5339 autem

1107 5384 1250 5446 toto
1278 5375 1484 5461 eorde
1519 5375 1777 5465 laudat,
1810 5400 1936 5471 pro
1966 5384 2150 5448 certo
2195 5386 2445 5463 teneat,
2478 5377 2664 5473 quod

1186 5628 1205 5667 ¹
1234 5627 1319 5688 CI.
1353 5626 1472 5689 Ina.
1502 5642 1663 5696 xxix,
1697 5629 1785 5685 ¹³.

4210 255 4328 323 17¹

2773 448 3051 493 omnem
3090 427 3348 495 inimici
3406 429 3854 495 tentationem
3905 425 4120 514 fugat.
4176 422 4339 490 Haec

2773 539 2875 597 est
2933 531 3114 598 enim
3200 532 3495 621 perfecta
3543 533 3850 600 doctrina
3925 530 4338 599 tentationes

2773 637 3079 726 fugandi,
3131 636 3405 707 laudare
3465 639 3710 708 Deum.
3781 638 3963 705 Psal.
4016 659 4184 720 xvn,
4240 636 4331 702 4:

2773 746 3103 812 Laudans
3134 749 3457 817 invocabo
3488 750 3894 828 Dominum,
3939 757 4004 815 et
4049 745 4136 813 ab
4193 745 4338 812 ini-

2773 853 2969 920 micis
3007 856 3175 922 meis
3201 857 3440 924 salvus
3470 880 3606 924 ero.

2864 961 2949 1029 Et
2988 962 3076 1030 ob
3125 962 3256 1033 hoc
3295 967 3557 1057 optime
3621 964 4050 1055 praeponitur
4124 984 4339 1030 Anum

2774 1069 2932 1165 (R),
2979 1073 3165 1163 quod
3186 1073 3670 1162 interpretatur
3706 1071 3929 1150 mille,
3961 1071 4030 1136 in
4067 1092 4204 1160 quo
4238 1075 4341 1136 est

2775 1183 3097 1274 perfectio
3120 1180 3226 1249 vel
3258 1181 3566 1250 doctrina
3591 1180 4048 1248 tentationum
4079 1177 4342 1268 fugien-

2777 1293 3042 1360 darum.
3088 1289 3294 1370 Quasi
3325 1288 3577 1359 diceret
3621 1312 3635 1356 :
3676 1287 3877 1368 Quod
3912 1286 4024 1355 hic
4064 1285 4336 1365 dicitur,

2777 1405 2879 1464 est
2905 1395 3204 1487 perfecta
3241 1394 3549 1463 doctrina
3585 1392 3864 1484 fugandi
3896 1393 4337 1459 tentationes.

2875 1640 2908 1675 «
2938 1613 3021 1680 In
3069 1612 3353 1679 consilio
3375 1611 3763 1701 justorum.
3819 1634 3853 1675 ι
3907 1607 4035 1675 nic
4091 1629 4344 1675 secun-

2779 1720 2945 1787 dum
2983 1742 3221 1787 eorum
3296 1741 3446 1810 quae
3510 1718 3850 1809 pertinent
3893 1716 3981 1784 ad
4026 1714 4339 1785 modum.

2781 1829 2993 1908 Quasi
3022 1828 3323 1896 diceret:
3386 1826 3501 1896 Sic
3549 1826 3928 1895 confitebor
3974 1823 4178 1894 corde
4229 1825 4344 1891 in-

2780 1944 3001 2027 tegr0,
3044 1943 3110 2004 et
3141 1960 3174 2000 α
3237 1936 3310 2003 in
3364 1934 3651 2003 consilio
3699 1933 4091 2025 justorum,
4160 1958 4195 1996 u
4267 1939 4344 2000 ut

2779 2045 3107 2113 confitear
3144 2045 3453 2114 discrete.
3487 2043 3693 2111 Eccli.
3728 2066 3943 2123 xxxu‚
3990 2043 4076 2109 24
4112 2064 4128 2109 :
4165 2041 4338 2127 Fili,

2778 2157 2926 2223 sine
2951 2156 3236 2224 consilio
3264 2153 3449 2222 nihil
3471 2155 3722 2243 jacias.
3783 2152 4165 2220 Consilium
4214 2173 4342 2218 au-

2780 2271 2921 2330 tem
2977 2263 3323 2352 justorum
3362 2260 3609 2328 dicitur
3645 2258 4011 2327 consilium
4039 2258 4195 2335 Dei,
4223 2257 4340 2346 ju·
4464 2264 4470 2271 '

2782 2375 2904 2441 stis
2961 2372 3196 2440 datum
3252 2380 3328 2439 ut
3382 2369 3846 2461 perficiantur.
3899 2366 4144 2436 Matth.
4191 2390 4335 2444 xix,

2782 2481 2857 2546 21
2904 2502 2919 2546 :
2970 2479 3055 2548 Si
3103 2479 3204 2546 vis
3246 2468 3599 2569 perlectus
3656 2499 3816 2554 esse,
3869 2472 4068 2557 vade,
4129 2471 4344 2541 vende

2779 2610 2936 2680 quse
3033 2584 3276 2668 habes,
3354 2592 3492 2653 etc.
3574 2583 3657 2651 Et
3739 2582 3908 2651 illud
3980 2580 4336 2672 Apostoli,

2783 2693 2807 2761 1
2850 2692 2935 2762 ad
2967 2689 3273 2762 Corinth.
3317 2713 3438 2772 vu,
3483 2693 3567 2760 25
3605 2713 3621 2758 :
3653 2692 3759 2759 De
3788 2685 4178 2779 virqinibus
4202 2709 4340 2753 au-

2779 2813 2914 2871 tem
2927 2809 3344 2893 praeceptum
3373 2822 3509 2867 non
3537 2795 3778 2879 liabeo,
3811 2796 4180 2864 consilium
4212 2817 4334 2862 au·

2777 2919 2912 2978 tem
2942 2908 3055 2976 do.
3091 2906 3474 2976 Perfectum
3533 2906 3718 2973 enim
3775 2913 3878 2973 est
3914 2901 4226 2972 confiteri
4258 2903 4331 2970 in

2774 3038 2937 3087 vera
2972 3023 3396 3108 paupertate,
3439 3020 3507 3082 et
3533 3012 3951 3105 virginitate,
3986 3017 4053 3079 et
4082 3009 4332 3078 discre-

2776 3133 2923 3195 tum
2996 3121 3217 3193 valde.

2867 3260 2899 3295 «
2921 3232 3011 3300 Et
3025 3229 3569 3320 conqreqatione.
3590 3252 3626 3289 a»
3642 3224 3812 3294 Ecce
3825 3221 4327 3314 tertium,quod

2770 3362 2928 3408 cum
2970 3337 3241 3430 pietate.
3286 3334 3611 3405 Confiteri
3650 3335 3834 3401 enim
3882 3351 4325 3424 quocumque

2769 3445 2977 3515 modo
3041 3452 3231 3514 extra
3321 3442 3925 3535 congregationem
4002 3436 4326 3507 Ecclesiae

2766 3578 2908 3625 non
2945 3556 3151 3638 valet,
3184 3554 3302 3624 sed
3356 3551 3663 3622 confiteri
3717 3551 3789 3619 in
3852 3546 4328 3641 congregatio·

2766 3688 2851 3734 ne
2882 3673 3276 3735 sanctorum
3308 3670 3375 3731 et
3392 3662 3740 3752 justorum
3782 3681 3799 3728 ε
3844 3658 4031 3751 quia,
4069 3654 4320 3725 Matth.

2764 3797 2959 3859 xvm,
3010 3775 3095 3842 20
3146 3795 3163 3842 ε
3220 3770 3354 3841 Ubi
3411 3779 3575 3839 sunt
3619 3769 3758 3837 duo
3811 3767 3924 3836 vel
3969 3777 4105 3836 tres
4158 3788 4323 3835 con-

2760 3883 3038 3976 qreqati
3065 3884 3135 3951 in
3174 3866 3450 3950 nomine
3485 3902 3658 3964 meo,
3693 3876 3791 3946 ibi
3831 3899 3991 3945 sum
4038 3876 4112 3945 in
4172 3897 4324 3943 me-

2763 3992 2880 4059 dio
2907 4014 3169 4073 eorum,
3210 3988 3577 4058 infundens
3618 4009 3854 4055 veram
3921 3982 4155 4063 tidem,
4210 3981 4323 4051 vel

2764 4121 3050 4191 augens,
3083 4106 3151 4167 et
3176 4095 3580 4167 charitatem
3610 4100 3686 4162 ut
3720 4094 3856 4161 sint
3887 4114 4131 4160 unum.
4160 4090 4322 4161 Act.

2762 4229 2857 4289 w,
2893 4207 2979 4275 32
3023 4228 3039 4274 ε
3082 4203 3567 4275 Multitudinis
3591 4200 4014 4271 credentium
4030 4209 4183 4269 erat
4206 4221 4326 4269 cor

2764 4338 2982 4385 unum
3010 4324 3076 4384 et
3110 4315 3349 4383 anima
3401 4336 3568 4381 una.
3619 4310 3807 4380 ldem
3837 4318 3938 4379 est
3966 4333 4133 4403 ergo
4156 4332 4237 4380 ac
4264 4309 4323 4379 si

2760 4422 3042 4491 dixisset
3074 4442 3091 4489 ε
3123 4416 3518 4490 Confitebor
3553 4415 3676 4485 tibi
3713 4417 3784 4484 in
3814 4415 4117 4486 Ecclesia
4182 4416 4327 4484 exi·

2761 4539 2973 4612 stens,
3008 4530 3079 4599 in
3115 4527 3274 4608 tide,
3306 4535 3374 4596 et
3401 4523 3754 4595 charitate.
3789 4522 3996 4594 Eccli.
4042 4545 4130 4602 ιι,
4177 4523 4255 4592 31
4298 4545 4320 4593 ε

2767 4640 3190 4732 Conqreqate
3225 4658 3341 4705 vos
3380 4635 3451 4703 in
3479 4633 3763 4703 domum
3811 4630 4226 4724 discipline.

2854 4746 2941 4816 Et
2974 4753 3250 4839 propter
3286 4742 3421 4813 hoc
3469 4740 3632 4812 huic
3680 4738 4003 4810 clausulae
4058 4741 4320 4833 optime

2764 4859 3184 4951 praeponitur
3209 4879 3372 4926 am
3410 4847 3565 4946 (2),
3608 4852 3792 4946 quod
3835 4854 4326 4945 interpretatur

2766 4967 3036 5034 domm.
3071 4962 3280 5045 Quasi
3311 4963 3614 5033 diceret:
3659 4960 3736 5030 ln
3782 4960 4319 5054 congregatione

2768 5096 2921 5166 quae
2960 5080 3062 5141 est
3091 5070 3339 5141 domus
3368 5069 3520 5149 Dei,
3557 5068 3653 5139 illi
3683 5066 4089 5139 confitebor.

2860 5410 2896 5449 α
2936 5385 3200 5474 Maqna
3240 5407 3473 5478 opera.
3504 5412 3538 5449 n
3602 5384 3732 5453 Hic
3773 5384 4180 5465 secundum,
4241 5388 4313 5457 in
