5008 6329
1981 463 2698 543 COMMENTARIUS
2748 473 2844 543 IN
2894 475 3333 548 PSALMUM
3383 480 3557 551 CIII.
4295 489 4379 556 37

1155 627 1383 697 multis
1447 630 1810 722 Scripturae
1881 632 2050 703 locis
2114 635 2440 731 leguntur
2504 646 2725 713 nuntii
2829 656 3180 738 tamquam
3229 649 3314 715 ab
3371 650 3484 717 illa
3531 660 3932 731 sustentata,
4002 662 4068 721 et
4133 659 4201 722 in
4261 656 4372 723 illa

1150 733 1381 803 fuisse.
2822 754 3128 822 fundata.
3179 756 3348 825 Haeo
3384 766 3612 825 autem
3678 760 4003 827 stabililas
4060 771 4158 828 est
4199 763 4370 830 forte

1242 869 1277 905 α
1335 846 1432 910 Et
1486 846 1839 915 ministros
1891 860 2073 933 tuos,
2122 880 2155 921 a
2193 856 2261 923 id
2309 864 2434 934 est,
2471 865 2546 924 ut
2592 860 2713 926 tibi
2820 858 3219 941 humiclitaS,
3261 887 3384 953 per
3414 887 3615 954 quam
3651 875 3802 933 stat.
3842 868 4042 948 lnfra,
4078 870 4146 935 in
4179 868 4361 935 Psal.

1153 949 1562 1035 ministrent,
1612 982 1645 1015 «
1683 956 2057 1043 flammam
2090 972 2397 1030 urentem
2443 990 2475 1023 ιι
2521 965 2711 1041 facis,
2816 992 3062 1053 cxxxv,
3100 974 3139 1039 6
3187 996 3202 1040 :
3268 976 3407 1058 Qui
3468 975 3778 1063 firmavit
3843 990 4096 1044 terram
4159 1002 4367 1068 snper

1153 1054 1218 1121 id
1256 1064 1379 1135 est,
1422 1057 1751 1150 Angelos,
1788 1068 1901 1156 qui
1936 1067 2170 1136 lucent
2203 1076 2273 1137 et
2318 1069 2559 1137 ardent
2587 1073 2708 1139 toti
2815 1103 3058 1171 aquas.
3124 1083 3206 1148 Et
3246 1106 3473 1174 supra,
3538 1083 3717 1153 Psal.
3763 1110 3952 1165 xxm,
3997 1090 4034 1153 2
4080 1112 4094 1155 :
4139 1091 4363 1180 Super

1151 1161 1497 1233 charitate.
1532 1167 1786 1257 lsa.v1‚
1824 1175 1863 1239 6
1901 1198 1916 1242 :
1965 1176 2235 1242 Volavit
2265 1175 2495 1244 adme
2533 1200 2712 1245 uuus
2814 1191 3041 1255 maria
3077 1191 3407 1278 fundavit
3436 1215 3612 1267 enm,
3648 1202 3805 1279 eto,
3841 1194 4077 1263 orbem
4108 1196 4361 1265 scilieet

1150 1271 1233 1336 de
1268 1272 1658 1366 Seraphim,
1694 1281 1879 1370 quod
1917 1281 2407 1371 interpretatur
2434 1285 2705 1356 ardens.
2809 1305 3172 1365 terrarum.
3225 1312 3246 1331 ·

803 1399 987 1451 onata·
1015 1402 1098 1449 de-
1145 1376 1270 1446 Hic
1336 1390 1613 1452 notatur
1667 1388 1902 1476 quales
1960 1387 2211 1457 debent
2279 1413 2424 1459 esse
2481 1394 2703 1462 nuntii
2902 1430 2935 1469 α
2979 1407 3132 1473 Non
3164 1407 3639 1487 inclinabitur,
3685 1437 3718 1471 ιι
3775 1411 3940 1501 quin
3984 1418 4111 1478 stet
4158 1412 4356 1479 forti-

829 1456 944 1498 bem
967 1467 1077 1502 ..ιο

834 1508 1059 1563 pransu?
1138 1483 1287 1564 Dei,
1323 1486 1617 1568 Proelati,
1664 1495 1824 1582 quia
1863 1493 2134 1586 Angeli.
2169 1493 2461 1564 Malae-h.
2498 1522 2570 1577 11,
2604 1501 2642 1566 7
2678 1521 2694 1566 ε
2806 1518 2932 1593 ter,
2988 1539 3020 1577 «
3060 1515 3132 1580 in
3185 1516 3515 1582 ,qa-culum
3579 1517 3838 1595 ,mc-uli,
3878 1543 3910 1581 ι,
3958 1517 4086 1587 hoc,
4121 1531 4242 1599 est,
4280 1522 4348 1588 in

1133 1592 1356 1661 Labia
1391 1597 1765 1665 sacerdotis
1792 1602 2178 1671 custodient
2219 1607 2605 1684 scientiam,
2640 1616 2703 1675 et
2801 1625 3158 1687 aeternum,
3195 1618 3470 1698 Contra,
3507 1620 3670 1692 Luc.
3703 1646 3845 1701 xxx,
3898 1625 3982 1693 33
4021 1647 4035 1691 :
4082 1627 4346 1695 Coelum

1132 1700 1347 1791 leqem
1385 1706 1733 1794 requirent
1779 1731 1866 1775 ex
1911 1731 2027 1779 ore
2090 1710 2272 1800 ejus,
2339 1714 2509 1804 quia
2546 1715 2697 1781 Αη-
2797 1735 2864 1793 et
2911 1735 3094 1794 terra
3161 1729 3581 1809 transibunt,
3631 1731 3832 1799 verba
3889 1742 4117 1801 autem
4163 1758 4339 1814 mea,

1123 1808 1323 1896 yolus
1375 1811 1665 1879 Domini
1720 1818 2149 1885 exercituum
2210 1830 2329 1886 est.
2396 1819 2692 1909 Spiritus
2795 1842 2922 1902 010,
2957 1833 3366 1926 Respondes)
3404 1859 3418 1905 :
3452 1836 3861 1908 Transibunt
3900 1862 4034 1907 non
4081 1851 4156 1909 ut
4202 1866 4342 1911 non

1124 1935 1267 1980 esse
1356 1915 1632 1998 debent,
1694 1930 1768 1987 ut
1831 1945 1970 1990 non
2029 1924 2273 1993 Vivant
2310 1927 2685 1994 secundum
2792 1943 2953 2022 sint,
3014 1943 3133 2011 sed
3194 1952 3265 2011 ut
3309 1943 3589 2013 meliora
3631 1947 3766 2013 sint
3811 1955 3873 2015 et
3921 1947 4334 2038 pulchriora,

1120 2044 1416 2091 carnem·
1460 2025 1566 2093 Ad
1605 2027 1898 2098 Roman·
1933 2054 2081 2110 vm,
2135 2036 2216 2101 ¹2
2259 2052 2277 2103 Ξ
2327 2034 2685 2104 Debitor&
2791 2056 2859 2116 et
2914 2051 3011 2118 sic
3049 2073 3188 2119 non
3247 2060 3445 2120 erunt
3482 2052 3565 2119 ad
3607 2076 3744 2121 non
3805 2076 3948 2121 esso
3988 2055 4327 2126 inclinata.

1112 2152 1353 2198 sumn-5
1407 2156 1541 2200 ⁷²0st
1594 2139 1815 2217 carni·
1865 2150 1941 2206 ΠΙ
1985 2142 2363 2210 secundum
2406 2167 2678 2212 carnem
2783 2155 2989 2224 Terra
3021 2165 3247 2226 autem
3281 2167 3381 2226 est
3411 2158 3709 2228 Ecclesia
3759 2161 3976 2231 fluens
4043 2162 4209 2232 lacte
4267 2175 4334 2234 et

1116 2240 1449 2321 vivamus,
1498 2243 1616 2311 sed
1666 2247 2041 2315 secundum
2095 2250 2438 2341 spiritum.
2476 2252 2672 2332 Item,
2783 2263 2984 2332 melle
3007 2263 3054 2333 ¹.
3101 2263 3237 2333 Sed
3267 2264 3418 2335 haec
3446 2276 3542 2335 est
3575 2266 3851 2336 fundata
3881 2295 3913 2334 α
3945 2293 4151 2361 snper
4183 2283 4333 2338 sta-

1114 2344 1357 2414 debent
1388 2372 1533 2418 esse
1560 2352 1736 2441 ignis
1762 2354 2008 2424 ardens
2036 2355 2182 2426 zelo
2212 2357 2496 2427 honoris
2518 2359 2670 2441 Dei,
2779 2366 3122 2437 bilitatem
3159 2393 3391 2448 suam,
3429 2396 3464 2437 ι
3498 2381 3758 2462 petram
3800 2371 4056 2441 seilicet
4085 2375 4328 2443 firmis-

1111 2462 1173 2521 et
1216 2454 1556 2526 Ecclesiae.
1594 2460 1967 2552 Gregorius
2002 2485 2018 2533 z
2058 2494 2091 2528 α
2124 2464 2257 2546 Qui
2289 2489 2428 2534 non
2450 2468 2665 2546 ardet,
2775 2476 3019 2543 simam
3053 2475 3426 2545 Christum.
3464 2476 3704 2547 Matth.
3748 2502 3867 2554 vn,
3913 2481 3996 2547 23
4033 2504 4049 2549 ε
4128 2484 4325 2550 Fun-

1115 2591 1147 2623 «
1188 2585 1324 2629 non
1365 2564 1687 2637 incendit.
1727 2594 1759 2632 ιι
1801 2569 2078 2639 Zacliar.
2114 2595 2232 2651 χιι,
2270 2578 2310 2640 6
2345 2597 2361 2645 :
2396 2577 2666 2644 Ponam
2772 2583 2942 2650 data
3006 2594 3156 2651 erat
3207 2606 3426 2676 snpra
3492 2596 3788 2678 petram.
3858 2586 4146 2680 Propter
4188 2589 4317 2659 hoc

1106 2668 1306 2737 ‹Im-cs
1356 2674 1550 2741 Jmla
1602 2677 1780 2744 sicut
1816 2681 2172 2749 caminum
2231 2684 2412 2773 iqnis
2455 2685 2525 2751 in
2574 2684 2667 2751 Ii-
2768 2713 2908 2759 non
2947 2690 3152 2762 cadit.
3195 2692 3311 2760 sed
3342 2701 3475 2760 stat
3514 2694 3585 2760 in
3622 2700 3975 2765 aeternum.
4009 2695 4227 2765 Eccle.
4263 2721 4309 2777 ι,

1100 2781 1277 2867 quis.
1318 2780 1604 2872 Propter
1632 2783 1761 2853 hoc
1793 2811 1829 2854 a
1861 2786 2068 2857 Petro
2100 2792 2522 2861 instituendo
2563 2817 2663 2862 re-
2766 2797 2805 2863 4
2851 2819 2866 2863 :
2917 2799 3119 2866 Terra
3150 2808 3381 2866 autem
3422 2800 3492 2865 in
3530 2808 3856 2867 &temam
3902 2810 4062 2867 stat.
4128 2801 4314 2872 Fun-

1102 2888 1392 2977 quiritur
1429 2912 1648 2966 amor,
1692 2902 1756 2961 et
1806 2899 1999 2986 quasi
2059 2898 2328 2988 triplex.
2381 2899 2657 2969 Primus
2762 2904 2918 2973 data
2950 2906 3153 2973 ctiam
3198 2916 3537 2998 estsuper
3564 2906 3765 2975 tidem
3813 2906 4088 2986 Christi,
4150 2934 4303 3002 quie

1099 3015 1317 3078 amor,
1375 3020 1571 3067 amor
1615 3002 1905 3093 simplex
1960 3028 1977 3073 :
2036 3007 2381 3077 secundus
2429 3033 2649 3097 amor,
2757 3012 3043 3081 deficere
3074 3036 3212 3081 non
3239 3022 3491 3104 potest,
3526 3013 3850 3106 quidquid
3881 3024 4085 3107 agant
4117 3018 4304 3087 mali.

1096 3099 1276 3171 zelus
1310 3127 1327 3172 ε
1369 3108 1607 3176 tertius
1635 3131 1855 3196 amor,
1898 3112 2103 3183 ardor
2131 3114 2177 3184 ¹.
2756 3119 3000 3191 Matth.
3041 3144 3185 3206 xvt,
3223 3123 3304 3191 ¹8
3342 3144 3358 3191 τ
3391 3123 3488 3192 Et
3537 3144 3744 3215 super
3805 3122 3983 3190 lianc
4001 3135 4300 3216 petram,

2753 3227 2958 3295 fidem
2991 3227 3244 3297 scilicet
3273 3251 3480 3320 quam
3527 3229 3979 3298 confitebatur
4034 3231 4301 3313 Petrus,

2748 3330 3106 3419 aedificabo
3170 3332 3557 3401 Ecclesiam
3622 3356 3870 3402 meam.
3952 3333 4030 3403 ln
4112 3335 4294 3405 Psal.

1185 3459 1217 3499 ι
1256 3436 1393 3521 Qm·
1432 3438 1758 3528 fundasti
1811 3453 2093 3514 terram.
2133 3472 2167 3510 ι
2218 3446 2348 3518 Hic
2396 3472 2648 3519 secun·
2748 3461 2906 3517 nv,
2936 3440 2978 3501 Γ·
3013 3461 3030 3507 =
3065 3441 3252 3508 Deus
3289 3441 3363 3510 ²⁶¹1
3400 3439 3626 3510 medio
3664 3441 3818 3531 ejus
3841 3465 3977 3509 non
4007 3465 4301 3511 commo·

1090 3539 1282 3621 dum,
1316 3545 1385 3611 in
1408 3567 1546 3636 quo
1576 3557 1953 3618 monstrata
1972 3550 2099 3621 Dei
2131 3556 2642 3648 magnificentia
2745 3545 3037 3617 vebflur·

1086 3653 1594 3742 comparatione
1663 3655 1747 3723 ad
1806 3660 2193 3749 superiores
2267 3671 2637 3743 creaturas,

1083 3756 1191 3826 hic
1223 3768 1553 3828 monstrat
1584 3767 2101 3855 comparatione
2133 3768 2219 3838 ad
2252 3769 2641 3862 dispositio-

1079 3887 1234 3933 nctn
1268 3868 1690 3938 interiorum.
1730 3871 1808 3940 Et
1851 3875 2099 3964 primo,
2149 3880 2456 3970 tangitur
2491 3881 2636 3948 ‹lis-
2833 3912 2865 3942 a
2937 3882 3243 3973 Abyssns
3278 3886 3456 3951 sicut
3519 3885 4011 3952 vestimentum.
4060 3911 4093 3951 ι
4164 3886 4290 3956 llic.

1078 3975 1326 4065 positio
1359 3985 1514 4043 anic·
1545 3976 1904 4056 diluvium,
1936 3982 2054 4064 ibi,
2092 3985 2161 4052 in
2183 3986 2411 4054 medio
2435 3997 2499 4065 5.
2536 3990 2577 4055 6
2611 4013 2628 4058 :
2740 3993 3054 4083 tangitur
3080 3991 3437 4083 dispositio
3467 4014 3683 4082 aquae.

1080 4113 1112 4146 α
1148 4085 1376 4177 Super
1402 4097 1686 4155 montes.
1728 4116 1760 4154 ιι
1792 4089 2046 4171 Tertio,
2072 4101 2226 4184 post
2264 4093 2630 4181 diluvium,
2827 4097 3038 4177 Quasi
3069 4096 3323 4166 diceret
3357 4120 3373 4165 ε
3410 4096 3524 4166 Sic
3552 4096 3858 4189 disponis
3915 4107 4187 4181 terram,
4220 4113 4283 4172 et

1078 4190 1194 4269 ibi,
1231 4199 1293 4269 5.
1338 4193 1379 4260 7
1415 4214 1432 4263 τ
1470 4223 1502 4255 ιι
1548 4195 1652 4265 ΑΙ)
1684 4198 2168 4292 increpatione.
2218 4228 2252 4266 ιι
2739 4233 2776 4271 ι
2835 4204 3151 4297 abyssus,
3222 4228 3259 4270 ι
3328 4225 3518 4274 mare
3584 4204 3864 4287 scilicet,
3934 4216 3999 4276 et
4059 4211 4289 4277 omnis

1167 4299 1239 4368 Ιιι
1273 4302 1491 4392 prima
1521 4302 1686 4373 duo.
1721 4303 1983 4388 l’rimo,
2019 4316 2215 4378 terrae
2243 4310 2625 4403 dispositio.
2735 4336 3071 4408 aquarum
3126 4315 3511 4405 congeries,
3591 4342 3625 4377 α
3680 4323 3744 4381 et
3806 4316 4100 4385 amictus
4134 4318 4292 4408 ejus

1077 4406 1419 4493 Secundo,
1464 4432 1684 4503 aqua‘,
1729 4411 1848 4499 ibi,
1888 4421 1955 4490 γ.
1991 4416 2032 4480 6
2068 4437 2086 4480 =
2152 4440 2187 4480 ι
2219 4416 2548 4509 Abyssus.
2586 4449 2616 4485 ιι
2730 4424 2912 4490 sicut
2939 4422 3440 4490 vestimentum.
3487 4445 3524 4487 ι
3574 4421 3678 4490 Ad
3737 4421 4059 4502 litteram,
4093 4448 4288 4518 aquae

1163 4514 1237 4584 ln
1283 4519 1502 4608 prima
1540 4518 1703 4588 duo.
1776 4519 2040 4606 Primo,
2078 4533 2356 4594 notatur
2430 4537 2628 4600 terrae
2732 4531 3019 4598 marinae
3050 4536 3116 4598 et
3154 4529 3442 4597 flumina
3473 4530 3789 4622 operiunt
3835 4539 4112 4601 terram.
4158 4532 4292 4602 lsi-

1070 4624 1424 4696 stabilitas.
1472 4628 1816 4709 Secundo,
1851 4630 2240 4703 stabilitatis
2279 4640 2632 4730 perpetui-
2730 4637 2941 4706 dorus
2992 4635 3155 4705 dicit
3193 4635 3379 4730 quod
3419 4661 3454 4703 ι
3498 4636 3810 4707 Oceanus
3875 4638 4124 4707 dicitur
4188 4641 4290 4733 ip-

1073 4741 1196 4809 tas,
1233 4733 1350 4810 ibi,
1399 4764 1432 4796 «c
1475 4737 1628 4805 Non
1671 4739 2147 4814 inclinabitur.
2182 4769 2215 4809 ι
2732 4770 2767 4812 ι
2801 4767 2954 4812 sum
2995 4765 3209 4824 mare,
3252 4766 3335 4813 eo
3376 4743 3562 4837 quod
3604 4742 3838 4814 orbem
3878 4744 4279 4833 circumdat,

1155 4843 1330 4913 Dicit
1362 4867 1527 4938 ergo
1562 4869 1578 4914 ε
1618 4846 1731 4916 Sic
1761 4850 2240 4942 magnificatus
2279 4877 2379 4935 es,
2413 4880 2629 4950 quan·
2731 4880 2768 4918 ι
2801 4862 2878 4921 ut
2905 4852 3123 4946 possit
3160 4851 3384 4921 dicere
3418 4860 3592 4921 terra
3624 4851 3789 4920 illud
3814 4852 4011 4921 Jonae
4058 4876 4131 4935 ιι,
4175 4857 4217 4924 6
4262 4879 4279 4925 :

1069 4958 1211 5020 tum
1242 4950 1325 5020 ad
1356 4951 1746 5045 superbiam
1790 4977 1808 5025 t
1845 4967 1909 5025 ct
1950 4959 2155 5028 etiam
2203 4990 2235 5023 α
2269 4963 2419 5055 qni,
2453 4989 2486 5029 ι
2554 4963 2622 5033 id
2729 4960 3093 5054 «Abyssns
3118 4959 3418 5030 vallavit
3444 4959 3742 5029 me.»Sic
3772 4959 4065 5030 Ecclesia
4086 4963 4285 5056 abys-

1065 5066 1186 5136 est,
1231 5061 1394 5153 quia
1450 5070 1522 5128 tu
1586 5090 1618 5123 κ
1658 5062 1986 5155 fundasti
2047 5075 2328 5138 terram.
2369 5097 2401 5136 ιι
2485 5071 2615 5145 lsa.
2725 5092 2804 5138 so
2844 5067 3365 5137 tribulationum
3434 5067 3894 5137 circumdatur
3942 5077 4002 5136 et
4069 5070 4280 5138 valla-

1066 5187 1294 5245 xwm,
1363 5168 1441 5235 ¹3
1476 5189 1493 5238 ε
1538 5170 1797 5238 Manus
1862 5195 2014 5240 mea
2066 5175 2404 5268 fundavit
2475 5190 2619 5248 tcr-
2723 5186 2862 5247 tur.
2888 5175 2948 5244 ll
2972 5175 3056 5245 ad
3092 5174 3395 5245 Timoth.
3420 5198 3519 5255 m,
3557 5177 3637 5244 ¹2
3678 5197 3696 5246 t
3735 5177 3986 5247 Omnes
4016 5179 4141 5269 qui
4159 5179 4279 5268 pie

1068 5295 1240 5355 ram,
1293 5282 1421 5343 etc.
1494 5274 1578 5344 Et
1632 5278 1689 5344 si
1730 5277 2068 5348 Dominus
2106 5280 2413 5353 fundavit
2473 5293 2618 5354 ter-
2720 5287 2966 5356 volunt
2995 5287 3215 5355 vivere
3242 5287 3314 5355 in
3356 5287 3627 5358 Christo
3653 5288 4277 5381 lumper-secutio-

1065 5402 1233 5464 ram,
1326 5389 1389 5448 et
1483 5379 1642 5468 hoe,
1741 5410 1776 5450 ι
1866 5409 2077 5481 super
2157 5388 2614 5464 stabilitatem
2719 5417 2875 5464 nem
2935 5395 3319 5488 patientur.
3367 5395 3502 5465 Sed
3549 5396 3724 5464 sicut
3785 5396 4269 5465 vestimentum

1062 5510 1287 5571 suam,
1333 5515 1366 5555 ι
1410 5492 1476 5560 id
1508 5500 1633 5575 est,
1676 5493 1859 5565 dedit
1891 5498 1949 5565 ei
2000 5500 2349 5591 propriam
2405 5510 2614 5572 natu·
2718 5502 2907 5596 quod
2962 5503 3148 5573 fovet
3208 5502 3547 5573 indutum.
3612 5502 3690 5572 ln
3752 5501 3862 5570 his
3917 5503 4100 5571 enim
4128 5525 4270 5572 non

1067 5618 1205 5667 ram
1265 5608 1333 5670 et
1379 5599 1846 5687 stabilitatem,
1911 5614 2193 5699 propter
2228 5632 2438 5701 quam
2476 5619 2613 5683 stat
2716 5612 3112 5694 destruitur,
3173 5612 3291 5681 sed
3345 5612 3565 5703 magis
3619 5610 3912 5691 fovetur,
3967 5618 4035 5680 et
4079 5611 4266 5681 calor

1132 5825 1150 5862 ¹
1176 5825 1261 5888 ct.
1290 5827 1460 5888 toan.
1491 5847 1615 5903 xxi,
1648 5833 1714 5889 ιδ
1738 5838 1799 5891 et
1827 5850 1955 5909 seq.
2786 5842 2812 5880 ⁸
2838 5840 2925 5900 ct.
2956 5839 3138 5901 Exod.
3172 5856 3260 5912 ιιι,
3295 5845 3383 5899 Π.

4381 2709 4619 2759 Quo-io

4375 2765 4629 2813 stabilius.
