5008 6329
1975 226 2686 298 COMMENTARIUS
2735 226 2830 295 IN
2878 223 3316 294 PSALMUM
3367 223 3546 294 CIII.
4290 224 4370 288 39

2817 399 3224 465 immensum
3260 394 3761 486 qloriobimw·‚
3811 394 3935 461 sed
3994 392 4368 461 secundum

1155 504 1322 577 Luc.
1354 533 1496 588 xiv,
1538 511 1615 576 10
1652 531 1667 575 :
1716 508 1917 586 Vade,
1951 517 2013 575 et
2042 509 2352 577 recumbe
2380 510 2453 576 in
2481 508 2704 576 novis·
2811 524 3206 570 memsuram
3238 504 3525 592 requlae,
3568 524 3783 593 quom
3822 524 4090 568 mensus
4129 510 4223 566 esc
4254 520 4369 564 no-

1153 615 1329 682 simo
1356 608 1534 682 ioco.
1579 612 1799 707 Eccle.
1836 638 1906 695 x,
1937 617 1978 682 4
2013 640 2027 684 :
2062 618 2142 685 Si
2169 617 2456 707 spiritus
2515 622 2702 705 pote·
2811 608 2914 677 bis
2953 612 3163 686 Deus,
3208 632 3609 677 mensuram
3659 609 4101 700 pet·tinqendi
4156 629 4367 695 usque

1153 730 1404 786 statem
1448 719 1762 788 habentis
1809 724 2187 791 ascenderit
2230 744 2436 812 super
2485 730 2570 799 te,
2598 719 2708 786 lo-
2807 717 2903 784 od
2929 730 3106 783 vos¹.
3143 717 3476 786 Proverb.
3514 740 3686 795 xxu,
3723 718 3808 784 28
3844 736 3860 785 τ
3895 719 3995 785 Ne
4029 726 4366 803 transqre-

1154 849 1313 894 cum
1350 814 1667 896 tuumne
1707 831 2072 900 dimiseris.
2805 826 3026 894 dioris
3052 829 3378 893 terminos
3412 827 3763 917 antiquos,
3798 848 3966 916 quos
3989 834 4365 915 posuerunt

2796 942 3030 1024 patres
3062 933 3189 999 tui.
3235 931 3324 999 Et
3359 933 3551 1015 vitae,
3602 932 3764 1009 Joh,
3836 954 3977 1009 xiv,
4027 933 4065 1000 3
4110 954 4125 997 :
4175 932 4366 1000 Con-

2797 1042 3089 1108 stituisti
3116 1041 3442 1108 terminos
3489 1040 3670 1130 ejus,
3715 1042 3841 1132 qui
3860 1041 4202 1131 praeteriri
4229 1063 4362 1106 non

939 1178 1004 1238 9
1251 1174 1285 1209 «
1332 1149 1726 1216 Termiuum
1764 1147 2088 1238 posuisti.
2137 1171 2171 1207 s
2241 1144 2369 1213 Hic
2405 1147 2715 1227 tertium,
2795 1148 3162 1240 poterunt.

1158 1258 1227 1324 in
1261 1278 1398 1346 quo
1442 1263 1859 1324 monstratur
1914 1254 2417 1343 magnificentia
2472 1255 2581 1328 ins,
2605 1277 2716 1321 re-
2891 1257 2977 1323 Et
3014 1264 3201 1339 nota,
3240 1255 3426 1345 quod
3456 1277 3655 1346 aquae
3696 1256 3902 1323 etiam
3965 1262 4125 1321 sunt
4169 1254 4361 1321 locu-
4412 1266 4584 1362 Moalqs
4615 1267 4681 1311 ιο-

1155 1363 1461 1433 clusione
1500 1384 1833 1453 aquarum
1878 1362 1945 1427 in
1986 1361 2197 1428 alveis
2236 1362 2377 1428 suis
2422 1383 2437 1427 ε
2494 1370 2562 1428 et
2606 1361 2712 1428 di-
2804 1362 3024 1429 tiones
3056 1362 3445 1450 superssuae.
3490 1360 3574 1427 de
3606 1360 3881 1452 quibuS‚
3930 1359 4134 1426 Prov.
4189 1382 4354 1436 xvu,
4388 1333 4697 1420 ‘'ff-ilidii?

1153 1480 1403 1539 cuntur
1445 1470 1604 1536 duo.
1652 1468 1912 1550 Primo,
1967 1469 2234 1536 illarum
2294 1467 2583 1536 reclusio
2635 1467 2704 1534 in
2807 1470 2888 1536 14
2923 1471 3132 1553 :'Qui
3169 1469 3464 1536 dimittit
3493 1491 3785 1558 aquam,
3817 1476 4025 1559 caput
4062 1478 4162 1535 est
4188 1468 4361 1556 jur-

1151 1577 1363 1647 alveis
1412 1577 1577 1645 suiS.
1650 1574 1989 1651 Secundo,
2034 1599 2237 1643 causa
2277 1583 2342 1642 et
2391 1575 2564 1641 ratio
2606 1575 2702 1641 sic
2801 1576 3105 1664 qiorum.
3143 1575 3265 1641 His
3304 1576 3682 1643 terminum
3740 1574 4080 1642 Dominus
4137 1576 4363 1664 posuit

1152 1683 1543 1752 recludendi
1574 1693 1642 1752 et
1680 1682 2088 1775 reprimendi
2133 1682 2279 1748 illas
2312 1704 2398 1750 ne
2447 1690 2698 1748 terram
2805 1681 3077 1772 quando
3118 1682 3316 1766 dixit,
3361 1681 3606 1750 Matth.
3668 1705 3789 1760 xu,
3835 1684 3970 1750 36:
4020 1684 4192 1750 Dico
4240 1704 4363 1748 vo-

1150 1792 1485 1882 operiant,
1555 1793 1731 1860 sicut
1793 1794 1860 1858 iu
1918 1790 2202 1872 diluvio,
2263 1789 2384 1871 ibi,
2458 1814 2488 1852 α
2566 1790 2701 1857 Nec
2808 1790 2934 1870 bis,
3038 1792 3373 1881 quoniam
3448 1813 3652 1859 omne
3720 1790 3998 1859 verbum
4067 1793 4361 1859 otiosum

1150 1911 1644 1969 convertentur.
1690 1926 1725 1963 s
2803 1899 2995 1990 quod
3024 1898 3239 1966 locuti
3264 1900 3535 1990 suerint
3563 1899 3898 1978 homines,
3933 1900 4213 1966 reddent
4253 1923 4362 1967 ro-

800 2025 1125 2073 ·rentanonum
1246 2010 1425 2078 Dicit
1460 2032 1623 2100 ergo
1656 2031 1671 2078 ε
1712 2010 1824 2075 Sic
1862 2030 2074 2099 aquas
2107 2008 2436 2087 minuisti,
2470 2013 2536 2074 et
2573 2028 2700 2096 ap·
2804 2009 3055 2076 tionem
3082 2007 3166 2074 de
3204 2030 3279 2074 eo
3312 2010 3384 2076 in
3423 2008 3538 2076 die
3554 2008 3848 2098 judicii.
3884 2008 4085 2076 Ilunc
4126 2010 4364 2076 termi-

803 2082 1120 2183 53235222320.
1156 2127 1528 2211 paruerunt
1576 2128 1867 2197 moines,
1929 2128 1994 2185 et
2041 2118 2260 2206 campi
2314 2138 2329 2183 ε
2379 2125 2447 2184 et
2491 2117 2699 2183 etiam
2801 2137 2974 2185 num
3007 2114 3328 2205 loquaces
3375 2113 3698 2184 homines
3740 2115 4357 2206 transgrediuntur,

2804 2227 2871 2295 in
2938 2223 3134 2292 vanis
3204 2232 3478 2314 tempus
3535 2223 3923 2315 perdentes.
3997 2224 4358 2291 Bernard:

1158 2255 1190 2295 ι
1224 2230 1593 2295 terminum
1620 2227 1916 2317 posuisti
1945 2225 2115 2305 illis,
2162 2250 2197 2291 ι
2265 2222 2499 2292 alveos
2534 2246 2700 2314 pro-

2803 2359 2838 2396 «
2871 2332 3091 2399 Nemo
3122 2339 3455 2409 vestrum,
3492 2332 3759 2410 fratres,
3803 2354 4044 2422 parum
4076 2335 4363 2401 {estimet

1152 397 1501 481 vissimus‚
1537 411 1612 469 ut
1650 403 1786 468 sint
1824 398 2217 467 obedientes
2263 408 2330 469 et
2375 398 2697 468 humiles,

1155 2337 1365 2425 prios,
1428 2363 1460 2394 α
1521 2356 1720 2425 quem
1776 2357 1909 2400 non
1972 2330 2586 2421 transyredientur.
2659 2354 2692 2394 ι

1146 2445 1305 2521 Job.
1349 2465 1637 2522 xxxviii,
1690 2448 1772 2512 1⁰
1822 2452 1884 2509 et
1937 2444 2001 2508 ll
2047 2464 2063 2508 :
2127 2439 2565 2509 Circmndedi
2605 2437 2697 2505 il·

1152 2553 1305 2632 lud,
1373 2550 1627 2619 scilicet
1685 2574 1896 2628 mare,
1954 2550 2261 2615 terminis
2301 2548 2580 2625 ²120i5,...
2633 2556 2699 2612 e!

1149 2658 1308 2725 dulci
1336 2680 1358 2725 .·
1392 2658 1618 2748 Usque
1643 2656 1776 2721 leuc
1824 2657 2064 2729 venie-s,
2100 2664 2162 2719 e!
2199 2677 2336 2720 non
2376 2652 2697 2744 procedes

1149 2766 1485 2858 amplius.
1518 2775 1583 2833 et
1609 2764 1720 2831 leic
1747 2764 2134 2853 consrinye·s
2162 2771 2497 2831 uenientes
2559 2762 2701 2850 siu·

1148 2879 1503 2940 clusinos.
1554 2869 1807 2937 Jerem.
1850 2890 1920 2944 v,
1954 2871 2038 2935 22
2073 2890 2089 2934 :
2149 2868 2285 2951 Qui
2300 2867 2508 2958 posui
2543 2887 2696 2933 ore·

1148 2999 1314 3047 nam
1345 2986 1515 3045 term
1524 2979 1715 3044 inum
1746 2977 1952 3055 mori,
1988 2984 2403 3066 praecrptum
2438 2973 2697 3064 sempi-

1151 3095 1420 3155 ternum
1459 3083 1650 3177 quod
1673 3108 1807 3151 non
1841 3082 2245 3175 praeteribit.

1240 3218 1275 3260 ι
1318 3195 1457 3263 Nec
1510 3201 2001 3261 convertentur.
2057 3218 2092 3253 s
2153 3189 2322 3259 Ecce
2381 3190 2552 3257 ratio
2600 3188 2695 3256 sic

1149 3302 1674 3395 comprimendi.
1744 3303 1951 3381 Quasi
2012 3301 2259 3368 diceret
2318 3320 2334 3367 τ
2392 3299 2508 3368 Sic
2564 3323 2695 3390 po-

1149 3417 1342 3484 suisti
1403 3415 1767 3482 terminum
1813 3436 1829 3481 :
1876 3439 1910 3476 a
1964 3436 2081 3478 nec·
2117 3419 2610 3488 convertentur,
2658 3434 2692 3472 s

1150 3522 1444 3614 amplius
1500 3521 1586 3588 ab
1650 3519 1860 3587 alveis
1917 3521 2083 3594 suis,
2154 3545 2186 3584 ι
2256 3518 2521 3609 operire
2557 3527 2696 3584 ter-

1150 3652 1330 3712 ram,
1366 3653 1400 3695 s
1444 3629 1618 3697 sicut
1661 3629 1728 3695 in
1775 3626 2061 3696 diluvio.
2113 3627 2361 3694 (it-nes.
2407 3647 2499 3702 ix,
2559 3626 2688 3692 15:

1150 3737 1584 3810 Recordabar
1618 3737 1895 3827 laederis
1943 3737 2078 3802 mei
2114 3733 2572 3812 t·obiscum....
2631 3743 2694 3801 et

1147 3872 1283 3917 non
1312 3856 1514 3914 creent
1543 3845 1733 3913 ultro
1771 3867 1967 3937 aqua·
2014 3843 2267 3910 diluvii
2316 3842 2415 3909 od
2458 3841 2697 3910 delen-

1147 3956 1317 4024 dum
1365 3956 1755 4023 universum
1801 3976 2097 4019 carnem.
2176 3951 2291 4017 Sic
2357 3949 2693 4018 Dominus

1147 4084 1362 4154 aquas
1398 4059 1913 4128 tribulationum
1962 4058 2377 4149 comprimit,
2440 4080 2526 4126 ne
2564 4079 2694 4148 op-

1146 4171 1448 4264 primant
1477 4166 1870 4237 Ecclesiam.
1906 4165 1930 4233 l
1964 4165 2047 4235 ad
2085 4163 2397 4234 Corinth.
2428 4188 2497 4246 x,
2556 4167 2635 4234 ¹3
2669 4186 2687 4233 ε

1149 4274 1414 4351 Fidelis
1460 4276 1645 4343 Deus
1696 4283 1818 4355 est,
1868 4274 1994 4364 qni
2039 4297 2175 4340 non
2215 4274 2530 4364 patietur
2577 4295 2695 4340 vos

1149 4387 1405 4457 tentori
1427 4406 1644 4476 supra
1682 4383 1761 4452 id
1783 4381 1975 4474 quod
1991 4382 2299 4474 potestis.
2339 4379 2470 4451 lsa.
2502 4402 2688 4466 xuu,

1148 4502 1190 4568 2
1232 4519 1251 4566 ε
1286 4497 1463 4566 Cum
1493 4493 1845 4562 nomia-ris
1867 4514 1995 4582 per
2021 4512 2263 4582 aquas.
2298 4499 2518 4559 tecum
2549 4512 2689 4572 ero,

1147 4615 1212 4674 et
1245 4603 1550 4696 flumitm
1577 4624 1711 4669 non
1751 4601 2055 4693 operient
2084 4610 2168 4680 (e.
2570 4590 2586 4606 ⁶

1234 4711 1325 4782 Et
1385 4716 1546 4779 nota
1610 4705 1747 4785 bic,
1817 4706 2002 4797 quod
2058 4714 2214 4775 sunt
2287 4707 2561 4776 termini
2624 4714 2689 4775 et

1149 4840 1493 4892 mensura
1530 4816 1947 4892 tentationis,
1988 4815 2159 4883 sicut
2206 4813 2340 4884 hic.
2403 4814 2487 4883 Et
2534 4822 2694 4884 sunt

1145 4928 1423 5000 termini
1495 4924 1930 5000 terrenitatis,
1996 4922 2081 4991 do
2136 4922 2384 5014 quibus
2456 4945 2685 5015 supra.

1148 5035 1334 5106 l'sal.
1368 5057 1551 5112 mxiv.
1592 5036 1634 5100 9
1670 5055 1686 5100 :
1721 5033 1816 5099 Et
1838 5030 2176 5099 timebunt
2209 5033 2334 5122 qui
2372 5029 2693 5099 habitunt

1147 5143 1476 5214 terminos
1511 5163 1558 5209 a
1608 5140 1828 5231 siquis
1882 5137 2046 5205 tuis.
2108 5136 2190 5207 Et
2217 5137 2688 5229 pra-lationis:

1148 5249 1430 5324 cuilibet
1474 5250 1660 5318 enim
1726 5256 2191 5316 mensuratum
2268 5255 2371 5314 est
2426 5249 2495 5314 in
2555 5270 2692 5338 quo

1146 5360 1386 5455 possit.
1421 5355 1482 5425 ll
1535 5355 1622 5424 ad
1651 5354 1961 5423 Corinth.
2003 5377 2074 5437 x,
2112 5355 2192 5423 13
2226 5376 2244 5422 ε
2276 5355 2419 5423 Nos
2445 5377 2583 5423 non
2620 5356 2695 5423 iu

1220 5593 1239 5629 ⁹
1271 5588 1360 5648 ct.
1389 5586 1467 5646 ad
1494 5584 1711 5662 Ephes.
1743 5600 1816 5653 tr,
1840 5584 1895 5639 8.

2809 2469 2841 2502 α
2871 2448 3170 2529 tempuS,
3240 2438 3427 2529 quod
3503 2438 3574 2506 in
3650 2438 3880 2507 verbis
3938 2441 4364 2507 consumitur

2806 2572 2838 2611 ι
2872 2546 3135 2614 otiosis.
3181 2545 3385 2615 Volat
3420 2546 3708 2615 verbum
3745 2546 4211 2625 irrevocabile,
4244 2571 4363 2616 vo-

2807 2682 2841 2717 α
2873 2653 2966 2722 lat
3015 2664 3286 2745 tempus
3343 2653 3776 2723 irremeabile
3823 2678 3838 2722 :
3902 2679 4026 2724 nec
4072 2656 4361 2725 advertit

2802 2787 2837 2829 ι
2872 2763 3199 2852 insipiens
3229 2760 3395 2854 quid
3440 2763 3734 2831 amittat.
3797 2762 3992 2831 Libet
4039 2763 4355 2840 fabulari,

2802 2899 2837 2935 κ
2870 2871 3085 2952 aiunt,
3128 2869 3350 2938 donec
3395 2867 3571 2938 bora
3600 2871 4049 2960 praetereat.0
4082 2872 4097 2937 l
4137 2872 4358 2939 donec

2802 3003 2837 3045 ι
2871 2987 3297 3072 pertranseat
3334 2987 3636 3069 tempus,
3681 2979 3899 3047 donec
3940 2987 4354 3070 pertranseat

2802 3113 2836 3154 ι
2872 3085 3065 3168 liora,
3110 3109 3315 3178 quam
3349 3086 3474 3155 tibi
3515 3088 3601 3154 ad
3632 3087 3971 3178 agendam
4013 3090 4358 3179 poeuiteu-

2800 3196 3057 3271 «tiam,
3113 3196 3197 3262 ad
3247 3194 3698 3264 obtinendam
3737 3198 4040 3276 veniam,
4102 3197 4187 3264 ad
4245 3221 4357 3263 aa·-

2800 3335 2835 3369 α
2869 3305 3272 3397 quirendam
3320 3307 3644 3397 gratiam,
3697 3306 3783 3374 ad
3842 3306 4131 3394 gloriam
4195 3331 4358 3397 pro-

2803 3445 2834 3477 «
2869 3415 3291 3499 merendam,
3334 3417 3686 3484 miseratio
3726 3417 4097 3485 conditoris
4132 3417 4359 3484 indul-

2801 3548 2833 3588 «
2867 3531 2979 3614 get
3000 3532 3046 3589 ².
3098 3549 3130 3587 s

2890 3868 2925 3908 a
2964 3843 3102 3926 Qui
3146 3840 3404 3908 emittis
3447 3839 3704 3928 sontes.
3755 3869 3788 3901 υ
3841 3837 3965 3906 llic
4006 3846 4351 3928 quartum,

2797 3956 2870 4025 in
2907 3977 3046 4045 quo
3075 3951 3462 4022 ostenditur
3500 3949 4013 4042 magnificentia
4043 3953 4109 4017 iu
4153 3952 4350 4019 resti-

2797 4063 3060 4135 tutione
3091 4060 3440 4151 originum
3487 4066 3558 4127 et
3603 4056 3969 4127 solitorum
4026 4080 4349 4126 cursuum

2797 4171 3167 4242 fluviorum
3201 4190 3219 4237 ε
3265 4177 3330 4237 et
3359 4166 3746 4236 secundum
3784 4164 3916 4236 hoc
3954 4166 4092 4235 duo
4122 4166 4352 4235 dicuu-

2795 4287 2929 4350 tur.
2970 4277 3232 4355 Primo,
3284 4275 3628 4343 restitutio
3666 4274 4039 4366 originum.
4087 4274 4355 4343 Secun-

2795 4385 2912 4469 de,
2953 4404 3304 4461 cursuum.
3349 4380 3475 4463 ibi,
3520 4405 3555 4447 ι
3590 4382 3784 4451 Inter
3814 4382 4120 4450 medium
4158 4407 4350 4450 mon-

2796 4495 2997 4564 tium.
3034 4519 3071 4558 s

2881 4600 3064 4671 Dicit
3110 4621 3330 4691 ergo:
3387 4597 3505 4668 Sic
3552 4598 3962 4689 magnificus
4010 4622 4084 4668 es
4140 4623 4352 4691 aquas

2794 4705 3204 4778 includendo
3236 4707 3308 4774 in
3331 4705 3630 4797 propriis
3657 4703 3924 4775 alveis:
3983 4713 4048 4775 et
4113 4707 4347 4785 etiam,

2798 4842 2833 4882 ι
2865 4816 3012 4908 qui,
3056 4840 3093 4879 s
3143 4812 3211 4881 id
3260 4820 3390 4893 est,
3451 4815 3617 4905 quia
3673 4820 3749 4880 tu
3798 4837 3833 4879 ι
3880 4815 4160 4895 emittis,
4198 4840 4231 4880 s
4266 4816 4352 4883 ad

2795 4924 3089 4994 litteram
3127 4930 3313 4993 extra
3350 4931 3607 4991 terram
3649 4921 3890 5005 mittis,
3926 4952 3961 4986 α
4001 4925 4227 5014 lones-s
4284 4926 4353 4990 in

2795 5029 3252 5110 com-ollibus.
3289 5054 3323 5096 ι
3383 5028 3505 5097 ubi
3553 5028 3694 5096 duo
3763 5040 4033 5101 montes
4077 5054 4358 5100 concur-

2797 5150 2982 5218 runt,
3034 5140 3130 5208 ibi
3176 5139 3364 5208 enim
3428 5136 3856 5228 frequentius
3900 5148 4057 5207 sunt
4106 5139 4355 5211 fontes.

2796 5247 2877 5318 ln
2921 5246 3107 5317 l’sal.
3150 5268 3319 5327 ινα,
3390 5247 3496 5323 ¹6.
3543 5268 3755 5337 supra
3798 5267 3814 5314 ε
3865 5250 4358 5338 Appon-uerunt

2793 5358 3021 5447 sontes
3057 5376 3432 5445 aquarum.
3469 5351 3924 5423 Cassiodorus
3957 5377 3974 5423 ε
4012 5381 4047 5421 ι
4081 5355 4356 5425 Certum

2865 5587 2891 5624 ¹
2922 5585 2981 5642 S.
3013 5585 3367 5658 Bminnus,
3394 5583 3587 5644 Serm.
3619 5584 3696 5642 de
3727 5583 3949 5661 triplici
3977 5585 4272 5646 custodia.
