5008 6329
644 306 770 372 202
1669 312 1749 381 D.
1799 311 2001 381 ALB.
2053 311 2269 380 MAG.
2323 313 2533 382 ORD.
2586 314 2881 382 PRAED.

438 504 492 566 g
734 505 764 543 α
806 481 1090 549 Similes
1119 482 1268 548 illis
1303 481 1505 568 fiant.
1554 507 1586 547 »
1621 483 1749 552 Hic
1780 487 2181 569 secundum,
2294 487 2545 553 tiarum
2601 485 2775 553 actio
2831 505 2954 572 pro
3005 483 3450 550 conversione
3506 480 3647 560 illa,
3719 479 3838 556 ibi,

638 584 707 650 in
740 608 873 675 quo
906 587 1318 676 imprecatur
1361 587 1766 672 cultoribus,
1811 601 1876 660 et
1922 592 2188 660 factori·
2288 600 2354 668 ῒ.
2402 594 2481 658 17
2521 616 2536 660 :
2586 619 2614 654 ιι
2642 593 2795 659 Non
2834 591 3111 657 mortui.
3145 617 3173 652 »ι

636 690 760 758 bus
803 692 1166 760 idolorum.
1218 691 1302 759 Et
1339 696 1587 784 prim0‚
1632 698 2024 767 factoribus„
2065 698 2185 767 Se·
2378 695 2457 761 In
2518 697 2737 784 prima
2791 695 2953 762 dun.
2995 694 3331 792 Majorum
3390 716 3544 783 spes
3603 702 3671 761 et
3718 714 3841 760 ex-

633 798 879 877 cundo,
915 798 1312 881 cultoribus,
1349 802 1470 888 ibi,
1514 832 1548 869 «
1584 809 1679 874 El
1707 827 1957 873 omnes.
1998 832 2029 866 »

717 905 898 972 Dicit
945 927 1107 998 ergo
1143 931 1157 975 :
1197 908 1311 978 Sic
1357 935 1535 980 vana
1585 920 1743 980 sunt
1788 909 2174 990 simulacra,

630 1017 693 1078 et
722 1013 1003 1082 omnino
1037 1017 1327 1100 inutilia,
1391 1027 1456 1087 et
1511 1025 1791 1109 propter
1826 1017 1958 1086 hoc
1988 1025 2170 1107 peto,

2286 802 2636 890 spectatio.
2674 800 3013 882 Secund0,
3052 803 3422 879 minorum,
3450 798 3571 880 ibi,
3603 806 3668 875 y.
3709 802 3783 865 11
3817 822 3834 866 ε

2290 932 2322 972 α
2370 908 2510 992 Qui
2537 909 2800 977 liment.
2840 935 2872 975 »

2372 1017 2451 1084 ln
2480 1019 2701 1107 prima
2730 1017 2889 1086 duo.
2934 1017 3193 1101 Prim0‚
3227 1017 3640 1108 exspectatio
3681 1037 3836 1082 ma-

626 1119 806 1208 quod
865 1148 899 1185 «
975 1124 1238 1192 similes
1284 1125 1436 1193 illis
1490 1126 1671 1213 siant
1724 1126 1848 1215 qui
1900 1126 2176 1214 faciunt
2270 1123 2533 1213 jorum,
2568 1133 2899 1215 quantum
2928 1125 3013 1193 ad
3040 1124 3380 1214 principes
3407 1124 3518 1191 vel
3561 1124 3833 1213 sapien-

623 1246 723 1292 ea.
772 1252 804 1292 ι»
842 1225 1147 1322 Sapient.
1209 1253 1348 1309 xtv,
1399 1231 1438 1297 8
1506 1237 1573 1297 et
1601 1233 1694 1299 9:
1742 1233 1881 1299 Per
1908 1255 2169 1299 manus

621 1337 902 1425 quodsi!
923 1338 1219 1420 idolum,
1244 1337 1694 1407 maledictum
1714 1350 1811 1407 est
1828 1350 1892 1407 et
1912 1342 2165 1431 ipsum,

616 1450 678 1508 et
706 1444 827 1532 qui
851 1445 1019 1533 fecit
1050 1444 1319 1513 illud...
1352 1445 1698 1514 Similiter
1734 1457 1964 1514 aulem
2012 1447 2168 1515 odio

609 1560 772 1616 sunt
825 1553 967 1618 Deo
1026 1551 1283 1642 impius
1337 1562 1403 1622 et
1457 1557 1777 1646 impietas
1835 1555 1991 1644 ejus
2020 1579 2043 1623 .·
2111 1557 2169 1622 si

612 1656 860 1724 fuerint
890 1658 1175 1742 similes,
1220 1660 1389 1729 nihil
1412 1662 1806 1754 fient,quia,
1837 1661 1869 1727 Ι
1910 1663 1996 1730 ad
2043 1663 2169 1732 Co-

593 4786 810 4869 sione,
852 4812 893 4859 a
947 4792 1199 4861 sanctis
1257 4790 1574 4862 Patribus
1631 4804 2020 4887 exspectata
2074 4806 2144 4868 et

590 4895 939 4987 praedicts,
986 4906 1053 4967 et
1099 4898 1508 4993 complenda
1550 4902 1620 4969 in
1673 4900 1808 4973 fine
1846 4904 2083 4974 mundi
2118 4929 2136 4975 ε

2279 1240 2402 1301 tes.
2466 1232 2807 1313 Secundo,
2868 1242 3200 1325 quantum
3266 1231 3352 1300 ad
3409 1231 3825 1311 sacerdotes,

2274 1341 2384 1410 vel
2425 1342 2513 1410 ad
2568 1344 2963 1423 sanctiores,
3023 1342 3141 1426 ibi,
3201 1341 3505 1417 2102«
3559 1342 3829 1408 Domus

2271 1452 2531 1518 Aaron.
2567 1477 2596 1514 n

2362 1557 2442 1625 In
2506 1558 2729 1649 prima
2795 1558 2955 1625 duo.
3042 1557 3304 1637 Primo,
3378 1555 3818 1646 exspectatio,

2274 1664 2620 1745 Secundo,
2681 1666 2980 1733 conditio
3057 1664 3334 1732 illorum
3403 1663 3519 1753 qui
3588 1684 3826 1754 exspe-

330 1731 386 1772 ⁹
609 1765 813 1834 rinth.
849 1792 992 1852 vm,
1028 1771 1069 1836 4
1103 1792 1118 1838 :
1153 1771 1359 1840 Nihil
1391 1783 1490 1839 est
1517 1772 1786 1840 idolum
1832 1775 1905 1840 in
1961 1797 2163 1842 mun·
2268 1779 2456 1839 ctant
2493 1771 2793 1852 interim,
2826 1770 2944 1854 ibi,
2989 1797 3023 1836 ι
3053 1769 3385 1859 Adjutor.
3422 1795 3458 1832 n

610 1873 696 1943 do
726 1899 749 1943 .·
782 1900 944 1969 ergo
995 1879 1123 1970 ipsi
1169 1878 1365 1947 nihil.
1401 1879 1487 1947 Et
1536 1880 1670 1949 hoc
1731 1904 1972 1949 verum
2031 1890 2157 1967 est,
2355 1881 2474 1950 Ait
2530 1904 2694 1974 ergo
2741 1904 2756 1950 :
2798 1881 2913 1950 Sic
2968 1889 3127 1951 sunt
3190 1902 3371 1948 vana
3421 1878 3815 1957 simulacra,

608 1984 737 2054 lsa.
791 2009 973 2066 xciv,
1010 1990 1050 2055 9
1085 2009 1102 2055 :
1169 1987 1434 2057 Plasta·
1488 1989 1667 2057 idoli
1714 2013 1944 2059 omnes
1979 1991 2167 2060 nihil
2265 1988 2384 2059 sed
2425 2016 2459 2055 ι
2504 1989 2751 2058 domus
2786 1990 3032 2076 Israel,
3067 2015 3101 2056 s
3134 1989 3516 2058 videntium
3564 1985 3815 2066 Deum,

605 2102 796 2160 sunt.
2264 2096 2520 2166 scilicet
2557 2097 2851 2186 majores
2894 2097 2966 2165 in
3012 2097 3345 2187 sapientia
3384 2093 3818 2164 Christiano-

701 2230 734 2264 «
790 2205 886 2270 Et
924 2225 1155 2271 onmes
1209 2206 1334 2296 qui
1368 2206 1725 2296 confidunt
1779 2208 1852 2275 in
1917 2208 2038 2292 eis,
2121 2232 2155 2273 ι
2263 2226 2444 2286 rum,
2479 2231 2513 2264 «
2547 2204 2847 2295 speravit
2892 2205 2964 2270 in
3020 2203 3345 2285 Domino,
3376 2228 3407 2265 ι»
3442 2199 3630 2292 quod
3685 2198 3816 2268 ad-

606 2307 904 2378 colentes
943 2333 1023 2379 ea
1051 2318 1403 2403 tamquam
1452 2312 1642 2384 deos.
1687 2312 1994 2405 Sapient.
2038 2337 2152 2394 xv,
2261 2314 2397 2383 huc
2425 2322 2776 2383 convertet
2812 2314 3130 2405 reliquias
3159 2312 3644 2382 Israelitarum.
3682 2309 3816 2379 So·

609 2414 649 2482 6
705 2439 721 2483 z
775 2415 1136 2485 Malorum
1173 2429 1517 2488 amotores
1582 2421 1782 2512 diyni
1823 2430 1986 2490 sunt
2032 2422 2156 2513 qui
2256 2422 2472 2515 phou.
2517 2446 2615 2503 111,
2663 2425 2743 2491 12
2778 2446 2793 2492 :
2827 2421 3220 2515 Sper-abunt
3255 2423 3328 2490 in
3358 2421 3636 2490 nomine
3662 2420 3817 2487 Do-

603 2546 789 2614 spem
868 2523 1168 2594 habeant
1225 2527 1295 2594 in
1372 2526 1660 2608 talibuS,
1721 2538 1787 2597 et
1840 2531 1967 2621 qui
2029 2531 2152 2619 sa·
2257 2530 2435 2598 mini
2459 2529 2773 2621 reliquiae
2800 2528 3022 2599 Israel
3043 2526 3090 2598 ⁴.

605 2632 793 2699 ciunt
841 2631 1029 2716 illos,
1081 2645 1145 2702 et
1190 2634 1317 2725 qui
1369 2634 1704 2727 diliqunt,
1761 2648 1826 2705 et
1870 2639 1995 2730 qui
2049 2660 2154 2706 eo-
2349 2662 2383 2701 «
2442 2635 2777 2726 Adjutor,
2833 2659 2867 2700 ι
2917 2634 2988 2702 ὶιι
3042 2633 3243 2702 bonis
3288 2629 3598 2724 agendis,
3656 2653 3691 2695 α
3746 2637 3813 2696 et

605 2738 780 2809 lunt.
826 2738 957 2809 isa.
1009 2763 1169 2821 xm,
1227 2744 1304 2810 17
1362 2766 1378 2811 ε
1415 2744 1960 2835 Consundontur
1995 2767 2151 2814 con-
2246 2752 2617 2835 protector,
2655 2767 2686 2808 s
2736 2744 2806 2810 in
2848 2742 3046 2811 malis
3090 2740 3437 2820 cavendis,
3483 2766 3522 2804 α
3561 2758 3807 2807 eorum

599 2848 870 2936 fusione
924 2851 1051 2940 qui
1102 2851 1461 2942 confidunt
1516 2855 1590 2922 in
1629 2853 1974 2948 sculptili,
2027 2857 2151 2946 qui
2251 2861 2374 2920 est.
2411 2878 2445 2913 »
2477 2851 2772 2942 Adjutor
2797 2852 3001 2918 etiam
3041 2850 3111 2918 in
3148 2845 3627 2918 convertendis
3653 2844 3811 2914 reli-

600 2953 837 3023 dicunt
890 2957 1240 3045 conflatili
1283 2981 1307 3026 .·
1370 2959 1494 3028 Vos
1557 2959 1663 3029 dii
1706 2963 1950 3030 nostri.
2018 2960 2149 3031 Ec·
2252 2957 2432 3049 quiis
2470 2957 2867 3037 electorum,
2918 2964 2987 3024 et
3025 2963 3371 3048 protector
3402 2952 3490 3022 ab
3539 2950 3809 3020 insidiis

598 3062 702 3132 cli.
761 3087 976 3146 xxvn,
1045 3067 1087 3135 3
1148 3088 1165 3134 ε
1232 3068 1635 3138 Conteretur
1705 3092 1863 3139 cum
1928 3070 2148 3140 delin-
2252 3062 2727 3155 reproborum·
2764 3061 2966 3134 Ecoli-
3018 3085 3092 3142 11·
3149 3062 3223 3130 1¹
3269 3069 3339 3130 θῑ
3378 3061 3461 3128 ¹2
3497 3080 3516 3128 ἕ
3548 3058 3810 3129 8051012

600 3183 843 3262 querite
896 3172 1252 3244 delictum.
1321 3174 1727 3261 Simulante,
1786 3187 1949 3248 sunt
1992 3201 2146 3247 ma·
2249 3173 2582 3265 quoniam
2629 3172 2875 3242 nullus
2908 3173 3211 3266 speravit
3255 3172 3330 3239 in
3365 3168 3697 3249 Domino,
3740 3177 3807 3236 et

596 3276 643 3344 li
698 3287 766 3348 et
819 3280 1244 3374 negligentes
1290 3282 1591 3353 Praelati.
1642 3284 1825 3377 Ergo
1868 3288 1986 3379 qui
2035 3287 2143 3356 ia·
2249 3281 2583 3369 confusus
2634 3291 2757 3350 est.
2821 3280 2991 3365 Quis
3026 3281 3211 3348 enim
3266 3275 3664 3370 permansit
3729 3275 3801 3342 in

596 3384 779 3455 ciunt
809 3410 915 3469 ea,
959 3388 1028 3458 id
1075 3399 1200 3471 est,
1242 3391 1607 3461 simulacra
1647 3392 1786 3480 illa,
1829 3395 1996 3464 fiant
2041 3395 2140 3464 eis
2251 3387 2603 3457 mandatis
2629 3387 2810 3478 ejus,
2832 3397 2899 3455 et
2934 3385 3297 3455 derelictus
3322 3394 3421 3453 est
3444 3381 3646 3452 Psed
3674 3380 3806 3451 ad-

595 3495 851 3565 similes
907 3497 978 3566 in
1045 3521 1246 3590 poena
1288 3521 1306 3570 ε
1349 3500 1469 3570 sed
1514 3501 1599 3571 de
1656 3503 1824 3595 ipsis
1867 3503 2138 3586 dicitur,
2237 3494 2465 3583 juvat·
2508 3501 2576 3562 Θῑ
2620 3493 2940 3585 protegit·
2996 3501 3064 3562 Θῑ
3118 3491 3388 3577 Ῐίὓθΐδῑ,
3439 3497 3510 3560 Θῑ
3551 3487 3795 3558 Βδινὸῑ·

597 3601 900 3696 Sapient.
961 3628 1057 3689 vt,
1128 3607 1170 3674 6
1230 3630 1249 3677 ε
1294 3607 1655 3679 Iudicium
1692 3610 2145 3680 durissimum
2246 3600 2380 3671 1⁸8·
2444 3624 2634 3682 ¹¹1¹.
2692 3604 2734 3671 5
2786 3624 2803 3670 :
2859 3601 3057 3671 Sicu!
3096 3623 3254 3669 aves
3307 3597 3643 3676 volante-5·
3700 3595 3803 3665 δίο

593 3710 700 3779 luis
717 3711 1195 3804 quipraesun!‚
1226 3715 1371 3804 fiet.
1405 3713 1490 3783 Et
1519 3715 1591 3783 in
1621 3714 1754 3786 illis
1800 3738 1993 3809 ergo,
2024 3719 2140 3810 qui
2234 3717 2553 3803 proteget
2597 3709 2939 3778 Dominus
2973 3710 3164 3777 Deus
3213 3706 3643 3775 exercituum
3677 3704 3805 3773 Je-

595 3815 760 3887 tales
806 3817 1062 3888 iaciunt
1106 3842 1122 3888 ε
1165 3820 1308 3890 imo
1365 3822 1481 3914 qui
1516 3831 1592 3892 ut
1627 3823 1796 3893 fiant
1849 3846 2146 3894 consen·
2243 3814 2578 3902 rusatem,
2637 3823 2996 3907 protegens
3048 3823 3115 3881 et
3167 3811 3494 3895 liberam,
3569 3820 3806 3879 tram-

595 3926 793 4006 tiunt.
844 3926 904 3994 si
951 3927 1262 3998 resistere
1317 3939 1629 4021 possunt.
1680 3930 1791 4001 Ad
1844 3931 2137 4002 Roman.
2245 3925 2390 3992 iem
2454 3930 2520 3992 e!
2551 3922 2855 3992 salvam·
2904 3921 3159 3994 Jerflm·
3209 3942 3352 4001 ΣΝ.
3401 3919 3445 3988 8
3475 3940 3494 3988 ²
3526 3920 3802 4009 33⁸1>ss-

597 4052 670 4110 ιι,
710 4030 794 4098 32
829 4051 846 4098 :
879 4030 1035 4101 Non
1078 4032 1308 4103 solum
1351 4035 1479 4128 qui
1519 4035 1700 4107 talia
1740 4046 1988 4130 ayunt,
2025 4036 2149 4106 sed
2243 4032 2456 4101 elatio
2504 4030 2750 4111 Israel,
2807 4030 3116 4100 salvator
3159 4029 3315 4121 ejus
3370 4030 3445 4099 in
3496 4038 3801 4123 tempore

597 4140 720 4228 qui
777 4140 1196 4230 facientibus
1253 4146 1709 4232 consentiunt,
1740 4146 1943 4237 dique·
1982 4153 2146 4214 sunl
2245 4136 2751 4207 tribulationis·

599 4252 835 4315 morte.

2339 4497 2378 4535 α
2429 4467 2692 4538 Domus
2753 4467 3012 4537 Aaron.
3091 4492 3130 4530 α
3195 4462 3325 4536 Hic
3385 4463 3795 4554 secundum,
3925 4476 4055 4546 ιο

386 4572 450 4644 0
691 4597 726 4639 ι
755 4572 1027 4643 Domus
1076 4550 1320 4646 Israel.
1357 4606 1392 4641 »a
1442 4575 1570 4648 llic
1629 4577 1926 4650 secunda
1988 4603 2146 4673 pars
2246 4600 2403 4669 spes
2447 4572 2905 4654 sacerdotum,
2944 4570 3057 4642 vel
3093 4572 3513 4642 sanctiorum
3546 4593 3565 4641 z
3598 4580 3670 4641 et
3695 4571 3798 4641 di-
3822 4581 4144 4686 Sumo·

256 4679 570 4790 Μὴ
599 4676 876 4761 Psalmi,
918 4682 991 4750 in
1021 4705 1155 4775 qua
1177 4682 1340 4775 {agit
1378 4684 1463 4753 de
1509 4686 1810 4777 generali
1850 4710 2145 4758 conver·
2243 4683 2401 4755 vide
2423 4683 2601 4752 sicut
2643 4679 3153 4750 antecedentem
3181 4700 3484 4758 versum,
3527 4685 3596 4749 et
3639 4677 3794 4771 lege

2243 4792 2420 4862 sicut
2448 4811 2680 4883 supra,
2712 4796 2779 4858 et
2807 4786 3005 4873 adde,
3037 4786 3223 4880 quod
3249 4787 3436 4879 ipsos
3470 4784 3795 4856 sacerdo·

2243 4907 2344 4969 tes
2403 4906 2471 4968 et
2535 4898 2908 4967 sanctiores
2960 4895 3033 4964 in
3095 4904 3240 4966 tota
3277 4894 3580 4965 Ecclesia
3629 4893 3797 4963 dicit

590 5008 657 5069 et
707 5001 1028 5073 dicuntur
1072 5005 1200 5075 tria
1245 5006 1320 5075 in
1357 5005 1488 5076 hac
1539 5016 1755 5101 parte.
1797 5008 2135 5093 Primum,
2241 5028 2544 5098 sperare,
2587 5004 2750 5096 quia
2799 5010 2868 5073 et
2919 5002 3050 5094 ipsi
3089 5024 3231 5071 non
3279 5000 3506 5072 adhuc
3552 5022 3797 5093 appre-

590 5106 997 5180 Sanctorum
1029 5116 1472 5205 exspectatio,
1515 5114 1702 5206 quod
1739 5116 1811 5184 in
1857 5116 1995 5188 fine
2024 5118 2141 5188 fiet
2238 5111 2553 5183 hendunt
2589 5113 2660 5180 in
2707 5133 2806 5195 re,
2846 5109 3022 5179 sicut
3061 5131 3189 5179 nec
3223 5109 3366 5192 alii,
3414 5107 3533 5178 sed
3571 5104 3797 5177 adhuc

585 5220 965 5290 conversio.
1001 5220 1344 5305 Secundo,
1392 5224 1541 5316 ipsa
1585 5226 1970 5309 conversio,
2011 5226 2130 5307 ibi,
2239 5219 2597 5290 ambulant
2652 5217 2726 5286 3¹¹
2779 5238 2925 5309 8ΡΘ·
2982 5215 3092 5286 Ad
3138 5215 3389 5306 PhiliP·
3451 5236 3552 5296 ¹¹12
3590 5215 3673 5284 13
3725 5223 3795 5285 θῑ

584 5331 650 5402 5.
686 5326 767 5393 12
805 5347 822 5395 ε
879 5353 912 5393 ι
945 5330 1289 5399 Dominus
1316 5353 1600 5401 memor.
1635 5356 1670 5399 s
1699 5331 1954 5413 Tertio,
1986 5357 2139 5426 gra-
2243 5330 2326 5397 14
2369 5350 2387 5397 ε
2430 5330 2584 5419 qu
2630 5334 2862 5395 autem
2906 5346 3016 5393 me
3066 5345 3204 5393 non
3258 5319 3564 5391 arbitror
3604 5344 3798 5392 eom-

653 5570 675 5610 ⁸
706 5570 950 5649 Vulgata
993 5570 1194 5645 habet,
1224 5575 1490 5651 sophon.
1529 5594 1614 5648 ιιι,
1658 5580 1727 5636 ¹2
1768 5585 1832 5638 et
1880 5579 1948 5638 ¹³
1979 5595 1996 5637 ε
2028 5577 2133 5636 De-
2232 5582 2539 5656 sperabunt
2565 5581 2630 5639 in
2653 5581 2878 5639 nomine
2903 5567 3146 5636 Domitii.
3178 5576 3445 5651 Reliquiae
3472 5576 3649 5635 lsrael
3674 5591 3790 5636 non

581 5663 888 5738 relinquam
917 5668 978 5724 in
1006 5667 1188 5723 medio
1217 5667 1305 5724 tui
1335 5684 1643 5741 pauperem
1690 5675 1746 5729 et
1793 5686 2049 5744 euenum,
2078 5674 2134 5729 et
2228 5673 2441 5745 facient
2468 5668 2842 5745 iniquitatem,
2872 5672 2988 5727 stc.
