5008 6329
2341 324 2762 394 PSALMUS
2812 324 3122 396 CXXXI.

1173 494 1497 562 Domino,
1533 519 1567 559 ιι
1600 493 1854 563 Thren.
1890 518 1988 575 111,
2023 498 2107 564 25
2155 520 2170 564 :
2203 499 2439 564 Bonus
2469 507 2565 563 est
2599 499 2737 562 Do-

1174 602 1405 668 minus
1432 603 1876 694 sperantibus
1906 605 1979 671 in
2007 627 2183 671 eum.
2220 604 2425 670 Eccli.
2488 626 2560 681 11,
2599 604 2673 667 11
2714 621 2729 666 ε

1172 710 1437 778 Nullus
1473 713 1777 802 speravit
1807 713 1881 777 in
1920 714 2245 789 Domino,
2299 720 2362 777 et
2410 711 2736 798 confusus

1168 826 1267 883 est
1311 816 1409 884 ?1
1441 818 1762 886 Machab.
1812 842 1881 895 11,
1920 820 1997 884 61
2051 840 2064 882 :
2104 817 2421 906 Coqitcite
2451 840 2578 906 per
2611 839 2736 905 qe-

1167 928 1596 994 nerationem
1650 935 1712 992 et
1802 927 2333 1015 qenerationem,
2405 926 2734 1015 quoniam

1169 1035 1295 1123 qui
1329 1042 1614 1124 sperant
1663 1034 1736 1100 in
1795 1057 1974 1112 eum,
2044 1058 2181 1101 non
2257 1035 2728 1122 infirmantur.

1168 1137 1255 1207 Et
1286 1137 1444 1222 hoo,
1491 1165 1526 1205 a
1571 1163 1657 1208 ex
1692 1141 1820 1209 lzoc
1856 1165 2039 1210 neme
2067 1152 2131 1208 et
2170 1164 2382 1231 usque
2420 1142 2490 1208 in
2516 1163 2734 1208 seecu-

4271 332 4394 398 391

2853 495 3023 563 lum.
3072 524 3103 560 ιι
3171 496 3366 573 Osee,
3413 520 3532 576 xn,
3586 499 3623 562 6
3662 519 3677 563 :
3727 495 4286 563 Misericordiam
4334 508 4401 566 et

2835 603 3190 692 judicium
3229 605 3517 681 custodi,
3560 615 3622 670 et
3667 627 3867 692 spera
3928 606 3999 670 in
4063 607 4208 671 Deo
4280 617 4395 672 tuo

2841 734 3123 802 semper.
3155 712 3332 779 Psal.
3377 730 3510 794 1.v1,·
3544 713 3582 776 2
3621 735 3635 777 :
3669 712 3751 778 In
3804 711 4050 778 umbra
4111 712 4391 780 alarum

2844 830 3124 887 tuarum
3166 820 3474 910 sperabo,
3528 819 3733 886 donec
3777 828 4081 886 transeat
4131 822 4390 911 iniqui-

2843 938 2972 1005 taS,
3008 926 3138 995 hoc
3167 937 3288 1008 est,
3341 950 3555 1017 usque
3595 927 3679 992 ad
3707 926 3939 1005 finem,
3976 928 4116 993 imo
4149 928 4330 994 ultra
4366 951 4381 995 z

2844 1055 2980 1100 non
3048 1035 3222 1100 enim
3284 1034 3565 1101 omnino
3631 1032 3947 1099 transibit
4033 1034 4384 1123 iniquitaS‚

2842 1140 2981 1207 imo
3013 1140 3084 1207 in
3126 1140 3385 1208 inferno
3453 1140 3778 1208 manebit.

2369 1608 2827 1683 PSALMUS
2872 1608 3194 1682 CXXXI.

1162 1949 1313 2020 Deo
1353 1948 1656 2042 exponit
1683 1959 1923 2019 votum
1963 1946 2050 2017 de
2099 1969 2273 2016 arca
2333 1948 2405 2016 in
2452 1946 2850 2018 Jerusalem
2919 1945 3338 2025 reducenda,
3397 1969 3679 2041 eumque
3753 1959 3924 2020 orat
3956 1959 4036 2018 ut
4090 1947 4384 2040 impleat

2092 2058 2581 2147 iuramentum
2612 2054 2699 2125 de
2755 2053 3052 2125 Christo
3082 2053 3450 2125 mittenda

1218 2433 1276 2480 1.
1332 2406 1719 2479 Canticum
1770 2406 2155 2498 graduum.

1342 2517 1742 2598 Memento,
1782 2513 2118 2599 Domine,
2156 2511 2409 2591 David,
2445 2529 2514 2582 et
2554 2534 2722 2581 om-

1432 2621 1547 2695 nis
1589 2621 2178 2694 mansuetudinis
2209 2619 2364 2710 ejus
2402 2642 2417 2686 z

1209 2756 1275 2802 α.
1332 2730 1538 2804 Sicut
1571 2729 1833 2821 juravit
1895 2729 2239 2808 Domino,
2291 2745 2540 2797 votum
2590 2726 2731 2795 vo-'

1427 2839 1533 2910 vit
1598 2840 1751 2909 Deo
1787 2837 2013 2909 Jacob
2067 2857 2084 2907 ε

1205 2952 1271 3022 3.
1328 2947 1405 3021 Si
1450 2946 1801 3019 introiero
1860 2945 1935 3017 in
1981 2944 2526 3018 tabernaculum
2592 2943 2718 3012 do-

1430 3075 1599 3125 mus
1656 3073 1841 3124 meae
1892 3054 1909 3090 ¹
1983 3073 2000 3123 ε
2053 3053 2112 3122 si
2179 3051 2573 3121 ascendero
2639 3048 2712 3119 in

1426 3163 1695 3256 lectum
1731 3160 1934 3234 strati
1977 3160 2121 3233 mei
2177 3186 2193 3230 z

1196 3297 1266 3363 4.
1322 3273 1404 3347 Si
1457 3272 1727 3344 dedero
1759 3292 2106 3343 somnum
2137 3269 2370 3340 oculis
2400 3266 2611 3350 meis,
2642 3285 2713 3339 et

1422 3381 1794 3478 palpebris
1827 3380 2012 3453 meis
2042 3377 2636 3452 dormitationem
2690 3399 2706 3445 :

1198 3498 1265 3567 5.
1325 3492 1418 3564 Et
1448 3491 1777 3585 requiem
1824 3490 2278 3585 temporibus
2317 3488 2526 3567 meis,
2579 3487 2711 3555 do-

1420 3622 1552 3672 nec
1604 3599 1974 3671 inveniam
2043 3600 2283 3669 locum
2364 3593 2707 3680 Domino,

1420 3711 1974 3782 tabernaculum
2009 3711 2161 3780 Deo
2179 3705 2429 3778 Jacob.

1198 3821 1262 3891 6.
1325 3819 1512 3890 Ecce
1542 3817 1965 3890 audivimus
2005 3838 2164 3914 eam
2214 3814 2284 3885 in
2331 3814 2655 3908 Ephrata
2690 3836 2707 3883 ε

1418 3926 1838 3997 invenimus
1878 3946 2036 3996 eam
2069 3924 2140 3994 in
2174 3921 2449 4015 campis
2480 3918 2706 3991 silvae.

1194 4059 1261 4128 7.
1317 4032 1802 4106 lntroibimus
1833 4033 1906 4104 in
1933 4031 2475 4104 tabernaculum
2508 4026 2713 4116 ejus:

1417 4141 1893 4215 adorabimus
1953 4141 2025 4211 in
2056 4141 2244 4234 {loco
2319 4136 2444 4209 ubi
2503 4153 2713 4207 stete·

1417 4271 1587 4323 runt
1622 4250 1845 4345 pedes
1875 4251 2056 4341 ejus.

1190 4361 1263 4433 8.
1317 4359 1581 4455 Surge,
1617 4359 1959 4441 Domine.
2005 4360 2076 4432 in
2109 4357 2438 4453 requiem
2475 4377 2707 4443 tuam,

1417 4483 1497 4538 tu
1538 4482 1609 4537 et
1639 4487 1802 4537 arca
1833 4462 2424 4537 sanctificationis
2472 4483 2616 4536 tuae
2690 4514 2708 4532 .

1192 4594 1262 4665 9.
1316 4569 1750 4645 Sacerdotes
1840 4571 1947 4642 tui
2020 4571 2419 4643 induantur
2497 4570 2707 4660 jusu-

1414 4682 1623 4767 tiam,
1655 4699 1724 4751 et
1768 4680 1994 4752 sancti
2047 4680 2152 4751 tui
2184 4681 2567 4753 exsultent.

1155 4812 1263 4861 ιο.
1319 4789 1633 4882 Propter
1664 4787 1927 4874 David,
1964 4809 2254 4860 servum
2285 4806 2521 4867 tuum,
2559 4808 2704 4856 non

1413 4913 1696 4969 avertas
1737 4895 1993 4968 faciem
2021 4894 2297 4969 Christi
2328 4895 2461 4966 tui.

1157 5028 1180 5076 1
1209 5031 1265 5077 ι.
1317 5004 1356 5075 J
1368 5002 1603 5075 uravit
1634 5001 2000 5075 Dominus
2040 5000 2270 5073 David
2303 5000 2707 5089 veritatem,

1224 5258 1243 5295 ¹
1274 5257 1328 5314 11
1357 5258 1499 5331 Reg.
1532 5272 1630 5327 vn,
1659 5260 1716 5316 2.

1222 5347 1247 5384 ⁸
1272 5349 1326 5405 11
1351 5347 1615 5423 Paralip.
1642 5364 1720 5418 vt,
1748 5349 1843 5406 ⁴¹.

3096 2423 3163 2474 et
3223 2426 3367 2474 non
3435 2405 3901 2476 frustrabitur
3949 2427 4110 2475 eam
4196 2430 4211 2474 ε
4293 2405 4381 2476 de

3094 2512 3328 2581 fructu
3381 2513 3648 2582 ventris
3690 2511 3794 2581 tui
3839 2534 4108 2605 ponam
4161 2534 4381 2606 super

3094 2622 3337 2692 sedem
3379 2641 3577 2692 tuam
3627 2623 3672 2693 ⁸.

2840 2752 2942 2800 12.
2999 2728 3077 2802 Si
3107 2730 3580 2801 custodierint
3636 2731 3761 2801 filii
3813 2731 3919 2801 tui
3978 2749 4380 2801 testamen-

3093 2858 3246 2911 tum
3297 2861 3569 2921 meum,
3612 2859 3680 2910 et
3738 2840 4155 2910 testimonia
4213 2861 4374 2910 mea

3092 2948 3242 3018 haec
3279 2968 3443 3040 quae
3483 2948 3758 3018 docebo
3806 2970 3959 3031 eos,

3005 3056 3096 3126 Et
3127 3056 3249 3125 filii
3292 3078 3544 3126 eorum
3595 3078 3826 3148 usque
3867 3056 3940 3126 in
3988 3057 4365 3135 saeculum,

3087 3162 3440 3234 sedebunt
3481 3186 3699 3255 super
3729 3162 3976 3234 sedem
4020 3185 4247 3235 tuam.

2834 3276 2940 3345 13.
2991 3272 3358 3365 Quoniam
3416 3272 3626 3365 elegit
3704 3271 4068 3343 Dominus
4155 3270 4364 3356 Sion,

3087 3380 3296 3474 elegit
3327 3403 3484 3452 eam
3524 3380 3597 3452 in
3641 3379 4165 3451 habitationem
4196 3378 4366 3455 sibi.

2833 3514 2936 3579 ¹4·
2995 3490 3168 3561 Haec
3237 3489 3520 3583 requies
3612 3511 3771 3561 mea
3859 3490 3929 3560 in
4009 3489 4362 3560 saeculum

3086 3597 3326 3667 saeculi
3386 3620 3402 3664 ε
3457 3596 3571 3667 hic
3603 3595 3970 3675 habitabo,
4016 3595 4368 3689 quoniam

3086 3703 3260 3797 elegi
3304 3726 3484 3775 eam.

2833 3819 2938 3887 ι5.
2988 3812 3302 3884 Viduam
3353 3811 3508 3903 ejus
3559 3812 3995 3884 benedicens
4064 3811 4373 3884 benedi-

3084 3941 3240 3991 cam
3309 3942 3326 3988 :
3393 3943 3745 4015 pauperes
3821 3921 3976 4009 ejus
4026 3919 4369 3989 saturabo

3086 4027 3419 4122 panibus.

2830 4138 2937 4208 16.
2990 4133 3412 4209 Sacerdotes
3469 4134 3624 4221 eius
3680 4134 3982 4209 induam
4034 4141 4361 4222 salutari,

3080 4262 3150 4314 et
3188 4242 3413 4314 sancti
3443 4243 3597 4334 ejus
3627 4244 4105 4319 exsultatione
4135 4250 4368 4320 exsul-

3080 4349 3361 4421 tabunt.

2828 4480 2936 4550 ¹7·
2988 4457 3167 4528 Illuc
3198 4458 3594 4551 producam
3631 4481 3857 4531 cornu
3923 4462 4187 4548 David,
4236 4488 4360 4559 pa·

3082 4562 3228 4635 ravi
3262 4567 3626 4636 lucernam
3657 4564 3956 4639 Christo
3996 4590 4165 4639 meo
4194 4572 4244 4639 ⁸.

2826 4668 2933 4740 ι8.
2988 4667 3332 4741 Inimieos
3389 4668 3546 4759 ejus
3592 4670 3895 4741 induam
3988 4671 4367 4744 confusio·

3082 4799 3223 4849 ne:
3284 4799 3503 4871 super
3551 4776 3796 4872 ipsum
3856 4798 4102 4853 autem
4168 4780 4370 4852 essso·

3084 4886 3269 4959 rebit
3299 4887 3774 4961 sanctificatio
3804 4911 3993 4962 mea.

2887 5256 2913 5293 ⁸
2939 5257 2991 5316 11
3020 5258 3160 5333 Reg.
3188 5275 3291 5326 vu.
3324 5262 3424 5331 Ως
3455 5261 3595 5320 Luc.
3626 5278 3671 5329 ι,
3700 5264 3809 5330 ⁸53
3839 5265 3966 5321 Act.
4000 5280 4063 5336 ιι,
4095 5264 4186 5323 30.

2888 5345 2915 5384 ⁴
2939 5346 3187 5409 Malach.
3216 5367 3296 5421 ιιι,
3330 5355 3394 5422 ¹3
3426 5352 3563 5411 Luc.
3593 5369 3633 5425 ι,
3663 5354 3755 5410 69.
