5008 6329
1903 375 2616 449 COMMENTARIUS
2667 380 2761 448 IN
2809 382 3247 451 PSALMUM
3298 384 3540 454 CVIII.
4247 385 4368 454 149

1140 555 1255 621 tris
1287 554 1456 641 eju5‚
1519 558 1586 617 et
1616 550 1762 638 ejus
1815 549 2198 617 consentiat
2261 548 2597 616 voluntati
2671 573 2685 615 :
2808 550 3063 620 scilicet
3091 552 3563 641 ApostolatuS‚
3606 558 3675 624 in
3715 580 3850 647 qua
3891 564 4035 625 erat
4067 556 4280 623 Judas
4329 581 4369 625 a

1135 668 1197 728 et
1266 660 1470 726 etiam
1561 682 1593 720 ιι
1665 677 1820 721 eum
1872 654 2266 744 judicatur,
2338 680 2370 719 n
2423 677 2462 721 a
2511 677 2694 721 surn-
2805 657 2948 726 Deo
2989 660 3280 748 posituS,
3312 687 3344 726 α
3390 665 3686 754 accipiat
3736 666 3940 744 alter,
3988 691 4020 730 n
4074 663 4365 731 Mathias

1134 786 1246 831 mo
1297 770 1361 828 et
1425 782 1588 826 vero
1644 759 1902 848 judice,
1974 760 2092 852 qui
2147 759 2400 846 iudicat
2457 758 2525 823 in
2573 779 2692 825 00-
2803 767 3080 851 scilicet,
3142 769 3320 837 sieut
3360 779 3424 837 et
3454 770 3707 839 factum
3748 781 3875 856 est,
3939 774 4087 841 Act.
4126 797 4171 854 1,
4222 768 4306 840 26
4341 796 4362 839 .·

1132 866 1507 938 cult0.Iad
1561 865 1871 935 Corinth.
1945 890 2037 947 ιν,
2095 867 2191 932 4:
2254 864 2390 946 Qui
2458 873 2688 930 aulem
2800 876 2896 941 Et
2958 876 3199 943 cecidit
3261 901 3409 944 sors
3461 901 3665 971 super
3726 880 4097 948 Malliiam.
4178 881 4363 948 Deus

1118 976 1403 1065 judica!
1423 997 1552 1054 me,
1586 977 1928 1043 Dominus
1990 981 2109 1042 est.
2158 1000 2188 1032 «
2226 972 2455 1038 Exeat
2527 992 2690 1037 0οη·-
2800 985 2979 1050 enim
3017 986 3301 1076 deponit
3339 987 3421 1055 de
3452 989 3609 1056 sede
3641 989 4019 1079 iniquitatis
4060 991 4358 1080 iniquoS,

1128 1082 1516 1161 demnatus,
1582 1111 1615 1146 n
1685 1081 2097 1150 sententiam
2164 1076 2417 1145 scilicet
2448 1100 2685 1168 repor-
2799 1100 2864 1158 et
2928 1091 3279 1159 substituit
3344 1091 3643 1161 humiles
3686 1105 3754 1163 et
3793 1096 3965 1186 pios,
4013 1096 4143 1164 Isa,
4189 1119 4355 1175 xxa,

1127 1200 1279 1259 lans
1323 1190 1947 1259 condemnationis.
1988 1188 2190 1255 Joan.
2226 1209 2324 1271 111,
2373 1188 2453 1255 18
2491 1210 2504 1253 :
2550 1188 2687 1272 Qui
2803 1200 2918 1265 19:
2959 1200 3340 1290 Expellam
3364 1202 4006 1283 tedestationelua‚
4031 1214 4096 1271 el
4122 1203 4206 1270 de
4234 1206 4361 1271 mi-

1123 1323 1257 1367 non
1332 1300 1572 1378 credit,
1612 1299 1779 1388 jam
1843 1297 2212 1387 judicatus
2278 1307 2396 1365 esl-
2470 1297 2686 1365 Exeat
2795 1309 3075 1375 nisterio
3107 1319 3225 1375 tuo
3258 1309 3594 1400 deponam
3636 1323 3721 1390 te,
3756 1313 4148 1380 dictumest
4188 1311 4361 1380 Soh-

1125 1413 1330 1479 etiam
1377 1410 1732 1499 injudicio
1789 1407 2091 1499 generali
2138 1430 2178 1476 a
2219 1407 2465 1476 Christi
2516 1431 2685 1476 con-

1121 1522 1358 1597 sertio,
1404 1518 1784 1587 secundum
1819 1515 1986 1584 illud
2031 1515 2271 1584 Matth.
2345 1539 2504 1597 xxxr,
2542 1517 2618 1581 41
2662 1537 2676 1580 :

1118 1627 1464 1696 Discedite
1539 1648 1584 1693 a
1659 1649 1788 1705 me,
1859 1624 2238 1704 maledieti,
2309 1625 2380 1690 in
2456 1625 2682 1716 iqnem

1114 1746 1476 1804 aeternum.
1557 1733 1715 1801 Non
1781 1735 1871 1801 sit
1909 1732 1992 1802 de
2057 1753 2346 1800 numero
2409 1730 2680 1798 illorum

1117 1867 1501 1924 servorum,
1568 1844 1819 1934 quibus
1878 1842 2140 1910 dicetur
2204 1840 2370 1909 illud
2436 1839 2677 1908 Matth.

1116 1975 1276 2034 xxv,
1319 1954 1396 2019 21
1445 1949 1691 2018 :Intra
1725 1950 1793 2015 in
1858 1947 2202 2038 qaudium
2231 1947 2520 2015 Domini
2547 1948 2674 2013 tui.

1114 2059 1531 2152 ApocalypS.
1582 2080 1756 2141 χχιι,
1793 2059 1872 2126 13
1910 2079 1926 2124 :
1971 2058 2174 2126 Foris
2219 2079 2442 2136 canes,
2485 2065 2550 2123 et
2577 2078 2682 2124 ve·

1115 2168 1337 2256 nefici.

1205 2301 1237 2342 α
1274 2280 1393 2356 ΕΙ,
1432 2301 1464 2340 n
1508 2276 1563 2343 si
1596 2276 1920 2358 oraverit,
1970 2303 2002 2338 «
2034 2274 2257 2341 oratio
2295 2272 2450 2362 ejus
2475 2273 2671 2360 fiat.»

1112 2384 1374 2476 supple,
1428 2385 1515 2462 ei,
1552 2408 1584 2448 α
1622 2384 1693 2450 in
1743 2391 2127 2474 peceatum,
2165 2408 2197 2443 »ι
2235 2403 2374 2448 non
2414 2389 2678 2449 tantum

1115 2516 1349 2562 carens
1409 2491 1629 2559 fructu
1684 2513 1700 2557 ε
1777 2489 1959 2557 Deus
2033 2488 2218 2556 enim
2295 2495 2682 2579 peccatores

1115 2623 1250 2668 non
1366 2598 1670 2680 exaudit,
1773 2598 1913 2666 imo
2002 2619 2240 2665 eorum
2337 2596 2683 2665 orationes

1115 2719 1525 2779 exsecratur.
1603 2706 1934 2776 Proverb.
1968 2728 2208 2787 xxvm,
2243 2709 2282 2775 9
2317 2729 2338 2773 .·
2400 2706 2539 2790 Qui
2566 2703 2682 2771 de-

1115 2818 1333 2888 clinat
1413 2840 1614 2885 aures
1703 2838 1869 2885 suas
1935 2838 2019 2883 ne
2102 2815 2350 2882 audiat
2435 2812 2681 2904 leqem2

1119 2927 1342 2995 oratio
1422 2923 1579 3014 ejus
1663 2925 1791 2992 erit
1873 2918 2336 2991 exsecrabilis.
2424 2918 2556 2989 Isa.
2632 2942 2679 2997 ι,

1130 3035 1260 3102 ¹5:
1335 3033 1509 3103 Cum
1568 3030 2208 3124 multiplicaveritis
2277 3029 2678 3107 οναίἰοηεηι,

1121 3166 1256 3211 non
1330 3139 1705 3211 exaudiam
1778 3162 1793 3207 ε
1874 3161 2124 3208 manus
2178 3138 2357 3206 enim
2422 3146 2678 3222 vestm,

1125 3258 1251 3320 etc.

1222 3594 1257 3631 ιι
1289 3567 1500 3634 Fiant
1539 3564 1706 3633 dies.
1756 3589 1789 3628 n
1839 3561 1968 3631 Hic
1995 3559 2396 3640 secundum,
2439 3560 2508 3628 in
2549 3581 2686 3650 quo

1128 3676 1540 3767 imprecatur
1569 3671 1761 3763 quasi
1796 3670 1869 3739 iu
1901 3671 2124 3762 seipso
2156 3690 2426 3762 poenam
2456 3665 2690 3735 visibi-

1128 3782 1306 3853 lem:
1344 3789 1411 3851 et
1439 3781 1764 3849 dicuntur
1801 3777 1965 3858 duo,
2000 3776 2375 3847 secundum
2410 3798 2688 3868 poenam

1125 3890 1495 3983 duplicem.
1575 3889 1809 3956 Prima
1898 3895 1999 3956 est
2099 3887 2256 3955 vitae
2328 3883 2691 3954 abbrevia-

1121 4004 1242 4070 tio.
1327 3997 1670 4079 Secunda,
1748 3996 2099 4090 dignitatis
2171 3997 2320 4085 ejus
2394 3993 2691 4063 transla-

1121 4110 1244 4188 tio,
1325 4107 1442 4184 ibi.
1541 4130 1576 4171 ι
1662 4107 1761 4174 Et
1854 4104 2323 4195 episcopatum
2405 4101 2584 4193 ejus.
2653 4129 2686 4164 n

1209 4217 1385 4286 Dicit
1451 4235 1672 4305 ergo:
1745 4211 1861 4281 Sic
1893 4212 2213 4305 puniatur
2261 4233 2457 4300 poena
2511 4210 2692 4278 invi-

1118 4324 1325 4404 sibili,
1396 4331 1461 4391 et
1527 4323 1734 4391 etiam
1769 4347 1804 4388 ι
1872 4321 2053 4410 fiant
2118 4318 2264 4390 dies
2310 4320 2462 4410 ejus
2511 4340 2698 4413 pau·

1115 4437 1205 4515 ci.
1272 4458 1304 4500 s
1374 4455 1496 4525 per
1559 4432 1804 4499 mortis
1876 4431 2024 4520 ejus
2099 4428 2683 4509 accelerationem,

1116 4545 1288 4613 sicut
1316 4540 1603 4611 debetur
1653 4539 1875 4608 malis.
1925 4536 2085 4625 Job,
2128 4561 2242 4616 xv.
2276 4540 2361 4608 32
2404 4560 2421 4607 ε
2475 4542 2691 4609 Ante-

1119 4673 1331 4745 quam
1353 4648 1780 4742 impleantur
1807 4646 1954 4716 dies
1988 4645 2166 4737 ejus,
2193 4645 2472 4738 peribit.
2498 4646 2683 4717 l‘sal.

1115 4783 1251 4840 nv,
1285 4759 1373 4827 24
1407 4779 1424 4826 :
1476 4757 1620 4825 Viri
1653 4756 2112 4847 sanquinum,
2153 4762 2218 4823 et
2258 4752 2507 4836 dolosi,
2548 4780 2683 4825 nan

1114 4864 1586 4937 dimidiabunt
1625 4863 1770 4931 dies
1796 4884 1981 4946 suos,
2051 4871 2176 4932 etc.
2248 4860 2333 4930 Et
2385 4865 2683 4933 maxime

1116 4978 1184 5046 in
1234 4974 1497 5043 honore
1549 4973 2103 5041 constitutorum.
2159 4969 2367 5040 Eccli.
2410 4993 2478 5053 x,
2535 4974 2605 5040 11
2661 4994 2678 5041 :

1119 5084 1362 5155 Omnis
1383 5087 1786 5174 potentatus
1816 5074 2036 5146 brevis
2078 5079 2243 5147 vita.
2277 5076 2500 5148 Eccle.
2531 5101 2678 5158 vin,

1124 5194 1202 5261 13
1247 5191 1453 5260 :Non
1489 5189 1584 5256 sit
1629 5187 1886 5256 bonum
1929 5187 2165 5278 impio,
2235 5211 2354 5255 nec
2403 5188 2684 5278 prolon-

1115 5310 1369 5392 qentur
1397 5299 1543 5368 dies
1578 5296 1760 5388 ejus.
1824 5296 2152 5364 Proverb.
2195 5319 2265 5376 x,
2309 5297 2392 5365 27
2438 5319 2454 5365 ε
2498 5297 2685 5366 Anni

1123 5410 1495 5503 impiarum
1539 5405 2054 5478 breviabuntur.

1209 5543 1245 5583 α
1277 5518 1374 5585 ΕΙ
1427 5516 1897 5607 episcopatum
1928 5513 2105 5603 ejus.
2143 5537 2177 5579 ι
2231 5512 2361 5583 llic
2432 5535 2685 5584 secun-

1122 5627 1311 5697 dum.
1346 5622 1561 5704 Quasi
1599 5620 1852 5690 diceret
1880 5644 1906 5690 .·
1940 5620 2055 5690 Sic
2091 5620 2507 5692 acceleretur
2534 5624 2684 5713 ejus

1122 5755 1333 5815 mors,
1369 5760 1402 5796 «
1429 5740 1492 5800 et
1520 5729 1985 5823 episcopatum
2009 5730 2188 5820 ejus,
2224 5754 2258 5796 ι
2282 5730 2686 5823 dignitatem

2794 1436 2925 1492 nae,
2963 1423 3029 1482 et
3067 1416 3298 1482 statim
3330 1417 3766 1486 substituitur
3791 1419 4100 1489 Eliacim.
4144 1419 4351 1488 Eccli.

2793 1545 2860 1598 x,
2912 1522 2987 1589 17
3027 1543 3042 1588 ε
3079 1524 3286 1592 Sedes
3316 1524 4044 1617 ducumsuperborum
4085 1527 4359 1594 destru-

2789 1630 2898 1695 xit
2935 1631 3144 1707 Deus,
3206 1641 3271 1697 et
3327 1632 3556 1700 sedere
3602 1636 3768 1722 feeit
3833 1636 4030 1702 mites
4057 1657 4191 1725 pro
4231 1635 4349 1702 eis.

2791 1737 2980 1806 Alter
3017 1740 3266 1829 accipit
3294 1739 3766 1809 decedentium
3808 1743 4198 1834 dignitateS‚
4225 1744 4353 1833 ipsi

2790 1844 2973 1911 enim
3014 1842 3185 1911 nihil
3252 1855 3531 1937 portant
3566 1871 3825 1918 secum.
3876 1847 4051 1917 Psal.
4118 1870 4348 1930 xevm,

2799 1951 2874 2018 18
2916 1974 2932 2019 :
2968 1953 3126 2019 Non
3163 1953 3515 2023 descendet
3541 1979 3697 2025 eum
3738 1980 3813 2025 eo
3875 1957 4112 2048 qloria
4167 1958 4347 2047 ejus.

2789 2059 3174 2150 Apocalnn,
3224 2064 3295 2130 11
3337 2086 3361 2130 .·
3397 2066 3564 2133 Tene
3589 2066 3782 2157 quod
3795 2065 4027 2148 habes,
4053 2077 4131 2135 ut
4155 2088 4351 2134 nemo

2788 2169 3086 2260 accipiat
3121 2193 3446 2239 eoronam
3476 2182 3694 2241 tuam.
3746 2174 3930 2242 Dicit
3968 2173 4152 2242 enirn
4194 2173 4253 2240 11
4264 2174 4351 2242 ie·

2788 2298 3119 2367 ronymus
3171 2299 3186 2344 :
3243 2305 3277 2340 α
3349 2278 3594 2348 Nullus
3661 2282 3929 2372 accipit.
3992 2281 4121 2349 nisi
4162 2280 4348 2373 quod

2787 2412 2823 2452 α
2859 2385 3031 2453 alius
3096 2386 3398 2456 dimittit.
3453 2418 3483 2449 υ
3537 2389 3667 2458 Isa.
3701 2413 3868 2465 xxii.
3930 2392 4016 2458 20
4072 2398 4138 2458 et
4185 2391 4262 2456 21
4327 2410 4342 2455 :

2805 2495 3060 2563 Vocabo
3162 2519 3434 2565 servum
3520 2507 3719 2565 tuum
3813 2499 4148 2576 Etiaeim,
4251 2497 4348 2586 fi-

2793 2603 2965 2671 tium
3032 2604 3312 2687 Helene,
3366 2615 3431 2672 et
3492 2607 3782 2675 induam
3841 2606 4052 2675 illum
4109 2607 4347 2674 tunica

2791 2719 2937 2776 tua.

2881 3060 2915 3095 α
2948 3034 3163 3101 Fiant
3186 3032 3333 3122 filii
3376 3033 3551 3124 ejus.
3594 3058 3629 3100 s
3663 3032 3793 3102 nic
3835 3034 4235 3115 secundum,
4272 3036 4342 3103 in

2789 3164 2927 3235 quo
2960 3152 3325 3236 postquam
3376 3143 3434 3211 ei
3478 3143 3889 3235 imprecatus
3939 3153 4039 3214 est
4067 3168 4341 3237 poenam

2793 3252 2861 3318 in
2900 3252 3152 3341 seipso,
3203 3252 3410 3320 etiam
3443 3252 3791 3321 miseriam
3834 3253 4250 3344 imprecatur
4279 3254 4348 3322 iu

2790 3361 2956 3429 suis.
2994 3360 3074 3428 Et
3105 3362 3357 3452 primo,
3402 3360 3470 3428 in
3508 3361 4039 3430 successoribus.
4087 3361 4357 3432 Secun-

2792 3467 2906 3550 do,
2967 3468 3037 3535 in
3100 3467 3675 3549 antecessoribus,
3712 3468 3831 3547 ibi,
3875 3477 3942 3547 ἵ.
4000 3472 4081 3539 11
4124 3493 4141 3538 :
4199 3495 4234 3536 ι
4274 3476 4356 3541 In

2792 3575 3197 3643 memoriam
3229 3574 3486 3645 redeat.
3523 3604 3555 3638 a

2882 3678 2960 3749 In
2992 3682 3215 3773 prima
3253 3684 3588 3774 quinque,
3640 3682 4019 3753 secundum
4050 3686 4355 3777 quinque

2792 3785 2973 3854 mala
3046 3808 3199 3877 quae
3249 3790 3350 3857 eis
3407 3790 3846 3880 imprecatur.
3910 3788 4223 3858 Primum
4255 3797 4357 3859 est

2793 3893 3214 3985 orphanitas.
3249 3903 3326 3963 ut
3356 3896 3448 3964 ita
3486 3896 3733 3965 dicam.
3783 3897 4207 3980 Secundum,
4249 3900 4359 3966 vi-

2793 4001 3042 4084 duitas,
3095 4012 3429 4093 quantum
3489 4002 3575 4072 ad
3644 4026 3929 4073 uxorem
3999 4004 4118 4084 ibi,
4195 4031 4227 4072 α
4265 4008 4359 4076 ΕΙ

2797 4135 2975 4180 υτον
3028 4111 3208 4202 ejus.
3245 4140 3281 4175 a
3336 4112 3669 4193 Tertium,
3741 4113 4172 4192 instabilitas,
4235 4117 4355 4196 ibi,

2793 4228 2856 4298 5.
2884 4222 2997 4291 10:
3037 4246 3072 4287 ι
3104 4221 3445 4291 Nutantes
3473 4225 4015 4313 transferantur.
4063 4248 4097 4290 ι
4131 4226 4359 4304 Quar-

2792 4338 2966 4407 tum,
3013 4337 3376 4422 paupertas
3433 4329 3554 4407 ibi,
3616 4355 3651 4396 ι
3692 4332 3790 4399 ΕΙ
3836 4330 4245 4402 mendicent.
4316 4360 4349 4395 ιο

2792 4438 3153 4520 Quintum.
3196 4441 3439 4508 mortis
3502 4438 3856 4520 velocitas,
3927 4440 4049 4521 ibi,
4104 4449 4170 4519 5.
4211 4442 4290 4509 13
4334 4465 4351 4511 :

2794 4579 2828 4613 α
2882 4551 3098 4619 Fiant
3143 4550 3299 4618 nati
3324 4550 3510 4640 ejus.
3550 4577 3582 4611 a»

2878 4656 3060 4726 Dicit
3100 4678 3267 4748 ergo
3328 4677 3346 4725 ε
3410 4656 3525 4726 Sic
3588 4656 3661 4725 iu
3716 4679 3788 4726 se
3867 4657 4249 4747 puniatur:
4290 4666 4360 4728 et

2787 4764 2995 4833 etiam
3028 4788 3063 4829 ι
3102 4762 3248 4853 filii
3299 4761 3456 4854 ejus
3501 4762 3682 4853 fiant
3743 4761 4066 4856 orphani.
4109 4790 4143 4827 s
4208 4762 4357 4834 Iloc

2787 4870 3098 4961 sequitur
3145 4889 3229 4937 ex
3286 4866 3421 4937 hoc
3473 4867 3659 4959 quod
3705 4866 4079 4961 praecessit‚
4121 4875 4186 4945 ἵ.
4247 4869 4288 4938 '¹1
4330 4890 4356 4936 .·

2785 4978 2996 5046 Fiant
3035 4976 3182 5044 dies
3208 4974 3369 5066 ejus
3397 4977 3634 5069 pauci.
3672 5001 3707 5042 ι
3738 4977 3837 5044 Et
3866 4996 4048 5044 tator
4072 4975 4232 5067 ejus
4253 4978 4355 5045 vi·

2784 5083 2953 5165 dua,
2983 5109 3015 5147 ι
3060 5092 3129 5152 et
3193 5080 3327 5152 hoc
3364 5082 3686 5152 similiter
3723 5084 4037 5174 sequitur
4074 5107 4159 5153 ex
4207 5082 4354 5164 illo,

2781 5191 3036 5260 Jerem.
3070 5213 3265 5272 xvm,
3323 5192 3454 5259 2¹:
3532 5192 3742 5260 Fiant
3808 5213 4056 5260 utores
4118 5215 4354 5261 eorum

2785 5297 3044 5391 absque
3105 5298 3366 5379 tiberis.
3424 5309 3488 5368 et
3529 5299 3777 5375 viduae.
3818 5310 3885 5368 et
3941 5301 4078 5369 viri
4113 5325 4353 5371 earum

2786 5408 3295 5498 interficiantur
3331 5419 3571 5477 marte.
3611 5408 3708 5478 De
3739 5417 4060 5502 utroque,
4131 5411 4349 5481 Exod.

2785 5539 2952 5596 xxii.
3015 5518 3103 5586 212
3146 5540 3162 5586 ε
3219 5520 3451 5587 Erunt
3508 5539 3756 5586 uxores
3814 5530 4049 5587 vestm
4094 5521 4350 5599 viduae.

2785 5634 2848 5694 et
2889 5625 3037 5715 filii
3074 5626 3279 5694 vestri
3309 5625 3611 5718 pupilli.
3655 5624 3733 5695 ln
3791 5623 3900 5695 his
3961 5628 4119 5696 tiliis
4183 5638 4252 5697 et
4281 5629 4349 5696 in

2788 5730 2917 5802 hac
2946 5756 3161 5803 uxore
3178 5734 3462 5826 punitus
3490 5742 3594 5803 est
3616 5732 3859 5818 sudas,
3892 5736 4052 5827 quia
4071 5743 4354 5827 propter
