5008 6329
399 4699 519 4766 ¹4

641 330 770 398 228

647 504 988 586 Secundo,
1039 503 1423 573 liberatoris
1481 501 2009 582 commendatio,
2066 500 2183 584 ibi,

639 619 701 688 ᾗ.
752 613 832 679 14
867 636 881 679 ε
921 639 956 676 «
989 609 1357 678 Fortitudo
1398 631 1574 676 mea.
1610 634 1643 674 ιι

731 720 806 785 Ιῐι
845 721 1065 808 prima
1113 716 1276 787 duo,
1320 716 1578 797 PrimO,
1625 718 1924 807 tangitur
1987 736 2182 781 casus

638 826 795 895 cum
853 848 977 891 sua
1028 847 1256 893 causa.
1309 823 1649 904 Secundo,
1692 823 1990 892 cadentis
2045 844 2182 889 sus·

641 932 859 1022 ceptio
902 953 940 997 a
983 933 1237 1022 pietate
1282 931 1538 1011 divina,
1587 931 1706 1010 ibi,
1744 954 1777 995 α
1819 932 1912 997 E't
1949 931 2187 996 Domi-

637 1061 768 1106 nus
793 1041 1088 1130 suscepit
1125 1061 1256 1107 me.
1285 1065 1319 1102 ›>

725 1146 904 1214 Dicit
961 1167 1174 1237 ergo:
1215 1144 1330 1212 Sic
1394 1145 1665 1235 eripuit,
1713 1154 1780 1214 et
1833 1146 2091 1235 adjuvit
2146 1171 2184 1215 a

636 1254 1074 1323 tribulatione
1131 1251 1510 1338 liberando,
1575 1253 1693 1321 sed
1765 1259 1993 1321 tamen
2059 1254 2186 1320 ali-

642 1361 915 1454 quando
952 1387 984 1421 «
1029 1359 1432 1449 impulsus»
1475 1359 1562 1427 ab
1611 1361 1885 1428 inimico
1917 1369 2186 1428 tentan-

638 1479 726 1546 te,
771 1498 802 1530 α
857 1488 1124 1533 eversus
1185 1489 1366 1551 sum,
1400 1493 1427 1529 n
1492 1490 1532 1533 a
1588 1475 1765 1535 statu
1831 1468 2064 1557 gratiae
2120 1475 2187 1536 et

638 1575 995 1652 virtutum,
1065 1572 1151 1640 ad
1215 1580 1469 1640 statum
1536 1572 1774 1662 culpae.
1841 1573 1990 1641 Hoc
2045 1596 2186 1641 non

638 1694 862 1775 potest
925 1685 1265 1776 pertinere
1327 1684 1412 1752 ad
1491 1691 1696 1775 caput
1748 1682 2092 1751 Christum
2163 1708 2180 1752 :

648 1800 1279 1884 quantumcumque
1344 1792 1529 1859 enim
1611 1814 1768 1859 eum
1870 1792 2185 1860 inimicus

640 1899 987 1991 impulerit
1018 1897 1064 1977 ¹,
1099 1906 1330 1967 tamen
1375 1907 1678 1967 evertere
1710 1922 1847 1968 non
1901 1901 2120 1990 potuit
2164 1924 2180 1969 :

641 2007 759 2075 sed
815 2006 899 2074 ad
950 2006 1260 2074 membra
1316 2005 1626 2077 refertur.
1700 2030 1734 2071 α
1795 2008 2090 2075 Eversus
2148 2033 2181 2074 ιι

641 2137 803 2205 ergo
883 2139 915 2178 α
975 2136 1159 2192 sum,
1243 2140 1277 2176 »ι
1356 2114 1450 2182 ita
1513 2142 1543 2179 a
1621 2123 1697 2182 ut
1751 2114 2081 2184 caderem.
2149 2143 2180 2178 ι»

640 2219 732 2287 111
783 2219 952 2310 neg.
996 2243 1144 2304 xm,
1186 2221 1272 2288 34
1307 2244 1324 2290 ε
1356 2221 1673 2288 Peccavit
1711 2221 1954 2289 domus
1988 2222 2184 2290 Jero-

640 2327 864 2409 boam,
907 2338 971 2395 et
1024 2351 1253 2395 eversa
1297 2336 1416 2395 est.
1470 2327 1714 2397 Peccat
1768 2338 1995 2397 autem
2064 2332 2187 2397 im·

640 2439 899 2528 pulsuS,
961 2440 1075 2530 qui
1135 2447 1432 2506 tentatus
1490 2447 1557 2508 et
1623 2462 1862 2508 suasus
1924 2450 2178 2531 peccat.

639 2545 698 2613 11
745 2546 966 2613 l‘aral.
1003 2569 1170 2627 κιαι,
1206 2547 1272 2630 3,
1314 2554 1534 2614 mater
1559 2545 1869 2616 Ochoziae
1904 2550 2186 2640 impulit

637 2677 790 2721 eum
833 2664 908 2720 ut
948 2655 1157 2745 impie
1201 2662 1455 2742 aqeret.
1493 2652 1574 2722 Et
1605 2655 1935 2745 impulsus
1975 2656 2183 2725 homo

638 2764 771 2828 cito
821 2761 1021 2844 cadit,
1082 2762 1212 2829 nisi
1280 2760 1543 2829 fortiter
1599 2761 1744 2830 Deo
1784 2762 2006 2831 stabili
2073 2765 2188 2833 ad-

639 2867 931 2935 haeserit.
981 2867 1185 2935 Eccli.
1239 2890 1314 2949 11,
1346 2868 1384 2935 Ἰ
1431 2890 1447 2934 :
1491 2868 1646 2936 Non
1687 2868 2060 2958 deflectatis
2098 2869 2184 2938 ab

641 2978 791 3057 illo,
825 2979 1078 3046 scilicet
1110 2977 1436 3058 Domin0,
1477 3002 1562 3046 ne
1589 2978 1881 3049 cadatiS.

728 3109 761 3148 a
809 3086 899 3151 Et
939 3085 1283 3151 Dominus
1324 3085 1620 3177 suscepit
1658 3109 1784 3162 me,
1833 3112 1865 3150 ι
1911 3109 1994 3155 ne
2042 3110 2188 3156 rue·

639 3215 781 3260 rem
834 3193 903 3259 in
954 3201 1245 3260 mortem
1297 3203 1652 3274 oeternam,
1704 3194 1863 3285 quia
1916 3220 2183 3264 rueram

639 3300 707 3366 in
765 3301 1005 3366 mortis
1081 3308 1353 3367 aeternae
1425 3321 1727 3368 causam.
1800 3300 2045 3394 Supra,
2116 3304 2185 3372 in

643 3404 820 3472 l‘sal.
893 3428 1051 3490 an,
1095 3409 1136 3471 9
1173 3429 1189 3474 :
1224 3409 1338 3474 Me
1380 3409 1700 3500 suscepit,
1743 3432 2012 3477 sursum
2063 3412 2186 3479 sci·

642 3515 793 3584 licet
857 3517 1062 3608 cepit,
1127 3517 1410 3587 dea-tera
1475 3529 1622 3587 tua.
1703 3519 1885 3587 Psal.
1946 3544 2183 3606 xxxvi,

640 3622 726 3689 2³.
775 3644 790 3689 ε
839 3624 1010 3691 Cum
1085 3623 1403 3693 ceciderit
1444 3625 1714 3716 justus,
1781 3626 1985 3695 etiam
2060 3628 2185 3696 ali·

641 3724 915 3819 quando
947 3728 1016 3795 in
1065 3728 1379 3814 mortale,
1421 3730 1607 3821 quod
1647 3729 1980 3800 Dominus
2027 3756 2188 3823 per-

640 3832 844 3901 mittit
889 3830 971 3899 ad
1011 3831 1159 3920 ejus
1201 3829 1773 3909 humiliationem,
1817 3856 1950 3900 nou
1988 3836 2183 3903 colli-

638 3939 861 4015 detur,
905 3939 1068 4029 quia
1120 3937 1463 4006 Dominus
1514 3939 1840 4029 supponit
1904 3963 2184 4011 manum

636 4070 828 4115 suam
873 4070 889 4116 ε
936 4045 1055 4115 sed
1102 4045 1652 4137 frequentissime
1681 4047 1880 4138 eripit
1916 4072 1954 4116 a
1994 4073 2181 4131 casu,

638 4154 752 4244 qui
782 4161 883 4222 est
932 4155 1002 4221 in
1039 4151 1398 4233 charitate,
1431 4173 1570 4244 quo
1608 4152 1860 4223 scilicet
1899 4154 2077 4224 cadit
2116 4159 2183 4224 in

638 4259 928 4327 veniale.
982 4256 1314 4330 proverb.
1370 4280 1560 4339 xxiv,
1609 4260 1689 4328 15
1741 4283 1757 4329 :
1807 4262 2070 4355 Septies
2114 4264 2185 4331 in

638 4366 750 4434 die
781 4365 979 4434 cadet
1003 4365 1275 4456 justus,
1308 4375 1374 4434 et
1409 4376 1737 4458 resurget.

728 4707 762 4747 ι
807 4676 1172 4750 Fortitudo
1235 4697 1412 4744 mea.
1475 4700 1512 4738 ιι
1571 4677 1699 4744 llic
1751 4677 2185 4772 subjungitur

639 4787 721 4856 de
776 4785 975 4855 laude
1040 4782 1475 4852 liberatoris:
1510 4789 1580 4851 et
1645 4779 1961 4849 dicuntur
2014 4786 2176 4848 duo.

638 4895 897 4971 Primo,
940 4891 1145 4961 solvit
1183 4888 1456 4957 laudem
1495 4886 1791 4957 debitam
1848 4910 1969 4979 pro
2009 4886 2181 4955 libe-

638 5003 923 5071 ratione.
959 4995 1306 5078 Secundo,
1346 4995 1685 5088 promittit
1711 4993 1930 5063 laudis
1959 4996 2183 5063 conti-

635 5112 1062 5192 nuationem,
1096 5106 1218 5190 ibi,
1264 5131 1297 5168 ι
1332 5104 1488 5172 Non
1527 5104 1812 5173 moriar.
1849 5130 1883 5165 ι»

723 5216 802 5284 ln
849 5216 1075 5307 prima
1113 5212 1439 5282 dicuntur
1492 5209 1656 5280 duo·
1715 5208 1975 5287 Primo,
2024 5208 2180 5278 lau-

632 5326 786 5396 dem
853 5322 1154 5393 debitam
1232 5329 1589 5412 tamquam
1644 5327 1880 5412 gratus
1946 5316 2173 5387 solvit.

709 5566 844 5622 'CL
889 5562 1094 5620 Natth.
1146 5577 1223 5627 nv,
1276 5563 1298 5615 1
1355 5563 1416 5615 et
1443 5573 1609 5630 seq.;
1659 5557 1833 5613 Marc.
1892 5570 1951 5620 ιι,
2001 5557 2069 5610 ¹2
2118 5558 2180 5609 et

633 5675 798 5734 seq.;
826 5658 964 5714 Luc.
997 5672 1074 5724 iv,
1109 5658 1131 5709 1
1165 5658 1221 5710 et
1255 5648 1382 5722 seq.

1626 327 1712 395 D.
1761 327 1961 396 ALB.
2012 327 2229 396 MAG.
2284 327 2488 397 ORD.
2545 330 2838 400 PRAED.

2308 499 2646 581 Secundo,
2705 505 2997 572 ostendit
3047 507 3231 596 quod
3287 509 3495 574 etiam
3562 529 3851 596 compe-

2301 616 2553 676 tentem
2584 610 2803 690 valde‚
2841 613 2955 692 ibi,
2990 622 3052 688 5.
3096 615 3173 679 16
3222 636 3236 679 ε
3292 642 3323 676 «
3369 616 3672 682 Dextera
3709 615 3852 681 Do-

2299 717 2474 782 mini
2498 718 2663 806 fecit
2689 721 3031 786 virtutem.
3071 748 3105 783 ι)

2388 820 2464 887 Ιιι
2503 823 2723 912 prima
2770 824 2929 893 duo,
2979 827 3237 904 Primo,
3281 827 3489 894 solvit
3542 826 3844 894 laudem.

2301 927 2640 1009 Secundo,
2676 932 2787 997 ubi
2828 933 2912 999 sit
2962 932 3109 1000 laus
3167 933 3306 1013 illa,
3354 937 3517 1024 quia
3563 935 3851 1002 interius

2297 1035 2367 1101 in
2424 1036 2649 1115 corde,
2720 1039 3034 1117 ostendit,
3091 1040 3210 1120 ibi,
3270 1048 3328 1115 ᾗ.
3410 1042 3490 1109 15
3545 1064 3560 1108 :
3614 1070 3646 1103 α
3712 1043 3853 1109 Vox

2298 1142 2802 1211 exsultationis.
2844 1170 2876 1210 n

2386 1250 2566 1316 Dicit
2603 1272 2763 1342 ergo
2807 1274 2822 1319 :
2871 1252 2984 1320 Sic
3012 1253 3351 1322 Dominus
3381 1255 3699 1324 liberavit
3740 1279 3852 1323 me

2298 1379 2336 1422 a
2374 1378 2561 1436 casu,
2595 1364 2661 1425 et
2707 1369 2981 1451 propter
3009 1360 3141 1430 hoc
3183 1387 3216 1428 α
3251 1365 3594 1432 Dominus
3636 1393 3670 1427 n
3706 1366 3852 1456 ipse

2302 1488 2335 1527 α
2373 1465 2717 1552 fortitudo
2765 1489 2939 1549 mea,
2989 1494 3018 1529 n
3090 1492 3229 1536 non
3288 1493 3415 1562 ego
3470 1471 3604 1540 hoc
3662 1495 3701 1540 a
3742 1495 3853 1540 me

2298 1571 2548 1641 habere
2576 1576 2789 1665 potui.
2845 1575 2906 1644 11
2950 1576 3121 1668 Reg.
3173 1602 3338 1657 xxn,
3377 1581 3416 1646 2
3456 1602 3472 1647 ε
3504 1583 3853 1649 Dominus

2291 1690 2490 1770 petra
2520 1703 2694 1758 mea,
2729 1693 2791 1749 et
2831 1682 3041 1751 robur
3070 1708 3321 1753 meum.
3356 1685 3489 1753 Isa.
3532 1710 3700 1767 xxv,
3745 1689 3787 1754 4
3831 1710 3847 1754 ε

2297 1787 2550 1853 Factus
2595 1797 2692 1854 est
2743 1789 3085 1877 fortitudo
3127 1793 3451 1882 pauperi,
3498 1793 3852 1881 fortitudo

2296 1912 2501 1980 cyeno
2558 1893 2631 1959 in
2702 1893 3154 1963 tribulatione
3215 1920 3369 1966 sua.
3425 1897 3687 1969 lIabac.
3745 1922 3846 1979 ιιι,

2301 1999 2381 2065 19
2435 2022 2451 2066 :
2501 2001 2865 2081 DominuS,
2932 2004 3277 2093 fortitudo
3335 2028 3515 2074 mea.
3575 2005 3664 2074 Et
3720 2005 3854 2076 hoc

2297 2107 2567 2196 respicit
2608 2107 3040 2180 irascibilem.

2387 2241 2422 2276 α
2462 2216 2557 2281 Et
2608 2212 2763 2282 laus
2810 2239 2984 2298 mea,
3048 2246 3077 2281 »ι
3144 2219 3210 2285 id
3278 2228 3405 2304 est,
3478 2218 3705 2291 laudis
3754 2231 3860 2291 est

2297 2318 2466 2385 mihi
2498 2324 2819 2390 materia:
2863 2332 2926 2390 et
2976 2322 3109 2393 hoc
3167 2328 3440 2417 respicit
3480 2328 3854 2397 rationabi-

2294 2427 2455 2498 lem.
2520 2428 2759 2497 Solum
2826 2433 3009 2500 enim
3078 2435 3510 2503 rationabilia
3571 2436 3853 2506 laudare

2295 2544 2609 2624 possunt.
2655 2535 2900 2628 Supra,
2950 2541 3020 2607 in
3060 2540 3246 2609 I‘sal.
3291 2566 3474 2622 cxm,
3526 2546 3607 2613 18
3645 2546 3853 2614 :Non

2295 2646 2554 2711 mortui
2591 2644 3095 2728 laudabimus,
3143 2652 3462 2721 Domine.

2386 2780 2420 2816 «-
2457 2755 2550 2820 Et
2593 2756 2823 2843 sactus
2887 2767 3009 2841 est,
3082 2786 3114 2820 »
3151 2782 3288 2826 non
3350 2763 3418 2827 in
3450 2784 3522 2830 se
3563 2761 3848 2853 aliquid.

2296 2859 2586 2930 Malach.
2650 2885 2744 2941 ιιι,
2808 2864 2847 2930 6
2883 2887 2898 2932 :
2941 2868 3096 2957 qu
3165 2870 3531 2947 Dominus,
3595 2879 3660 2938 et
3714 2893 3850 2938 non

2296 2977 2548 3037 mutor.
2595 2968 2756 3049 Sed,
2801 2995 2835 3035 α
2871 2972 3043 3039 mihi
3075 2974 3143 3040 in
3181 2974 3510 3042 salutem.
3559 3003 3593 3038 ι)
3627 2974 3848 3054 Idem,

2295 3074 2515 3143 Exod.
2549 3100 2662 3155 xv,
2696 3080 2776 3147 2:
2821 3080 3185 3148 Fortitudo
3216 3104 3392 3164 mea,
3435 3093 3499 3150 et
3522 3082 3681 3151 laus
3700 3107 3853 3152 mea

2294 3184 2658 3262 Dominus,
2701 3195 2763 3251 et
2797 3187 3027 3276 sactus
3056 3198 3151 3255 cst
3182 3189 3357 3256 milei
3404 3192 3473 3257 in
3517 3190 3844 3259 salutem.

2296 3289 2403 3367 Et,
2439 3288 2570 3357 lsa.
2612 3314 2731 3373 xu,
2766 3295 2805 3358 2
2836 3291 2900 3360 ⁸:
2946 3304 3011 3363 et
3043 3293 3175 3363 hoc
3221 3300 3492 3388 respicit
3545 3297 3633 3366 ad
3679 3321 3855 3366 con-

2293 3395 2781 3486 cupiscibilem.
2818 3398 3089 3468 Bonum
3136 3412 3237 3469 est
3290 3403 3404 3470 tali
3463 3403 3851 3473 fortitudini

2295 3502 2516 3586 inniti,
2552 3527 2700 3594 quae
2738 3504 3030 3575 laetificat
3059 3518 3127 3575 et
3165 3519 3380 3580 sanat.
3416 3513 3852 3601 Augustinus

2296 3611 2365 3677 in
2393 3609 2568 3680 libro
2600 3614 3117 3706 Confessionum
3144 3641 3166 3685 .·
3211 3646 3241 3683 α
3279 3619 3411 3699 Qui
3451 3622 3523 3688 in
3580 3630 3647 3691 te
3708 3645 3850 3692 non

2297 3741 2331 3781 ι
2373 3727 2539 3797 stas,
2571 3721 2827 3811 projice
2867 3731 2931 3791 te
2964 3726 3034 3792 in
3074 3748 3274 3794 eum:
3310 3727 3450 3795 noli
3510 3740 3846 3811 metuere,

2297 3849 2331 3889 α
2365 3844 2503 3894 ιιοιι
2542 3849 2613 3895 se
2652 3828 3002 3900 subtrahet
3042 3842 3116 3901 ut
3153 3833 3354 3903 cadas
3401 3853 3418 3903 ε
3454 3837 3711 3926 projice
3750 3848 3846 3922 te,

2297 3956 2331 3992 α
2372 3952 2651 4000 securus
2714 3936 3000 4025 excipiet
3067 3944 3157 4016 te,
3218 3948 3284 4007 et
3356 3940 3628 4010 sanabit
3675 3953 3767 4013 te.
3811 3971 3843 4009 ι

2295 4035 2378 4104 Et
2406 4037 2477 4104 in
2509 4036 2639 4107 hoc
2666 4038 2941 4109 salutari
2981 4041 3354 4113 laetandum
3413 4057 3537 4116 est.
3610 4049 3849 4119 Haba-

2292 4169 2440 4226 cuc,
2498 4171 2594 4230 ιιι,
2661 4152 2740 4218 18
2800 4171 2818 4220 :
2877 4153 3270 4223 Exsultabo
3336 4159 3408 4225 iu
3482 4160 3629 4226 Deo
3681 4162 3848 4230 lesu

2293 4275 2464 4322 meo.

2382 4605 2414 4638 κ
2476 4577 2617 4644 l'ooe
2677 4579 3185 4650 exsultationis.
3243 4583 3371 4653 llic
3424 4588 3834 4669 secundum,

2288 4683 2357 4750 in
2397 4704 2535 4773 quo
2568 4705 2699 4752 vox
2731 4683 2844 4754 illa
2884 4687 3034 4765 erit,
3080 4690 3237 4779 quia
3278 4692 3345 4758 in
3403 4692 3629 4762 cordis
3688 4696 3844 4764 inti·

2287 4811 2428 4870 mo,
2461 4789 2636 4858 sicut
2669 4792 2733 4859 in
2774 4793 3094 4862 omnibus
3122 4795 3319 4884 justis
3349 4797 3552 4868 debet
3573 4823 3747 4870 esse.

2376 4883 2493 4951 Αῖῖ
2522 4899 2747 4954 Offim:
2788 4899 2902 4968 Sic
2936 4900 3164 4983 laudo,
3224 4914 3289 4973 et
3357 4904 3488 4975 hoc
3554 4908 3844 4978 interius

2287 4989 2357 5057 in
2386 4987 2614 5067 corde,
2649 4989 2808 5082 quia
2858 5013 2892 5053 α
2927 5012 3059 5054 vox
3087 5007 3585 5056 ezsuttatwms
3618 5023 3693 5056 ω
3728 5037 3821 5057 .-

2289 5097 2479 5177 lutis,
2518 5125 2552 5161 ιο
2585 5120 2722 5165 non
2752 5097 3049 5164 exterius
3077 5102 3202 5180 est,
3253 5094 3373 5163 sed
3420 5093 3668 5185 magis,
3696 5122 3730 5156 t(
3771 5096 3845 5162 in

2285 5202 2752 5274 tabernaculis
2765 5203 3156 5294 justorum,
3201 5229 3238 5267 ιο
3282 5203 3352 5270 in
3380 5202 3665 5270 secretis
3712 5202 3843 5270 sci·

2284 5312 2440 5382 licet
2475 5311 2795 5381 cordibus
2821 5333 3086 5380 eorum.
3134 5309 3313 5377 Sunt
3359 5309 3545 5377 enim
3609 5308 3844 5377 taber-

2353 5556 2376 5592 ⁸
2409 5560 2518 5613 Usa.
2551 5573 2654 5627 ιιι,
2685 5559 2755 5612 2:
2787 5555 3075 5612 Fortitudo
3104 5571 3246 5624 mea,
3276 5562 3329 5611 et
3355 5554 3478 5612 laus
3505 5572 3626 5613 mea
3648 5557 3840 5612 Domi·

2281 5662 2406 5715 nus,
2436 5654 2488 5703 et
2517 5649 2700 5716 sactus
2719 5651 2795 5702 est
2825 5644 2965 5701 milii
2993 5646 3053 5700 in
3082 5643 3339 5701 satutem.
