5008 6329
707 323 834 389 272

703 520 857 588 qem
918 507 1133 573 tuam,
1195 521 1226 555 n
1294 491 1548 561 scilicet
1605 493 1672 559 in
1721 493 2031 561 custodia
2089 493 2259 584 legis

707 625 1132 697 perseverare
1164 610 1230 669 et
1260 600 1638 690 persistere.
1679 599 1925 691 Supra,
1972 602 2041 667 in
2072 599 2253 667 Psal.

705 734 988 790 xxxvm,
1023 712 1062 775 2
1107 733 1122 776 ε
1165 709 1340 775 1)ίωί
1370 732 1391 775 .·
1429 709 2006 777 Custodiam-vias
2045 730 2251 773 meas.

706 820 816 898 Et,
859 814 1270 901 infra,Psal.
1339 839 1565 895 cxvm,
1624 817 1748 883 106
1808 835 1822 880 ε
1879 814 2133 883 Juravi
2195 823 2258 880 et

704 928 920 994 statui
974 924 1311 993 custodire
1329 925 1636 1013 judicia,
1683 930 1809 989 etc.
1863 921 1958 989 De
2005 920 2255 989 talibus

708 1042 900 1102 erant
929 1033 1051 1114 illi,
1095 1033 1176 1101 de
1217 1031 1463 1123 quibus
1523 1029 1778 1098 dictum
1825 1036 1951 1112 est,
2015 1030 2042 1096 l
2102 1028 2254 1096 Ma-

706 1140 899 1211 chab.
960 1165 1006 1223 1,
1067 1142 1148 1207 65
1216 1146 1283 1206 et
1347 1139 1430 1205 66
1503 1161 1518 1204 :
1575 1137 1796 1204 Multi
1851 1137 1932 1204 de
1990 1137 2253 1228 populo

701 1251 922 1320 Israel
983 1249 1402 1317 desinierunt
1474 1248 1670 1340 apud
1726 1271 1909 1327 se,...
1999 1256 2061 1314 et
2134 1269 2254 1315 no-

707 1360 983 1427 luerunt
1037 1357 1412 1446 infrinqere
1470 1355 1685 1447 leqem
1725 1357 1859 1424 Dei
1911 1365 2249 1436 sanctam,

707 1471 833 1535 etc.

797 1811 831 1852 ι
899 1787 1313 1877 Deprecatus
1365 1803 1545 1850 sum.
1608 1808 1642 1844 »
1723 1780 1853 1849 Hic
1945 1780 2251 1871 tangitur

705 1893 950 1963 fiducia
1002 1890 1357 1984 propositi,
1391 1888 1574 1957 unde
1612 1888 1721 1966 sit,
1759 1888 1920 1979 quia
1970 1909 2054 1955 ex
2083 1887 2250 1955 duo·

702 2002 828 2070 bus
884 2023 901 2070 ε
985 2022 1070 2069 ex
1132 1995 1576 2067 conversione
1640 1993 1922 2063 allectus
2007 1994 2112 2061 sui
2177 1994 2248 2061 in

697 2110 918 2179 Deum
1002 2130 1122 2199 per
1193 2105 1599 2185 orationem,
1668 2112 1736 2172 et
1801 2104 2247 2173 conversione

698 2220 1033 2299 omnium,
1077 2215 1331 2286 scilicet
1391 2237 1702 2306 operum,
1764 2213 1949 2304 quod
2017 2212 2092 2281 tit
2129 2236 2248 2303 per

697 2334 947 2398 rectam
977 2324 1467 2417 operationem,
1512 2321 1633 2407 ibi,
1667 2330 1730 2399 ὲ.
1766 2323 1899 2416 59ς
1958 2348 1992 2384 «
2029 2321 2244 2411 00ῃί-

693 2436 840 2505 tavi
882 2435 1028 2503 vias
1056 2455 1262 2501 meas.
1313 2459 1345 2494 »

780 2545 859 2613 In
889 2546 1109 2637 prima
1145 2542 1307 2611 duo.
1350 2540 1613 2620 Primo,
1666 2540 1910 2607 asserit
1948 2561 2021 2607 se
2061 2559 2244 2608 oras-

688 2677 784 2738 se,
829 2660 895 2722 et
923 2654 1020 2720 sic
1046 2650 1365 2720 ass'ectum
1404 2650 1822 2718 convertisse
1865 2647 1936 2716 in
1987 2646 2235 2717 Deum.

691 2759 1029 2842 Secundo,
1109 2756 1401 2829 ostendit
1474 2757 1637 2848 quid
1712 2756 2033 2836 oraverit,
2101 2754 2192 2823 ibi
2219 2808 2235 2836 ,

692 2896 727 2938 ι
759 2870 1077 2939 Miserere
1112 2867 1269 2935 mei.
1317 2891 1352 2931 n

775 2977 953 3045 Dicit
980 2996 1195 3066 ergo:
1242 2971 1358 3041 Sic
1411 2969 1738 3064 proposui
1807 2991 1946 3038 non
2013 2969 2235 3040 conti-

688 3087 854 3156 ‹lens
891 3084 974 3155 de
1035 3081 1298 3151 viribus
1353 3080 1551 3166 meis,
1591 3079 1734 3148 imo
1806 3106 1840 3142 α
1908 3077 2237 3173 depreca-

686 3210 797 3268 tus
841 3219 1022 3276 sum,
1082 3220 1119 3261 n
1177 3197 1584 3263 convertens
1637 3188 1961 3259 affectum
2002 3212 2234 3258 meum

685 3306 769 3375 ad
798 3313 889 3387 te,
927 3331 961 3367 «
997 3302 1248 3393 faciem
1312 3309 1534 3379 tuam,
1580 3322 1614 3365 ι
1666 3296 1917 3366 Filium
1980 3297 2237 3368 scilicet

683 3436 805 3507 per
850 3433 1053 3504 quem
1101 3405 1559 3502 cognosceriS,
1617 3406 1796 3475 sicut
1837 3403 2051 3473 homo
2114 3429 2237 3498 per

683 3521 947 3591 faciem.
988 3518 1145 3604 Job,
1201 3539 1270 3595 v,
1303 3518 1345 3585 8
1389 3537 1406 3584 τ
1471 3515 1627 3606 qu
1656 3511 2070 3606 deprecabor
2095 3515 2236 3583 Do-

688 3630 981 3709 minum,
1021 3625 1321 3704 Patrem,
1354 3632 1420 3691 et
1482 3621 1580 3690 ad
1626 3624 1883 3702 Deum,
1947 3618 2226 3701 Filium,

674 3758 932 3831 ponam
951 3732 1304 3826 eloquium
1327 3751 1580 3800 meum.
1603 3726 1766 3797 naeo
1787 3726 2230 3820 facies,quam

681 3841 1104 3915 desiderabat
1131 3838 1428 3932 Moyses,
1497 3834 1717 3907 Exod.
1777 3857 2018 3917 xxxin,
2091 3836 2224 3904 13:

680 3954 766 4024 Si
803 3949 1034 4021 inveni
1062 3947 1370 4041 qratiam
1399 3944 1472 4014 in
1501 3941 1723 4012 oculis
1749 3942 1916 4022 tuis,
1957 3941 2233 4010 ostende

684 4060 859 4131 milti
889 4058 1138 4153 {aciem
1180 4064 1401 4125 tuam.
1439 4049 1578 4121 Sed
1603 4049 1739 4119 hoc
1766 4071 1909 4119 non
1965 4057 2230 4143 poterat

680 4188 827 4238 esse
871 4189 889 4237 t
929 4162 1049 4234 sed
1084 4164 1232 4232 visa
1278 4166 1384 4231 est
1446 4159 1519 4228 in
1574 4156 2076 4236 lucarnatione,
2122 4164 2231 4226 ta-

681 4296 839 4346 men
910 4269 1133 4342 velata
1186 4265 1394 4360 pallio
1450 4273 1699 4336 nostrae
1762 4262 2224 4335 mortalitatis.

680 4384 811 4452 Isa.
844 4401 1001 4461 xcv,
1037 4378 1116 4447 15
1158 4397 1176 4445 τ
1232 4374 1392 4445 Vere
1426 4381 1506 4442 tu
1533 4395 1602 4440 es
1637 4373 1830 4443 Deus
1857 4368 2230 4441 abscondi-

677 4502 813 4563 tus.
874 4485 1011 4557 Sed
1048 4485 1119 4554 in
1175 4483 1408 4552 futuro
1467 4479 1814 4551 videbitur
1872 4486 2129 4572 aperte,
2161 4486 2229 4549 et

679 4600 748 4670 in
805 4615 1056 4689 magna
1091 4588 1569 4662 exsultatione.
1601 4586 1763 4670 Job,
1794 4609 2036 4671 xxxin,
2078 4589 2166 4656 26
2203 4611 2221 4659 :

677 4699 1173 4800 Deprecabitur
1258 4700 1510 4779 Deum,
1597 4706 1666 4767 et
1709 4693 2094 4789 placabilis
2164 4696 2230 4764 ei

681 4815 833 4894 erit,
873 4823 939 4881 et
965 4807 1221 4880 videbit
1290 4807 1547 4900 [aciem
1588 4804 1746 4898 ejus
1821 4804 1894 4873 in
1947 4801 2219 4894 jubilo,

679 4923 1094 5016 Deprecatus
1131 4937 1286 4986 sum
1315 4936 1445 5007 ego
1494 4912 1761 4995 faciem,
1813 4921 1880 4982 et
1908 4910 2042 4982 hoc
2075 4939 2111 4976 α
2153 4911 2224 4978 in

677 5043 816 5103 toto
854 5026 1052 5101 corde
1103 5046 1281 5108 meo,
1319 5051 1350 5088 ο
1392 5022 1579 5116 quia,
1645 5021 1822 5091 sicut
1870 5020 2032 5091 dicit
2078 5020 2224 5089 Au·

676 5141 1083 5236 gustinus,·«
1133 5135 1355 5206 divisa
1381 5154 1576 5203 mens
1622 5154 1765 5202 non
1805 5133 2144 5225 impetrat.
2182 5155 2218 5194 n

679 5249 741 5319 11
771 5248 939 5342 Reg.
969 5268 1091 5329 vn,
1124 5244 1208 5313 27
1243 5266 1260 5313 ε
1318 5239 1585 5312 Invenit
1627 5261 1864 5308 servus
1909 5246 2073 5307 tuus
2108 5259 2224 5306 cor

671 5378 878 5426 suum
907 5362 986 5423 ut
1039 5358 1265 5423 oraret
1319 5358 1405 5418 te.
1487 5345 1795 5439 Sapient.
1868 5367 2016 5426 viu,
2077 5345 2216 5414 21:

673 5463 840 5537 Adii
936 5460 1341 5539 Dominum,
1426 5465 1492 5527 et
1571 5455 1973 5549 deprecatus
2063 5474 2220 5523 sum

676 5571 910 5652 illum,
993 5577 1059 5638 et
1139 5563 1297 5651 dixi
1390 5586 1514 5634 ex.
1575 5563 1739 5634 totis
1817 5558 2223 5657 praecordiis

679 5680 865 5750 meis.

1709 318 1795 386 D.
1846 318 2050 389 ALB.
2103 318 2322 387 MAG.
2375 319 2581 388 ORD.
2635 321 2927 388 PRAED.

2456 517 2489 558 a
2531 494 2850 561 Miserere
2886 493 3042 560 mei.
3082 519 3114 554 ι)
3180 492 3351 561 Ecce
3401 495 3565 583 quid
3618 516 3912 585 rogave-

2362 600 2469 666 rit.
2535 598 2741 679 Quasi
2778 600 3030 668 diceret
3091 599 3562 690 :Deprecatus
3618 624 3769 668 sum
3836 602 3908 666 in

2361 715 2506 775 toto
2554 707 2755 776 corde
2805 732 2985 790 meo,
3020 707 3283 799 supple,
3321 709 3551 778 dicens
3584 732 3599 776 ε
3642 733 3676 774 ι
3707 709 3909 777 Mise-

2361 836 2504 880 rere
2532 816 2688 897 mei,
2729 842 2757 879 ι)
2800 817 3073 884 veniam
3130 816 3542 908 praestando,
3614 817 3902 909 gratiam

2359 924 2877 1012 perseverantiae
2944 924 3363 993 infundendo
3409 948 3424 992 t
3462 933 3529 993 et
3557 924 3690 993 hoc
3723 952 3755 990 α
3796 947 3904 991 se-

2357 1030 2659 1098 cundum
2699 1032 3048 1122 eloquium
3088 1041 3309 1100 tuum.
3347 1057 3383 1099 ι
3434 1032 3676 1101 Ezech.
3710 1055 3900 1110 xvin,

2358 1138 2441 1203 22
2486 1159 2502 1206 ε
2580 1140 2903 1208 Omnium
2976 1141 3427 1231 iniquitatum
3484 1140 3662 1230 ejus,
3733 1163 3906 1230 quas

2359 1254 2677 1337 operatus
2783 1256 2907 1331 cst,
3010 1271 3147 1316 non
3259 1247 3667 1316 recordabor
3749 1270 3905 1314 am-

2350 1355 2567 1446 plius.

2449 1702 2481 1735 α
2517 1675 2832 1765 Coqitavi
2895 1677 3043 1745 vias
3098 1698 3308 1746 meas.
3388 1703 3425 1741 n
3486 1678 3615 1746 Hic
3656 1702 3904 1748 secun-

2352 1784 2543 1870 dum,
2604 1810 2685 1855 ex
2734 1810 2869 1878 quo
2925 1788 3360 1872 confidentia,
3420 1790 3675 1860 scilicet
3733 1792 3903 1860 ass'e-

2351 1899 2610 1974 ctuum,
2670 1892 2802 1963 hoc
2868 1904 2992 1976 est,
3053 1919 3337 1986 operum
3395 1901 3750 1969 conversio
3819 1904 3903 1969 ad

2350 1997 2596 2068 Deum.
2632 2000 2716 2070 Et
2739 2003 2990 2094 primo,
3017 2006 3320 2096 tangitur
3357 2028 3641 2099 operum
3672 2009 3904 2076 consi-

2349 2106 2608 2176 deratio
2675 2132 2831 2178 cum
2888 2110 3263 2203 diligentia.
3336 2112 3679 2195 Secundo,
3743 2138 3901 2185 con-

2347 2215 2795 2287 sideratorum
2866 2222 3224 2291 conversio
3318 2222 3390 2292 in
3465 2225 3713 2307 Deum,
3776 2224 3892 2305 ibi,

2355 2352 2387 2386 α
2428 2326 2525 2392 Et
2560 2328 2866 2394 converti
2892 2327 3125 2420 pedes,
3174 2355 3207 2396 ι

2434 2429 2612 2499 Dicit
2641 2454 2804 2524 ergo
2843 2457 2860 2501 :
2922 2432 3038 2503 Sic
3075 2435 3293 2519 oravi,
3354 2444 3421 2505 et
3452 2437 3657 2507 etiam
3703 2464 3737 2505 ι
3779 2463 3897 2507 co-

2341 2538 2587 2627 qilaei,
2640 2566 2675 2604 n
2734 2540 3097 2633 diligenter
3153 2543 3408 2612 attendi
3464 2554 3528 2616 et
3599 2545 3890 2637 inspexi,

2350 2672 2384 2710 c
2428 2646 2574 2714 vias
2619 2670 2832 2728 meas,
2889 2674 2922 2715 ι
2984 2651 3415 2739 operationes
3474 2674 3682 2721 meas,
3746 2653 3900 2721 Pri-

2345 2776 2460 2820 mo
2511 2753 2690 2821 enim
2731 2755 3050 2825 standum
3090 2765 3194 2826 est
3248 2781 3456 2851 super
3508 2761 3656 2829 vias
3709 2784 3893 2842 suas,

2341 2859 2594 2929 Jerem.
2639 2885 2732 2941 vt,
2779 2864 2860 2931 16
2932 2864 3189 2934 :State
3257 2888 3466 2957 super
3529 2869 3702 2948 vias,
3762 2877 3891 2938 etc.

2344 2968 2590 3038 Postea
2649 2970 3084 3062 inspiciendae
3143 2972 3568 3064 simpliciter,
3637 2975 3891 3048 Jerem.

2342 3078 2587 3159 ιι,23;
2653 3077 2813 3147 ride
2888 3080 3036 3147 vias
3087 3088 3268 3149 tuas.
3380 3080 3636 3162 Tertio,
3715 3084 3897 3176 cogi·

2342 3183 2564 3253 tandm
2638 3195 2821 3265 sunt,
2864 3187 3040 3256 sicut
3095 3188 3344 3258 dicitur
3417 3186 3555 3269 hic,
3615 3198 3682 3259 et
3722 3191 3897 3259 l‘ro-

2339 3292 2533 3362 verb.
2567 3316 2755 3379 xxxi,
2817 3294 2930 3373 27,
2998 3294 3080 3364 de
3129 3295 3286 3364 forti
3344 3297 3678 3367 muliere:
3718 3300 3898 3370 Con-

2335 3403 2666 3473 sideravit
2736 3406 3018 3473 semitas
3073 3405 3321 3474 donnus
3381 3430 3550 3477 suae.
3601 3408 3891 3492 Quarto,

2339 3513 2812 3605 recogitandae,
2878 3513 3008 3584 lsa.
3041 3537 3331 3601 xxxvm,
3389 3518 3470 3586 15
3533 3541 3550 3588 ε
3602 3518 3897 3609 Recoqi-

2339 3621 2496 3690 tabo
2525 3620 2656 3691 tibi
2691 3646 2920 3691 omncs
2950 3647 3166 3693 annos
3205 3647 3411 3694 meos.
3477 3624 3760 3707 Quinto,
3793 3625 3896 3695 di-

2337 3729 2626 3822 ligenter
2697 3728 3105 3815 scrutandoe,
3215 3730 3470 3803 Thren.
3551 3756 3651 3818 ιιι,
3711 3734 3796 3800 40
3870 3756 3889 3803 :

2334 3838 2739 3908 Scrutemur
2793 3839 2942 3906 vias
2987 3847 3283 3908 nostras.
3318 3838 3408 3909 Et
3465 3847 3687 3923 sexto,
3740 3862 3892 3909 cor·

2335 3944 2657 4037 rigendae.
2694 3944 2944 4038 Supra,
2979 3945 3048 4014 in
3106 3945 3349 4016 eodem
3390 3947 3573 4017 Psal.
3655 3970 3891 4020 cxvm·

2335 4056 2377 4122 9
2427 4053 2565 4123 :In
2594 4073 2734 4146 quo
2789 4054 3077 4145 corriqit
3148 4053 3650 4126 adolescentior
3706 4059 3888 4128 viam

2332 4180 2558 4228 suam.
2622 4158 2843 4228 Causa
2942 4168 3173 4230 autem
3257 4162 3572 4232 omnium
3637 4161 3888 4235 horum

2335 4266 2662 4357 tangitur,
2705 4265 3034 4335 Proverb.
3069 4290 3212 4352 xw,
3262 4270 3342 4336 ¹2
3377 4288 3394 4336 ε
3426 4270 3560 4337 Est
3596 4271 3710 4339 via
3739 4295 3891 4365 quae

2336 4375 2609 4444 videtur
2678 4374 2947 4445 homiui
2980 4374 3213 4466 justa,
3255 4377 3629 4449 novissima
3657 4391 3889 4450 autem

2333 4482 2491 4574 ejus
2519 4481 2867 4551 deducunt
2903 4481 3002 4551 ad
3052 4491 3364 4553 mortem.

2425 4734 2463 4772 α
2506 4708 2601 4775 ΕΙ
2627 4706 2953 4788 converti,
2985 4734 3019 4771 a·
3051 4705 3224 4777 Ecce
3262 4707 3664 4778 secundum.
3708 4708 3889 4789 Qua-

2333 4813 2389 4883 si
2437 4813 2741 4885 diceret:
2805 4813 2921 4883 Sic
2984 4813 3208 4906 primo
3272 4816 3596 4908 cogitavi,
3641 4845 3679 4883 σε
3727 4827 3793 4887 et
3851 4844 3885 4885 ι

2331 4929 2493 4992 tunc
2538 4946 2573 4988 ι
2635 4921 2936 4988 converti
2991 4920 3199 5012 pedes
3272 4945 3480 5004 meos,
3533 4948 3569 4990 ι
3611 4946 3653 4993 a
3704 4924 3888 4993 vitiis

2333 5026 2504 5094 meis
2558 5025 2815 5116 pravis,
2850 5050 2885 5091 ι
2919 5025 2993 5093 in
3024 5025 3415 5095 testimonia
3465 5036 3615 5112 tua,
3650 5053 3686 5095 ι
3736 5051 3888 5120 quae

2331 5147 2554 5194 errare
2585 5146 2726 5194 non
2762 5132 3080 5215 possunt,
3109 5132 3189 5194 ut
3222 5124 3305 5196 de
3354 5134 3601 5196 caetero
3648 5126 3890 5197 ambu-

2330 5233 2545 5304 larem
2574 5231 2951 5303 secundum
2982 5231 3122 5303 illa.
3154 5233 3288 5303 Isa.
3348 5256 3540 5315 xxxi,
3574 5236 3617 5304 6
3659 5257 3677 5305 ε
3715 5237 3887 5307 Con-

2329 5342 2701 5423 vertimini,
2730 5341 2911 5411 sicut
2939 5341 3010 5410 in
3030 5339 3494 5435 profundum,
3523 5341 3783 5413 scilicet
3813 5345 3886 5414 iu

2333 5450 2791 5546 lonqinquum
2885 5450 3331 5533 recesseratis,
3413 5449 3560 5543 fitia·
3635 5451 3881 5525 Israel.

2330 5559 2462 5629 Isa.
2496 5582 2690 5644 xxm,
2712 5559 2753 5629 7
2793 5581 2820 5629 .·
2847 5562 3118 5629 Ducent
3144 5579 3296 5627 eam
3325 5557 3663 5652 pedessui
3681 5557 3887 5652 Ionqe

2332 5668 2430 5734 ad
2448 5666 3061 5759 pereqrinandum.
3107 5663 3244 5734 Sed
3296 5669 3539 5738 reverti
3585 5674 3866 5758 oportet
