5008 6329
443 3517 564 3584 14

680 322 808 392 400
1555 414 1561 420 ἢ
1669 318 1751 386 Ι).
1809 319 2006 387 ALB.
2062 319 2281 388 MAG.
2335 319 2542 389 ORD.
2598 320 2894 389 PRAED.

2439 519 2473 560 α
2518 495 2646 562 Hic
2726 493 3075 561 habitabo,
3152 522 3185 559 n
3248 494 3417 562 Ecce
3497 496 3891 563 secundum.

2347 599 2560 680 Quasi
2588 601 2839 668 diceret
2872 621 2886 665 :
2917 599 3031 668 Sic
3059 598 3393 670 habitabit
3421 601 3653 671 dicens
3687 627 3703 671 ε
3740 605 3900 672 Haee

678 496 950 567 finalem
989 494 1561 589 perseverantiam
1600 495 1671 562 in
1701 493 1921 585 gratia
1974 493 2224 584 primo‘

677 605 1114 697 postmodum
1145 605 1213 671 in
1243 603 1485 694 gloria.

768 713 948 781 Dicit
975 734 1135 802 ergo
1165 736 1181 779 ε
1221 711 1335 779 Sic
1400 711 1578 792 dico,
1633 712 1819 803 quod
1886 711 2007 780 fflii
2048 710 2237 779 sede·
2345 709 2615 800 requies
2645 732 2797 778 mea
2832 727 2848 778 ε
2884 718 2950 777 et
2978 711 3184 778 etiam
3219 734 3253 775 ι
3313 710 3422 777 hic
3457 708 3810 788 habitabo,
3860 736 3893 774 ι

678 820 850 887 bunt
885 819 941 886 si
971 820 1068 886 sic
1102 818 1385 888 fecerint
1429 843 1445 887 :
1480 842 1606 888 nec
1637 819 1768 887 hoc
1805 819 2052 909 aliquis
2102 819 2237 885 im-
2344 838 2466 905 per
2493 814 2811 905 gloriam,
2866 841 2900 882 ι
2933 818 3266 907 quoniam
3312 816 3489 907 eleqi
3525 839 3703 896 eam,
3735 843 3764 878 n
3810 816 3895 883 ad

678 936 867 1019 putet
931 951 1168 997 eorum
1225 930 1505 1006 meritis,
1578 929 1738 1017 quia
1805 925 1951 995 haec
2007 933 2231 1005 erunt,
2347 919 2477 988 hoc
2498 930 2573 988 ut
2593 924 2689 989 sic
2713 926 2779 989 in
2812 923 2924 990 illa
2944 923 3267 992 habitem.
3294 924 3426 991 Isa.
3449 947 3605 1003 txn,
3632 925 3905 993 &Com-

680 1063 712 1101 «
756 1037 1085 1129 quoniam
1130 1038 1471 1105 Dominus
1499 1034 1729 1122 eleqit,
1788 1060 1820 1095 »ι
1864 1031 1951 1099 ab
1979 1041 2233 1100 oeterno
2338 1027 2615 1119 placuit
2658 1032 2982 1109 Domino,
3027 1032 3283 1100 scilicet
3341 1031 3532 1110 Sion,
3602 1032 3902 1100 habitare

680 1144 1252 1236 praedestinando,
1359 1169 1394 1207 ot
1455 1142 1654 1218 Sion,
1737 1164 1771 1205 2
1860 1137 2234 1207 Ecclesiam
2348 1135 2419 1200 in
2449 1143 2536 1216 te,
2571 1157 2691 1225 per
2718 1134 3028 1225 gloriam.
3067 1137 3197 1205 lsa.
3230 1161 3351 1219 xu,
3386 1139 3426 1206 6
3459 1160 3474 1206 :
3508 1141 3813 1208 Exsulta
3842 1148 3904 1206 et

681 1276 878 1321 auam
936 1250 1212 1319 scilicet.
1254 1247 1365 1316 Ad
1428 1246 1679 1338 Ephes.
1745 1270 1792 1325 1,
1854 1248 1896 1313 4
1951 1245 2238 1337 :Eleqit

678 1384 801 1429 nos
857 1360 926 1426 in
958 1359 1104 1449 ipso
1143 1365 1301 1424 ante
1344 1355 1592 1423 mundi
1655 1356 2233 1423 constitutionem.

678 1468 882 1536 Joan.
914 1487 1032 1550 κν,
1071 1464 1151 1532 16
1195 1485 1212 1531 :
1279 1463 1435 1532 Non
1463 1485 1580 1531 vos
1608 1485 1715 1531 me
1752 1462 2080 1554 eleqistis,
2120 1463 2245 1530 sed

685 1599 807 1667 eqo
851 1575 1030 1665 eleqi
1065 1597 1207 1656 vos,
1240 1582 1366 1642 etc.

773 1684 1086 1775 «IEleqit
1138 1705 1316 1753 eam.
1363 1709 1397 1746 »
1441 1682 1613 1751 Eece
1678 1681 2083 1758 secundum,
2157 1683 2246 1752 ad

686 1792 871 1885 quod
917 1791 1304 1861 ordinatum
1335 1795 1438 1857 est
1482 1790 1806 1879 primum.
1869 1786 2080 1867 Quasi
2138 1785 2243 1853 di-

687 1909 869 1971 ceret
906 1924 922 1970 ε
957 1899 1181 1990 Elegit
1213 1895 1836 1989 praedestinatione.
1868 1893 1973 1963 Ad
2022 1892 2189 1986 quid
2219 1913 2238 1964 t

694 2033 728 2074 ι
760 2008 999 2098 Eleqit
1069 2027 1222 2073 eam
1297 2005 1368 2072 in
1422 2003 1921 2071 habitationem
1982 2000 2144 2079 sibi,
2205 2025 2239 2066 2

689 2140 814 2210 per
865 2117 1101 2208 gratiae
1186 2113 1617 2181 infusionem.
1671 2111 1734 2179 11
1785 2110 1872 2177 ad
1934 2108 2240 2179 Thessal.

691 2250 763 2305 n,
803 2227 883 2293 12
920 2223 1206 2314 :Eleqit
1268 2245 1384 2290 vos
1411 2222 1597 2290 Deus
1619 2220 1980 2312 primitias
2030 2219 2103 2287 in
2125 2240 2248 2286 sa-

694 2334 932 2411 lutem,
991 2333 1064 2399 in
1114 2329 1727 2419 sanctificationem
1789 2328 2102 2419 spiritus.
2161 2325 2248 2394 Et

692 2437 1091 2515 sanctificat,
1124 2436 1281 2527 quia
1336 2432 1632 2503 habitari
1677 2432 1851 2502 vult.
1902 2430 2036 2501 Isa.
2078 2454 2239 2511 mm,

692 2547 734 2614 4
767 2568 782 2613 ε
818 2548 913 2613 Et
950 2554 1131 2612 terra
1191 2550 1312 2610 tua
1370 2537 1902 2610 inhabitabitur.
1960 2537 2241 2608 Zachar.

689 2677 833 2733 viu,
881 2654 955 2720 11
996 2675 1012 2721 ε
1061 2648 1406 2720 Ilabitabo
1436 2650 1508 2716 in
1536 2646 1761 2717 medio
1801 2648 1932 2715 tui.
1953 2644 2240 2738 Apocal.

690 2783 830 2842 xxi,
872 2761 912 2829 3
948 2781 962 2826 :
1008 2755 1371 2826 Ilabitabit
1417 2777 1573 2823 cum
1611 2755 1707 2822 eis
1748 2778 1770 2821 .·
1820 2764 1884 2822 et
1934 2755 2069 2845 ipsi
2103 2776 2245 2846 po-

683 2867 901 2962 pulus
936 2865 1091 2956 ejus
1118 2873 1340 2931 erunt.
1387 2861 1501 2930 Sic
1540 2861 1776 2952 implet
1832 2861 2019 2953 quod
2073 2885 2243 2954 pro-

689 2973 899 3057 misit,
931 2969 1172 3041 Matth.
1215 2992 1451 3051 xxvm,
1493 2970 1578 3038 20
1621 2990 1639 3040 t
1709 2971 1886 3038 Ecce
1953 2992 2076 3061 eqo
2115 2993 2242 3038 vo-

691 3080 946 3151 biscum
990 3101 1147 3148 sum
1200 3074 1518 3147 omnibus
1567 3074 1833 3159 diebus,
1868 3099 2084 3170 usque
2146 3077 2244 3146 ad

686 3184 1334 3257 consummationem
1370 3181 1630 3251 saeculi.

774 3534 809 3571 ι
842 3508 1004 3576 Ilaec
1055 3505 1321 3596 requies
1376 3525 1552 3571 mea.
1627 3529 1661 3565 υ
1736 3501 1866 3570 nic
1922 3503 2224 3571 tertium.

677 3615 762 3685 Et
818 3617 1065 3709 prime,
1122 3613 1362 3684 electio
1428 3612 1517 3681 ad
1579 3611 2104 3704 perpetuitatem
2160 3613 2230 3681 in

673 3725 918 3816 gratia.
983 3721 1327 3802 Secundo.
1395 3721 1464 3789 in
1539 3719 1786 3814 gloria,
1840 3727 1915 3788 ut
1962 3721 2231 3812 requies

673 3831 1005 3900 referatur
1061 3829 1149 3899 ad
1222 3828 1543 3921 gratiam,
1606 3825 1943 3896 habitatio
2000 3826 2114 3896 hic
2142 3827 2228 3897 ad

667 3938 986 4031 gloriam.

752 4043 933 4114 Dicit
962 4065 1126 4137 ergo
1169 4064 1186 4111 t
1232 4040 1348 4110 Sic
1385 4040 1552 4120 dixi,
1596 4039 1784 4133 qnod
1814 4039 2022 4134 elegit
2054 4039 2226 4111 Sion

665 4152 1279 4248 predestinatione,
1320 4149 1525 4242 elegit
1553 4172 1677 4242 per
1745 4151 1980 4242 gratiae
2038 4150 2227 4220 inlu-

658 4264 949 4342 sionem,
983 4261 1261 4331 dicens:
1315 4288 1348 4324 α
1390 4261 1550 4328 Ilaec
1621 4259 1890 4352 requies
1948 4281 2101 4328 mea
2150 4261 2222 4329 in

652 4368 980 4439 seculum
1014 4367 1280 4449 seculi,
1314 4391 1348 4432 2
1373 4363 1756 4456 emphatice
1796 4364 2127 4456 loquitur,
2151 4366 2222 4436 id

654 4484 783 4556 est,
816 4474 1008 4545 locus
1039 4472 1421 4543 relectionis
1460 4493 1653 4541 meae.
1699 4470 1830 4540 lea.
1895 4493 2077 4552 axvi,
2124 4475 2153 4541 1
2195 4495 2214 4543 :

656 4584 825 4671 Quis
853 4591 951 4652 est
1000 4581 1197 4650 locus
1259 4579 1627 4672 quietionis
1683 4600 1848 4647 mese
1881 4576 1925 4647 P
1978 4579 2046 4647 id
2087 4587 2214 4665 est,

649 4713 855 4783 super
910 4711 1116 4782 quem
1172 4686 1548 4779 requiescet
1584 4684 1866 4777 spiritua
1908 4686 2146 4757 meua¹
2180 4688 2217 4755 ‘2

654 4796 877 4888 Super
932 4795 1128 4865 Sion.
1162 4791 1490 4864 Proverb.
1547 4814 1692 4872 xiv,
1736 4793 1985 4863 33:121
2015 4793 2217 4863 eorde

642 4904 1027 4999 prudentis,
1058 4925 1214 4973 ecce
1236 4903 1431 4986 Sion,
1454 4903 1814 4994 requiescit
1838 4904 2208 4994 sapientia.

647 5011 842 5081 llanc
896 5010 1201 5101 requiem
1268 5009 1536 5100 qua-rit,
1568 5004 1781 5076 Eccli.
1841 5028 2035 5093 xxw,
2073 5009 2149 5076 11
2190 5030 2208 5076 :

2351 1240 2594 1319 lauda,
2645 1240 2982 1309 habitatio
3055 1243 3253 1324 Sion,
3336 1265 3650 1334 superna,
3736 1247 3903 1336 quia

2349 1369 2645 1438 maynus
2719 1350 2788 1415 in
2856 1350 3079 1417 medio
3137 1353 3245 1419 tui
3297 1352 3593 1421 Sanctus
3654 1354 3894 1422 Israel.

2348 1455 2681 1523 Ezechiel.
2732 1480 2962 1538 xtvm,
2998 1460 3082 1528 35
3129 1481 3143 1526 :
3179 1462 3441 1529 Nomen
3478 1462 3774 1530 civitatis
3820 1484 3904 1528 ex

2352 1563 2483 1631 illa
2531 1564 2643 1631 die
2665 1586 2688 1631 .·
2718 1567 3059 1635 Dominus
3087 1567 3365 1637 ibidem.

2454 1910 2485 1947 α
2525 1883 2817 1951 Viduam
2892 1883 3072 1974 ejus.
3127 1911 3161 1949 n
3216 1885 3345 1955 Hic
3400 1888 3799 1973 secundum,
3828 1892 3897 1959 in

2353 2014 2488 2083 quo
2548 1992 2882 2083 promittit
2944 1992 3435 2063 abundantiam
3491 1999 3753 2088 gratiae,
3814 1999 3900 2067 ad

2352 2100 2869 2191 intelligentiam
2932 2100 3191 2172 scilicet
3263 2106 3565 2173 veritatis
3644 2129 3660 2175 ε
3721 2105 3901 2175 unde

2351 2208 2486 2276 duo
2517 2206 2850 2277 dicuntur.
2890 2208 3148 2290 Primo,
3200 2213 3624 2301 promittitur
3679 2213 3913 2282 abun--

2351 2316 2581 2385 dantia
2609 2317 2864 2407 gratiae.
2904 2315 3246 2397 Secundo,
3281 2319 3437 2387 finis
3468 2320 3649 2390 illius
3679 2320 3902 2391 abun-

2352 2423 2623 2502 dantiae,
2668 2423 2786 2503 ibi,
2824 2448 2857 2488 α
2892 2426 3240 2517 Pauper-es
3296 2426 3474 2517 ejus.
3511 2456 3544 2491 n

2438 2531 2617 2601 Dicit
2653 2554 2815 2623 ergo
2858 2556 2874 2601 :
2934 2532 3048 2602 Sic
3075 2534 3159 2603 de
3200 2544 3556 2627 potestate,
3590 2547 3656 2607 et
3698 2540 3903 2607 etiam

2361 2669 2390 2705 α
2422 2639 2832 2721 benedicens,
2861 2664 2893 2706 n
2917 2641 3208 2731 gratiam
3235 2642 3673 2729 infundend0‚
3720 2671 3754 2712 ι
3790 2645 3905 2715 be-

2347 2747 2684 2827 nedicam,
2721 2773 2755 2814 2
2787 2747 3277 2818 abundantiam
3306 2750 3686 2843 largiend0,
3732 2783 3765 2818 κ
3794 2756 3904 2823 vi-

2347 2854 2562 2925 duam
2644 2856 2822 2946 ejus,
2892 2885 2926 2920 n
3007 2856 3178 2927 Sion
3250 2860 3530 2943 scilicet,
3598 2864 3897 2933 animam

2345 2963 2605 3035 auxilio
2644 2963 2949 3035 humano
3009 2964 3428 3051 destitutam,
3460 2976 3527 3038 et
3554 2970 3624 3038 in
3662 2970 3899 3040 homi-

2343 3100 2429 3146 ne
2469 3098 2662 3168 spem
2719 3097 2860 3143 non
2890 3084 3287 3167 ponentem.
3334 3078 3464 3148 lea.
3508 3101 3688 3163 xmx,
3746 3083 3820 3152 11
3872 3106 3889 3152 :

2354 3186 2589 3255 Viduae
2634 3196 2769 3254 tuae
2824 3187 2898 3254 in
2953 3207 3061 3255 me
3094 3186 3492 3280 sperabunt.
3548 3188 3576 3257 1
3650 3190 3735 3258 ad
3774 3192 3897 3259 Ti-

2340 3295 2557 3364 moth.
2601 3317 2670 3373 ν,
2717 3296 2757 3362 5
2800 3316 2815 3360 :
2864 3295 3032 3380 Qua!
3085 3318 3236 3364 vere
3307 3296 3618 3367 desolata
3673 3308 3795 3383 est,
3829 3308 3895 3367 et

2339 3403 2576 3482 vidua,
2641 3411 2860 3494 speret
2924 3403 2996 3470 in
3067 3405 3295 3473 Deum
3361 3407 3615 3475 vivum.
3678 3406 3884 3476 Eccli.

2337 3532 2546 3590 xxxV,
2595 3510 2673 3578 17
2709 3531 2726 3578 z
2759 3510 2912 3578 Non
2943 3508 3263 3602 despiciet
3304 3533 3539 3605 preces
3586 3513 3884 3606 pupilli,

2333 3641 2453 3686 nec
2492 3617 2775 3687 viduam
2799 3617 2865 3686 si
2910 3617 3227 3709 effundat
3257 3618 3605 3712 loquelam
3666 3623 3892 3712 qemi-

2331 3733 2444 3793 tus
2471 3749 2495 3793 .·
2554 3725 2695 3793 imo
2751 3723 2951 3814 plena
2996 3723 3470 3796 benedictione
3509 3726 3883 3798 benedicet.

2330 3830 2433 3899 Ad
2494 3829 2746 3923 Ephes.
2809 3854 2854 3911 ι,
2899 3832 2939 3900 3
3002 3854 3020 3900 z
3079 3832 3452 3902 Benedittit
3511 3857 3636 3903 nos
3698 3836 3889 3905 omni

2329 3938 2789 4008 benedictione
2811 3939 3179 4031 spirituali
3237 3942 3309 4009 in
3355 3941 3756 4029 caelestibus,
3817 3943 3885 4013 id

2327 4054 2452 4132 est,
2486 4069 2528 4115 a
2584 4044 2973 4115 eoelestibua
3020 4047 3376 4117 influente.

2414 4285 2449 4322 α
2493 4259 2841 4350 Pauper-es
2894 4255 3074 4346 ejus.
3129 4284 3162 4321 ο
3244 4255 3417 4327 Eece
3473 4257 3873 4328 secundum.

2322 4366 2531 4448 Quasi
2555 4367 2803 4436 diceret
2842 4389 2858 4434 :
2905 4365 3022 4435 Sic
3054 4365 3469 4437 benedicens
3497 4366 3873 4437 benedicet.

2321 4470 2428 4538 Ad
2464 4470 2628 4563 quid
2659 4472 2696 4539 ?
2727 4470 2893 4538 Ecce
2926 4491 2944 4537 τ
2988 4497 3022 4532 α
3050 4472 3402 4561 Pauperes
3432 4470 3615 4562 ejus,
3667 4496 3701 4535 ιι
3743 4472 3876 4539 aei-

2319 4576 2475 4646 licet
2523 4575 2719 4654 Sion,
2761 4573 2998 4667 quales
3045 4584 3207 4645 aunt
3262 4598 3503 4646 omnes
3559 4577 3674 4669 qui
3712 4599 3874 4647 vere

2319 4695 2477 4754 sunt
2518 4688 2588 4754 in
2626 4707 2731 4766 ea,
2777 4712 2808 4750 α
2867 4682 3202 4755 saturabo
3242 4682 3570 4778 panibus,
3605 4714 3636 4747 ιο
3694 4707 3872 4755 verae

2318 4793 2808 4887 intelligentie.
2843 4792 3052 4864 Eccli.
3095 4816 3215 4877 xv,
3275 4794 3368 4862 3:
3432 4792 3703 4866 Cibabit
3768 4796 3869 4864 il-

2318 4901 2491 4984 lum,
2522 4925 2889 4995 pauperem
2928 4903 3000 4970 in
3031 4900 3330 4971 Ecclesia
3357 4910 3424 4971 et
3448 4900 3861 4983 famelicum,

2306 5032 2489 5102 pane
2536 5011 2692 5078 vitae
2744 5020 2808 5078 et
2870 5009 3282 5078 intellectus.
3347 5007 3473 5076 lea.
3541 5031 3683 5089 xiv,
3726 5009 3864 5079 32:

649 5119 729 5186 ln
777 5117 886 5185 his
922 5114 1239 5184 omnibus
1301 5116 1601 5206 requiem
1665 5113 1979 5205 quaesivi,
2027 5124 2093 5182 e!
2139 5115 2211 5183 in
2312 5116 2394 5184 ln
2426 5119 2573 5210 ipso
2615 5115 2991 5210 sperabunt
3009 5139 3350 5210 pauperes
3382 5116 3636 5210 populi
3679 5115 3859 5206 ejus.

645 5224 1041 5294 haereditate
1107 5223 1395 5293 Domini
1450 5222 1799 5306 morabor,
1866 5218 2001 5292 hoc
2076 5229 2205 5303 est,
2312 5223 2450 5294 Sed
2486 5225 2651 5318 quid
2678 5226 2715 5292 ⁴?
2761 5224 3069 5293 Saturari
3110 5223 3245 5294 illis
3273 5225 3562 5317 panibus
3591 5226 3709 5317 qui
3739 5246 3865 5295 ve-

650 5329 845 5401 Sion.
923 5329 1251 5400 Proverb.
1301 5351 1447 5407 vm,
1500 5329 1579 5397 31
1619 5351 1637 5398 ε
1683 5326 1976 5398 Deliciae
2046 5350 2209 5398 meae
2310 5356 2380 5402 re
2413 5333 2748 5404 reficiunt.
2781 5330 2942 5400 Luc.
2986 5353 3084 5411 xi,
3127 5333 3169 5402 5
3211 5333 3516 5409 :Amice,
3558 5354 3861 5402 commo-

649 5461 786 5508 esse
810 5461 967 5508 cum
1008 5437 1184 5527 filiis
1225 5437 1612 5516 hominum,
1644 5457 1790 5504 non
1835 5435 2202 5527 pecudum.
2307 5439 2401 5509 da
2428 5441 2605 5510 mihi
2657 5449 2791 5509 tres
2818 5461 3060 5531 panes,
3091 5437 3305 5509 Vetus
3351 5437 3857 5509 Testamentum

718 5672 738 5708 ¹
768 5668 854 5730 Cf.
885 5671 1010 5728 Act.
1050 5684 1153 5744 vn,
1176 5669 1269 5728 te.
