5008 6329
2001 303 2730 373 COMMENTARIUS
2755 301 2849 369 ΙΝ
2894 299 3332 372 PSALMUM
3384 301 3558 370 CXI.

4253 281 4415 368 '183

1185 468 1303 548 vit,
1337 473 1421 539 25
1452 492 1468 541 ε
1503 473 1883 542 Emanatio
1916 476 2235 566 quaedam
2282 484 2378 543 est
2409 476 2752 542 claritatis
2856 474 2927 541 in
2958 498 3096 566 quo
3129 474 3618 542 determinatur
3649 471 3929 549 ibidem,
3960 476 4024 547 ᾗ.
4062 470 4101 536 8
4138 491 4154 535 :
4191 469 4410 537 Dabis

1187 579 1673 668 omnipotentis
1705 583 1838 650 Dei
1862 583 2158 650 sincera.

1278 685 1409 752 Hic
1466 709 1630 779 ergo
1673 692 1930 781 optime
1968 690 2387 781 praeponitur
2450 712 2598 757 zAm
2642 690 2750 788 (ἶ)

2856 593 3200 652 mutuum.
3251 580 3540 659 Quando
3566 582 3602 648 ⁴?
3632 579 3800 648 Cum
3844 577 4269 669 perspexeris
4308 577 4408 643 in·

2855 690 3084 780 digere
3107 695 3152 753 ¹.
3188 686 3348 754 Luc.
3403 710 3498 766 vi,
3543 687 3628 754 35
3665 704 3682 754 ε
3716 688 4046 753 Mutuum
4087 685 4270 768 date,
4304 685 4408 750 ui-

1194 793 1427 881 primae
1459 793 1806 874 clausulae,
1851 797 2038 886 quod
2084 796 2566 887 interpretatur
2614 797 2754 863 oli-
2853 797 2960 865 lzil
2997 797 3158 864 inde
3200 805 3574 888 speranteS,
3617 818 3757 864 non
3806 794 3890 862 ab
3940 794 4247 875 homine,
4291 792 4411 860 sed

1195 922 1280 967 va
1314 924 1336 967 .·
1364 912 1431 969 et
1489 926 1662 972 nem
1707 905 1873 999 (Π)
1908 901 2247 981 secundae,
2309 903 2490 993 quod
2541 905 2753 970 inter-
2855 903 3106 972 multas
3134 926 3376 971 usuras
3407 926 3445 971 a
3473 903 3646 984 De0‚
3676 903 3863 993 quia,
3897 899 4227 968 Proverb.
4262 922 4406 984 xix,

1189 1020 1498 1101 pretatur
1558 1035 1802 1103 pavor.
1882 1010 1985 1078 Ac
2040 1012 2096 1078 si
2164 1020 2391 1101 aperte
2440 1010 2743 1080 diceret:

1190 1117 1620 1187 Adveniente
1646 1116 1946 1196 Christe,
1991 1118 2102 1186 vel
2131 1118 2202 1185 in
2231 1118 2480 1208 prim0,
2522 1116 2630 1185 vel
2679 1116 2749 1183 in

1190 1226 1491 1294 secundo
1550 1225 1877 1305 adventu,
1948 1226 2138 1295 adest
2210 1224 2393 1294 oliva
2456 1247 2741 1315 pavenS‚

1191 1332 1373 1400 oliva
1401 1332 1631 1399 virens
1664 1333 2156 1411 misericordia,
2199 1331 2418 1399 bonos
2457 1340 2744 1414 terrenS,

1192 1448 1258 1508 et
1295 1440 1540 1524 maIOS,
1583 1448 1650 1508 et
1676 1440 1809 1509 illis
1838 1450 2168 1510 terrorem
2211 1441 2565 1507 incutienS.

1288 1791 1322 1826 «
1350 1760 1719 1830 ,facundus
1745 1760 1975 1831 homo.
2012 1788 2046 1823 »ι
2083 1758 2211 1828 nic
2239 1757 2640 1836 secundum,
2676 1756 2744 1822 in

1193 1894 1330 1963 quo
1369 1871 1813 1961 subjungitur
1840 1869 1924 1937 de
1963 1867 2405 1937 retributione
2439 1888 2456 1933 ε
2500 1873 2568 1934 et
2605 1865 2747 1956 pri-

1189 2000 1332 2056 mo,
1376 1978 1659 2069 ponitur
1706 1976 2091 2055 retributi0,
2134 1982 2465 2066 quantum
2523 1972 2608 2039 ad
2658 1971 2745 2039 li-

1187 2085 1617 2154 berationem
1657 2107 1697 2152 a
1745 2083 1956 2153 malo.
2004 2081 2346 2163 Secundo,
2408 2089 2742 2172 quantum

1187 2194 1273 2263 ad
1315 2194 1754 2286 adeptionem
1811 2192 2003 2271 boni,
2061 2192 2179 2271 ibi,
2231 2192 2300 2260 in
2347 2189 2480 2258 tine
2527 2196 2592 2266 ῒ.
2645 2190 2736 2256 7:

1190 2329 1225 2369 ι
1258 2305 1607 2373 Paratum
1644 2327 1762 2372 cor
1790 2302 1971 2393 ejus.
2010 2326 2044 2367 s

1277 2413 1356 2483 ln
1387 2416 1608 2506 prima
1638 2421 2016 2504 tanguntur
2052 2409 2213 2478 duo.
2268 2408 2526 2486 Primo,
2594 2416 2740 2476 tan-

1185 2529 1445 2613 guntur
1473 2521 1739 2588 merita.
1778 2516 2124 2601 Secunde,
2159 2517 2432 2608 praemia
2482 2514 2566 2582 ad
2626 2538 2738 2584 ca-

1186 2631 1478 2699 rentiam
1545 2627 1707 2697 mati
1779 2625 2212 2718 pertinentia,
2293 2623 2411 2705 ibi,
2480 2631 2546 2700 ᾗ.
2608 2625 2647 2689 6
2717 2645 2734 2690 :

1197 2764 1229 2803 α
1259 2738 1445 2824 Quia
1476 2739 1545 2805 in
1584 2746 1943 2803 «eternum.
1988 2760 2024 2800 s

1274 2844 1353 2914 In
1391 2846 1617 2937 prima
1661 2845 1817 2913 tria.
1873 2841 2140 2921 Primo,
2200 2840 2504 2932 tangitur
2545 2861 2738 2907 com-

1156 2954 1412 3045 „passio
1444 2950 1694 3021 cordis.
1732 2948 2080 3030 Secundo,
2123 2946 2451 3017 exhibitio
2482 2946 2734 3037 operis,

1184 3061 1304 3140 ibi,
1351 3088 1386 3124 κ
1437 3061 1534 3130 Et
1579 3056 1995 3127 commodat.
2041 3082 2075 3123 s
2140 3056 2390 3133 Tertio,
2451 3053 2737 3122 dulcedo

1184 3171 1551 3255 sermonis,
1655 3166 1776 3245 ibi,
1876 3196 1910 3229 «ι
2005 3167 2334 3259 Dis-ponet
2402 3187 2738 3234 sermones

1180 3300 1364 3347 suos.
1410 3306 1443 3339 a·

1272 3383 1454 3453 Dicit
1482 3405 1648 3475 ergo
1681 3406 1698 3452 :
1737 3379 1854 3451 Sic
1895 3408 1931 3447 α
1962 3389 2280 3450 exortum
2309 3389 2426 3457 est,
2481 3403 2517 3446 ι
2562 3399 2740 3470 prae-

1181 3494 1457 3562 teritum
1489 3513 1616 3584 pro
1655 3490 1913 3569 tuturo,
1950 3513 1985 3553 ι
2054 3486 2285 3556 lumen
2331 3487 2555 3566 rectis,
2590 3513 2625 3551 n
2670 3487 2738 3556 in

1173 3600 1437 3693 judicio
1481 3619 1500 3668 t
1551 3598 1672 3667 sed
1710 3620 1853 3667 non
1901 3596 2139 3665 timeat
2177 3594 2355 3688 pius,
2414 3594 2577 3687 quia
2625 3592 2736 3664 ine

1181 3707 1394 3778 homo
1432 3736 1467 3770 α
1503 3704 1874 3797 jucundus
1914 3712 2035 3781 est,
2094 3728 2128 3769 ι
2192 3702 2258 3771 id
2323 3711 2449 3781 est,
2508 3710 2739 3794 gratus

1183 3815 1358 3895 Deo,
1385 3822 1454 3882 et
1493 3809 1811 3881 amabilis
1847 3832 1865 3879 ε
1899 3809 2081 3878 unde
2111 3808 2246 3877 alia
2281 3808 2506 3878 littera
2537 3806 2742 3877 babet

1189 3952 1224 3988 a
1264 3921 1522 3999 suavis,
1568 3947 1601 3983 u
1658 3947 1693 3984 a
1744 3920 1872 4009 qui
1917 3917 2298 3997 miseretur,
2343 3942 2380 3980 n
2424 3918 2740 4009 proximo

1186 4052 1339 4100 suo.
1381 4029 1547 4099 Luc.
1599 4050 1697 4111 vn,
1767 4027 1853 4094 :3ss
1909 4049 1926 4094 :
1986 4026 2223 4093 Estote
2249 4022 2738 4108 misericordes,

1186 4141 1381 4232 quia,
1416 4144 1543 4207 etc.
1580 4133 1822 4204 Matth.
1857 4156 1930 4216 ν,
1962 4135 2002 4203 7
2049 4156 2065 4201 :
2108 4134 2311 4202 Beati
2357 4133 2743 4201 misericor-

1186 4249 1325 4328 des,
1395 4247 1726 4340 quoniam
1789 4245 1928 4336 ipsi
1981 4240 2520 4310 misericordiam
2575 4264 2742 4309 con-

1184 4364 1501 4447 queratur.
1540 4350 1875 4421 Proverb.
1907 4371 2006 4433 xi,
2045 4349 2121 4418 17
2150 4371 2167 4416 :
2202 4349 2555 4439 Bene-lacit
2582 4348 2744 4416 ani-

1185 4486 1315 4532 mae
1365 4485 1511 4531 suae
1565 4462 1672 4530 vir
1745 4458 2154 4527 misericors.
2240 4455 2528 4547 Propter
2609 4453 2741 4524 hoc

1185 4572 1459 4650 dicitur.
1492 4567 1700 4639 Eccli.
1737 4590 1903 4651 xxx,
1936 4567 2023 4636 24
2065 4589 2082 4636 ε
2118 4567 2439 4635 Miserere
2491 4566 2741 4635 animae

1185 4689 1323 4750 tuse
1370 4678 1656 4771 placens
1704 4678 1850 4746 Deo
1882 4699 1905 4745 .-
1954 4685 2189 4767 gratus
2223 4674 2362 4743 Deo
2390 4672 2644 4743 scilicet
2673 4680 2739 4743 et

1187 4786 1444 4857 suavis.

1276 4920 1313 4962 c
1401 4895 1498 4964 Et
1583 4890 2001 4974 commodat,
2072 4916 2107 4959 s
2203 4888 2738 4959 misericordiam

1186 5001 1524 5072 exhibens
1552 5004 1625 5070 in
1655 5022 1889 5091 opere,
1931 5001 2106 5068 sicut
2140 5005 2556 5091 praeceptum
2586 4996 2737 5081 fuit,

1186 5109 1466 5181 Denter.
1528 5131 1647 5188 xv,
1705 5108 1777 5176 11
1819 5129 1837 5175 ε
1889 5107 2229 5200 Ρνεοίρίο
2282 5106 2411 5176 tibi
2452 5118 2531 5177 ut
2575 5132 2743 5203 ape-

1185 5218 1332 5287 rias
1376 5239 1667 5287 manum
1716 5224 1912 5283 tuam
1957 5216 2175 5305 fratri
2228 5225 2346 5284 tuo
2392 5239 2623 5309 cyeno,
2677 5229 2743 5287 et

1176 5323 1484 5418 pauperi
1507 5324 1636 5418 qui
1662 5332 1884 5393 tecum
1921 5331 2234 5390 versatur
2269 5323 2340 5390 iu
2394 5333 2603 5393 terra.
2653 5324 2741 5397 Et

1257 5596 1277 5637 ¹
1310 5596 1556 5655 Denter.
1610 5610 1707 5663 xv,
1737 5590 1772 5649 8
1804 5609 1820 5650 :
1867 5593 2102 5665 Aper-tes
2142 5606 2282 5660 eam,
2304 5562 2311 5567 ι
2334 5589 2579 5679 scilicet·
2610 5608 2741 5651 ms·

1186 5701 1334 5746 num
1362 5690 1559 5757 tuam,
1578 5684 1849 5759 paupert,
1879 5690 1934 5741 et
1970 5680 2126 5741 dabis
2154 5687 2405 5741 mutuum
2458 5697 2570 5757 quo
2617 5697 2743 5742 eum

2857 1013 2964 1091 17,
2999 1010 3247 1078 dicitur
3280 1033 3296 1078 ε
3338 1013 3745 1078 Foeneratur
3780 1010 4081 1079 Domino
4120 1007 4246 1098 qui
4281 1008 4409 1075 mi·

2850 1125 3112 1186 seretur
3130 1118 3485 1208 pauperiS,
3522 1124 3838 1185 mutuum
3883 1115 4131 1183 dando.

2944 1254 2976 1288 «
3018 1226 3376 1314 Dispouet,
3426 1254 3458 1286 »
3508 1226 3715 1294 etiam
3768 1252 3802 1288 «
3864 1246 4205 1293 sermones
4241 1244 4405 1289 suos

2851 1335 2924 1400 in
2951 1332 3256 1421 judicio,
3296 1358 3328 1398 »
3363 1333 3672 1412 rationis,
3716 1332 4002 1400 dulciter
4028 1330 4400 1421 loquendo,

2851 1463 2991 1509 non
3023 1443 3403 1531 impetuose
3434 1463 3590 1510 cum
3620 1463 3746 1508 suo
3777 1439 4121 1530 proxim0,
4165 1447 4232 1507 et
4279 1461 4404 1529 pro

2850 1556 3157 1638 tempore
3205 1556 3274 1617 et
3320 1549 3498 1619 loco.
3552 1547 3887 1617 Proverb.
3939 1571 4010 1626 x,
4068 1548 4147 1615 19
4194 1569 4209 1614 ε
4268 1547 4407 1632 Qui

2851 1656 3252 1724 moderatur
3315 1657 3504 1725 labia
3576 1680 3730 1736 sua,
3817 1655 4406 1748 prudentissimus

2848 1774 2968 1832 est.
3004 1763 3213 1833 Eccli.
3255 1787 3493 1843 xxvm,
3529 1766 3614 1832 29
3659 1786 3674 1831 ε
3736 1764 3962 1833 Verbis
4006 1764 4144 1832 tuis
4183 1764 4403 1853 facito

2845 1881 3199 1950 stateram,
3244 1880 3321 1939 ut
3374 1873 3462 1941 sit
3506 1873 3578 1939 in
3617 1870 3751 1940 illis
3792 1871 4065 1953 modus,
4108 1878 4175 1939 et
4211 1892 4404 1938 men-

2847 2001 3004 2047 sura
3041 2001 3057 2046 :
3091 1987 3160 2047 et
3186 1987 3457 2070 tempus
3487 1979 3832 2070 loquendo
3865 1979 4178 2059 observa,
4211 1980 4397 2070 quia,
4531 2069 4534 2074 ⁴

2846 2084 3069 2155 Eccle.
3113 2110 3212 2167 111,
3266 2087 3333 2167 7,
3392 2086 3640 2155 dicitur
3689 2107 3706 2156 ε
3775 2088 4061 2178 Tempus
4100 2085 4395 2164 tacendi,

2846 2204 2911 2262 et
2932 2202 3200 2286 tempus
3224 2193 3571 2287 loquendi.
3598 2194 3806 2265 Eccli.
3843 2218 3962 2281 xx,
3990 2196 4028 2263 7
4068 2195 4401 2287 :Sapiens

2846 2299 3093 2369 tacebit
3119 2325 3333 2394 usquc
3360 2303 3458 2370 ad
3491 2311 3782 2395 tempus.

2932 2407 3087 2490 Vel,
3151 2435 3186 2475 ι
3249 2410 3562 2503 disponet
3618 2433 3960 2480 sermones
4021 2432 4209 2498 suos,
4253 2436 4288 2479 s
4334 2419 4402 2480 et

2845 2516 3116 2586 ordinat
3141 2516 3572 2609 proferenda,
3610 2544 3646 2583 α
3683 2517 3754 2586 in
3784 2516 4090 2608 judicio.
4129 2543 4164 2586 s
4217 2515 4401 2587 Dili-

2843 2634 3084 2720 genter
3137 2628 3321 2698 enim
3377 2626 3763 2697 considerat
3810 2627 3972 2719 quid
4022 2628 4093 2695 in
4134 2625 4398 2716 judicio

2843 2737 3159 2829 arguenti
3196 2735 3497 2804 Domino
3538 2735 3621 2805 de
3670 2735 4137 2804 misericordia
4183 2735 4401 2826 possit

2843 2844 3281 2937 respondere,
3331 2852 3400 2913 et
3465 2851 3742 2936 propter
3787 2842 3920 2914 boc
3974 2842 4135 2913 facit
4189 2864 4399 2935 opera

2844 2951 3351 3022 misericordiae.
3392 2950 3651 3021 llabac.
3694 2974 3770 3034 n,
3809 2953 3838 3020 1
3875 2974 3891 3019 :
3952 2950 4402 3043 Contempla-

2845 3058 2991 3140 bor,
3055 3069 3132 3128 ut
3176 3059 3446 3128 videam
3511 3059 3687 3152 quid
3744 3059 4021 3129 dicatur
4075 3059 4273 3140 milti,
4335 3067 4400 3126 et

2842 3166 3018 3259 quid
3052 3166 3496 3261 respondeam
3527 3166 3625 3236 ad
3649 3178 4052 3260 arquentem
4082 3190 4212 3239 me.

2937 3512 2973 3553 ι
3020 3487 3204 3573 Quia
3244 3488 3312 3556 in
3350 3497 3704 3555 aetemum.
3743 3512 3778 3555 s
3815 3484 4201 3555 Praemissis
4241 3505 4396 3556 me·

2847 3595 3015 3673 ritis,
3051 3593 3165 3664 hic
3200 3593 3712 3688 subjunguntur
3753 3598 4064 3697 praemia.
4118 3595 4206 3666 Et
4241 3603 4401 3665 tan-

2847 3710 3105 3794 guntur
3130 3703 3285 3772 tria.
3318 3702 3581 3784 Primo,
3616 3705 4124 3797 perseverantia
4153 3705 4225 3772 in
4268 3701 4396 3771 bo·

2846 3831 2939 3878 no
2969 3832 3200 3902 opere.
3238 3808 3582 3897 Secundo,
3643 3812 4022 3882 recordatio
4060 3810 4400 3881 bonorum

2848 3926 3126 3996 oeterna,
3161 3916 3280 3998 ibi,
3328 3927 3393 3996 ὲ.
3428 3921 3469 3988 7
3506 3942 3525 3989 ε
3571 3948 3607 3987 α
3650 3921 3733 3989 In
3774 3922 4129 3991 memoria.
4166 3945 4201 3988 s
4244 3918 4407 3987 Ter-

2849 4026 2971 4105 tio,
3003 4026 3340 4118 separatio
3379 4026 3527 4117 ejus
3574 4036 3642 4096 et
3685 4028 4016 4098 securitas
4057 4049 4098 4096 a
4134 4032 4406 4096 senten·

2849 4135 2943 4204 tia
2961 4136 3213 4227 judicis
3241 4135 3741 4207 condemnante
3769 4136 4016 4220 malos,
4072 4136 4195 4223 ibi,
4231 4163 4266 4201 α
4295 4120 4405 4206 Ab

2848 4241 3208 4312 auditione
3233 4244 3451 4313 mala.
3495 4273 3531 4308 n

2939 4349 3118 4419 Dicit
3162 4373 3327 4445 ergo
3369 4374 3386 4420 ε
3431 4352 3617 4422 Bene
3660 4352 3829 4438 dixi,
3890 4352 4076 4446 quod
4125 4352 4238 4423 ille
4285 4353 4405 4446 qui

2849 4457 3233 4528 misericors
3287 4467 3387 4528 est
3428 4460 3658 4540 corde,
3708 4460 4105 4530 commodat
4162 4483 4398 4552 opere,

2847 4587 3200 4635 sermones
3245 4564 3476 4635 dulces
3521 4565 3726 4637 habet
3778 4576 3848 4637 et
3883 4566 4058 4638 bene
4115 4566 4404 4660 disposi-

2849 4683 2981 4761 tos,
3013 4682 3248 4765 gratus
3278 4683 3377 4744 est
3404 4673 3576 4753 Deo.
3615 4700 3649 4742 c
3681 4676 3877 4768 quia,
3913 4702 3949 4740 r·
3980 4674 4128 4746 Deo
4168 4676 4397 4760 dante,

2856 4814 2889 4849 «ι
2919 4807 3056 4854 non
3086 4782 3638 4864 commovebitur,
3685 4813 3719 4848 »a
3757 4782 3847 4854 ab
3884 4785 3969 4853 iis
3996 4784 4221 4867 bonis,
4257 4811 4292 4851 ι
4328 4787 4403 4855 in

2849 4904 3203 4962 aeternum.
3265 4915 3300 4958 s
3345 4891 3673 4962 Proverb.
3709 4915 3830 4975 κει,
3873 4892 3913 4960 3
3948 4915 3965 4961 :
4007 4892 4245 4962 Radia:
4268 4891 4409 4983 ju-

2845 5011 3111 5070 storum
3161 5022 3298 5069 non
3335 4998 3890 5070 commovebitur.
3954 4999 4063 5080 Et,
4124 5023 4195 5081 x,
4256 5001 4396 5070 25:

2845 5111 3092 5179 Juseus
3162 5110 3366 5200 quasi
3433 5107 3974 5200 fundamentum
4053 5110 4406 5202 sempiter-

2849 5238 3045 5300 num,
3088 5225 3157 5287 et
3192 5217 3263 5285 in
3292 5239 3392 5301 se,
3425 5226 3490 5285 et
3529 5217 3601 5287 in
3640 5216 3963 5310 operibus
4017 5217 4186 5298 suis,
4250 5239 4402 5310 qum

2850 5351 2993 5399 non
3021 5335 3400 5415 transeunt,
3432 5326 3553 5398 sed
3579 5335 3912 5422 perpetuo
3940 5334 4400 5421 perseverant.

2847 5593 3194 5670 perspexeris
3212 5593 3486 5668 ὺιάἰσπσ.
