5008 6329
385 3748 501 3815 u

636 240 719 304 64
1617 239 1696 303 1).
1751 237 1950 304 ALB.
2005 233 2223 302 MAG.
2278 234 2483 302 ORD.
2543 237 2833 304 PRAED.

636 417 816 487 runt,
865 436 895 475 α
937 410 1391 501 adpopulum
1457 406 1783 482 alterum,
1816 432 1845 468 n
1901 404 2179 472 alterius

632 516 882 585 scilicet
913 518 1124 607 regni.
1153 515 1319 580 Ecce
1351 511 1719 579 vehemens
1741 511 2174 579 instabilitas,

637 623 833 701 Nota,
878 625 1050 690 sicut.
1080 622 1239 689 dicit
1268 618 1532 696 Glossa,
1570 619 1754 709 quod
1787 646 1820 685 α
1852 630 2034 687 terra
2062 618 2179 685 illa

639 755 672 794 α
706 730 1020 798 Chanaan
1056 750 1193 794 non
1243 736 1384 792 erat
1451 726 1671 795 adhuc
1711 750 2025 818 regnum,
2060 726 2180 794 sed

638 864 671 898 «
703 831 1136 924 postmodum
1167 831 1312 899 suit.
1352 858 1385 897 »
1441 832 1575 900 Sed
1605 843 1841 902 contra
1876 856 1890 899 ε
1932 833 2178 900 Nonne

630 942 900 1032 legitur,
944 940 1185 1009 GeneS.
1228 965 1367 1020 xxv,
1438 944 1539 1020 18,
1586 942 1767 1033 quod
1814 939 2180 1009 Melchise-

632 1046 824 1123 dech,
870 1069 988 1115 rex
1029 1046 1280 1126 Salem,
1326 1050 1618 1115 occurrit
1656 1046 1952 1114 Abrahae
1991 1067 2179 1112 rece-

632 1155 815 1224 denti
843 1155 925 1224 de
972 1157 1251 1224 victoria
1301 1157 1596 1245 regum?
1637 1153 1772 1221 Sed
1815 1154 2180 1243 respondet

632 1261 906 1341 PauluS,
961 1263 1045 1329 ad
1100 1261 1301 1329 Hebr.
1369 1283 1487 1341 vn,
1541 1262 1608 1339 2,
1678 1258 1933 1339 dicenS,
1993 1259 2179 1350 quod

629 1370 1117 1439 Melchisedech
1178 1372 1663 1459 interpretatur
1709 1369 2172 1457 rexjustitiae,

631 1478 871 1544 deinde
888 1487 1111 1544 autem
1142 1488 1204 1544 et
1234 1501 1354 1544 rear
1390 1476 1652 1555 Salem,
1686 1476 1876 1567 quod
1892 1487 2013 1559 est,
2056 1499 2180 1543 rex·

625 1587 840 1675 pacis.
880 1583 1030 1651 Non
1070 1584 1312 1652 dicitur
1341 1606 1503 1674 ergo
1536 1582 2030 1651 Melchisedech
2059 1606 2179 1651 rex

638 1690 891 1770 Salem,
932 1699 1204 1781 propter
1243 1689 1371 1758 hoc
1411 1690 1591 1782 quod
1636 1691 1729 1758 illi
1762 1692 2018 1760 civitati
2050 1690 2180 1758 do-

637 1798 1008 1866 minaretur
1034 1807 1381 1888 tamquam
1414 1821 1558 1876 rex,
1594 1797 1712 1865 sed
1742 1806 2020 1888 propter
2058 1820 2182 1865 no-

630 1906 833 1972 minis
874 1906 1518 1996 interpretationem.

722 2012 837 2080 Sic
865 2013 1075 2079 nostri
1120 2010 1554 2088 Patriarcliae,
1617 2010 1888 2078 Praelati
1921 2009 2179 2079 scilicet

633 2117 1108 2195 Ecclesiarum‚
1141 2124 1617 2208 pertranseunt
1658 2124 2010 2206 tamquam
2052 2136 2180 2206 pe-

631 2224 881 2317 regrini
913 2223 995 2292 de
1032 2231 1230 2316 gente
1271 2224 1340 2291 in
1380 2233 1681 2315 gentem,
1735 2222 1818 2290 de
1850 2244 2062 2313 regno
2093 2220 2181 2289 ad

632 2330 962 2426 populum
1000 2330 1311 2400 alterum.
1367 2331 1537 2399 Cum
1580 2331 1762 2398 enim
1804 2332 1872 2398 in
1903 2353 2039 2398 una
2079 2330 2183 2399 ci-

630 2441 838 2509 vitate
901 2439 1146 2507 fuerint
1211 2437 1651 2530 praebendati,
1713 2436 1949 2505 dicunt
2013 2436 2183 2504 illud

631 2547 825 2616 Pauli
883 2548 967 2616 ad
1000 2547 1204 2615 llebr.
1265 2569 1406 2621 xm,
1466 2547 1545 2613 tt
1586 2568 1601 2612 :
1651 2548 1804 2615 Non
1849 2544 2182 2613 habemus

628 2658 740 2724 hic
793 2667 1171 2725 manentem
1239 2657 1609 2733 civitatem,
1676 2654 1800 2721 sed
1859 2655 2181 2744 suturam

629 2763 1069 2854 inquirimus.
1116 2760 1251 2828 Sed
1307 2764 1706 2827 caveant'ne
1755 2765 1821 2826 et
1873 2757 1956 2826 de
2016 2757 2181 2847 ipsis

628 2891 768 2938 non
796 2869 1058 2937 dicatur
1086 2866 1249 2935 illud
1282 2865 1621 2958 Apostoli,
1665 2864 1724 2932 ll
1757 2864 1841 2932 ad
1865 2860 2177 2932 Corinth.

626 3001 698 3059 ν,
750 2979 791 3045 (i
828 2997 844 3045 :
896 2975 1246 3063 Quamdiu
1298 2997 1539 3041 sumus
1586 2973 1657 3040 in
1704 2973 1830 3040 hoc
1874 2994 2177 3064 corpore,

614 3084 1145 3178 pereqrinamur
1170 3105 1213 3147 a
1245 3082 1566 3148 Domino.
1603 3078 1756 3147 Non
1796 3086 1953 3145 sunt
1985 3077 2066 3146 de
2092 3077 2183 3145 il-

626 3192 734 3268 lis,
774 3191 857 3258 de
887 3188 1135 3281 quibus
1160 3189 1338 3256 idem
1373 3185 1768 3278 Apostolus,
1802 3185 1886 3253 ad
1919 3183 2173 3275 Ephes.

626 3322 699 3376 ιι,
740 3300 818 3366 19
857 3320 873 3363 :
911 3299 1074 3366 lam
1113 3319 1246 3363 uon
1285 3295 1445 3361 estis
1491 3294 1815 3386 hospites,
1874 3299 1942 3359 et
1969 3290 2180 3358 adve-

625 3427 755 3484 ηε,
796 3412 924 3473 etc.

724 3745 760 3782 α
800 3719 952 3788 Non
981 3716 1264 3807 reliquit
1287 3715 1653 3782 hominem.
1703 3737 1738 3778 a
1775 3711 1903 3782 llic
1929 3734 2183 3781 secun-

629 3829 792 3898 dum
847 3830 1056 3896 totius
1098 3826 1301 3915 hujus
1347 3826 1586 3916 partis.
1647 3822 1936 3892 Ostensa
1992 3824 2176 3892 enim

625 3937 1023 4006 necessitate
1053 3931 1447 4025 protegendi
1488 3953 1633 4007 eos,
1668 3929 1779 3999 hic
1816 3930 2178 4021 subjungi·

619 4054 736 4116 tur
770 4043 1015 4113 modus
1046 4041 1482 4133 protectionis
1514 4060 1532 4108 ε
1566 4046 1632 4107 et
1661 4037 1983 4108 dicuntur
2009 4035 2170 4104 duo.

625 4152 883 4225 Primo,
917 4147 1244 4240 protectio
1273 4167 1313 4212 a
1351 4145 1759 4213 minoribus.
1824 4141 2171 4220 Secundo,

620 4264 685 4327 et
715 4279 756 4325 a
785 4252 1181 4345 majoribus,
1214 4250 1334 4328 ibi,
1372 4278 1405 4311 κ
1439 4253 1535 4320 Et
1560 4250 1919 4340 corripuit.
1958 4272 1993 4312 s

706 4362 885 4430 Dicit
910 4381 1076 4451 ergo
1110 4382 1128 4427 ε
1158 4357 1331 4427 Cum
1361 4365 1590 4425 essent
1618 4355 1839 4447 pauci,
1870 4362 1940 4423 et
1970 4354 2040 4422 in
2067 4373 2169 4437 se,

617 4479 686 4539 et
738 4467 824 4537 ad
886 4464 1247 4536 colendum
1313 4472 1592 4538 terram,
1666 4470 1733 4529 et
1789 4458 2167 4541 instabiles,

2293 406 2461 495 secti
2499 416 2734 484 essent,
2767 405 2978 474 Jacob
3010 409 3267 476 scilicet
3301 417 3366 475 et
3397 408 3639 474 domus
3670 405 3840 492 ejuS,

2294 525 2512 582 terror
2537 515 2823 582 Domini
2852 517 3106 583 invasit
3160 537 3391 583 omnes
3441 537 3566 604 per
3594 514 3845 580 circui-

2291 633 2439 689 tum
2467 624 2796 705 civitates,
2844 631 2908 687 et
2961 645 3096 689 non
3131 633 3295 690 sunt
3341 622 3498 689 ausi
3529 619 3846 710 persequi

2289 730 2684 798 recedentes.

2382 969 2412 999 a
2456 942 2547 1005 Et
2574 940 2931 1030 corripuit.
2969 967 3003 1003 n
3045 937 3175 1005 Hic
3214 937 3615 1015 secundum,
3666 935 3847 1003 scili-

2289 1052 2394 1114 cet
2430 1045 2701 1113 illorum
2733 1047 3063 1135 protectio
3111 1047 3182 1113 in
3221 1045 3730 1135 comparatione
3760 1040 3845 1109 ad

2289 1153 2582 1241 majores
2616 1174 2631 1218 z
2676 1160 2738 1219 et
2786 1151 3102 1219 dicuntur
3140 1152 3303 1220 duo.
3336 1151 3596 1228 Primo,
3632 1150 3847 1238 majo·

2288 1283 2440 1327 rum
2460 1261 2815 1350 repressio,
2850 1273 2939 1328 ne·
2959 1259 3092 1327 illis
3112 1267 3460 1328 nocerent.
3496 1256 3839 1335 Secundo,

2287 1366 2649 1435 declaratio
2701 1366 2886 1434 modi
2916 1388 3039 1456 per
3082 1389 3288 1457 quem
3327 1372 3488 1433 sunt
3525 1365 3837 1454 repressi,

2287 1473 2406 1556 ibi,
2473 1482 2539 1551 5.
2624 1476 2703 1542 13
2747 1497 2762 1541 ε
2846 1498 2880 1539 ι
2921 1476 3155 1542 Nolite
3218 1484 3495 1565 tanqere
3558 1473 3843 1540 christos

2288 1606 2491 1652 meos.
2542 1609 2577 1649 »

2377 1690 2557 1757 Dicit
2586 1711 2748 1780 ergo
2784 1711 2798 1754 ε
2860 1689 2975 1757 Sic
3003 1690 3100 1757 eis
3128 1690 3237 1757 vel
3291 1711 3410 1756 eos
3439 1710 3686 1755 nocere
3717 1685 3840 1753 bo·

2288 1799 2543 1865 minem
2587 1818 2723 1864 non
2782 1796 3103 1887 reliquit:
3158 1822 3194 1857 α
3226 1806 3290 1862 et
3349 1795 3684 1884 corripuit
3708 1814 3838 1882 pro

2290 1906 2384 1971 eis
2420 1926 2631 1994 reyes,
2676 1931 2706 1964 υ
2744 1903 3052 1971 volentes
3103 1903 3437 1991 injuriari,
3473 1910 3536 1969 et
3565 1920 3838 1976 nocere,

2287 2012 2462 2079 sicut
2501 2033 2725 2101 regem
2767 2009 3052 2101 AEgypti
3085 2032 3208 2101 per
3235 2007 3614 2088 Abraham,
3646 2007 3843 2097 cujus

2287 2140 2570 2186 uxorem
2628 2116 2998 2185 abstulerat
3037 2120 3081 2194 ¹,
3144 2125 3213 2185 et
3279 2113 3701 2191 Abimelech,
3747 2136 3846 2182 re-

2289 2252 2444 2319 gem
2475 2226 2769 2307 Gerarae,
2801 2250 2923 2317 per
2952 2225 3183 2296 Isaac⁸
3227 2275 3247 2293 .

2380 2576 2415 2612 n
2450 2549 2682 2616 Nolite
2709 2558 3007 2638 tonqere.
3047 2574 3079 2613 n
3126 2548 3252 2617 llic
3290 2548 3672 2617 ostenditur
3700 2571 3847 2616 mo-

2288 2657 2416 2725 dus
2448 2656 2854 2747 reprimendi
2895 2679 3036 2724 eos.
3080 2656 3342 2734 Primo,
3383 2658 3688 2748 reprimit
3725 2679 3846 2725 eos

2292 2786 2332 2832 a
2362 2763 2623 2832 malitia
2653 2763 2722 2830 in
2753 2764 3018 2832 ess'ectu.
3076 2764 3421 2849 Secundo,
3458 2765 3527 2833 in
3568 2763 3715 2855 ipso
3754 2763 3851 2832 af-

2288 2871 2493 2953 fectu,
2538 2870 2658 2952 ibi,
2693 2896 2728 2935 e
2762 2873 2857 2939 Et
2886 2873 2956 2939 in
2981 2871 3358 2962 prophetis.
3399 2899 3432 2934 κ

2379 2980 2492 3047 Ait
2531 2980 2710 3048 enim
2748 3001 2764 3045 ε
2802 2979 2917 3048 Sic
2942 3002 3066 3070 pro
3095 2980 3196 3047 eis
3248 2980 3577 3071 corripuit
3624 3002 3841 3071 reges,

2289 3086 2407 3155 sed
2429 3084 2778 3179 quomodo
2792 3088 2829 3152 ⁴?
2846 3084 3095 3153 Dicens
3115 3103 3165 3153 ³:
3186 3115 3220 3147 «ι
3241 3086 3476 3155 Nolite
3494 3095 3841 3178 tanqu-em

2287 3193 2586 3263 nolendo
2613 3193 2881 3271 affectu,
2937 3194 3273 3261 ecla-istos
3299 3216 3507 3273 meos,
3555 3219 3587 3259 ιι
3631 3195 3846 3262 Abra-

2284 3298 2472 3377 ham,
2516 3297 2729 3379 lsaac,
2767 3297 3002 3366 Jacob.
3040 3298 3212 3367 Ecce
3259 3297 3483 3369 adhuc
3521 3323 3660 3369 non
3699 3309 3845 3370 erat

2287 3404 2657 3475 materialis
2677 3405 2907 3473 unctio
2939 3405 3007 3474 in
3036 3404 3298 3474 Judaeis
3332 3406 3628 3498 :incepit
3655 3410 3838 3476 enim

2283 3522 2592 3605 tempore
2637 3511 2906 3581 Saulis:
2977 3522 3045 3582 et
3092 3512 3527 3594 patriar-chae,
3573 3515 3838 3594 christi,

2286 3619 2354 3687 id
2384 3626 2512 3702 cst,
2546 3619 2735 3686 uncti
2779 3618 3231 3710 appellantur,
3273 3628 3341 3687 et
3396 3623 3589 3712 quasi
3640 3618 3844 3689 Chri-

2284 3727 2484 3795 stiani
2524 3749 2540 3795 ε
2594 3724 2772 3794 unde
2800 3725 3081 3794 evidens
3116 3728 3434 3819 estquod
3468 3737 3710 3797 unctos
3740 3729 3841 3796 in·

2285 3834 2529 3926 telligit
2593 3834 2912 3902 unctione
2968 3833 3329 3925 spirituali,
3399 3857 3534 3927 qua
3599 3857 3842 3903 omnes

2284 3942 2576 4011 dicimur
2645 3938 3036 4019 Christiani,
3112 3941 3196 4009 de
3276 3962 3413 4032 qua
3496 3942 3565 4010 in
3653 3940 3836 4011 Psal.

2282 4047 2667 4127 txxxvn,2t
2696 4046 2976 4116 :Inveni
2999 4046 3261 4131 David,
3280 4069 3554 4117 servum
3581 4071 3837 4128 merem,

2280 4157 2431 4226 oleo
2454 4162 2691 4225 saneto
2718 4176 2866 4221 meo
2906 4156 3082 4222 unxi
3107 4176 3291 4224 ann.
3325 4154 3465 4225 Sed
3490 4157 3840 4248 'pra-cique

2278 4271 2349 4333 et
2410 4260 2991 4331 abundantissime
3030 4269 3235 4353 caput
3288 4263 3603 4331 omnium
3648 4261 3843 4330 Chri-

2277 4371 2686 4447 stianorum,
2707 4365 3043 4447 Christus,
3075 4365 3159 4435 de
3179 4390 3318 4459 quo
3348 4368 3417 4437 in
3443 4367 3625 4437 Psal.
3650 4390 3831 4448 xuv,

2277 4477 2319 4543 8
2349 4498 2367 4545 ε
2401 4476 2620 4544 Una-it
2646 4483 2713 4542 te
2727 4476 2940 4555 Deus,
2974 4475 3162 4542 Deus
3180 4482 3368 4556 tuus,
3396 4473 3547 4543 oleo
3579 4475 3838 4545 laetitiae

620 4598 815 4645 «non
862 4571 1169 4666 reliquit,
1214 4596 1249 4636 ι
1308 4578 1663 4662 tamquam
1730 4574 2175 4637 comeum&
2267 4603 2417 4674 ἰι-ε
2441 4580 2862 4649 consortibus
2889 4581 3049 4650 tuis.
3102 4580 3551 4652 Cassiodorus
3593 4607 3612 4654 t
3648 4609 3684 4651 ι
3718 4585 3837 4652 At-

617 4705 883 4757 eorum,
935 4708 968 4743 ι
991 4681 1333 4748 hominem
1391 4699 1628 4745 nocere
1662 4675 1781 4743 οἰδ.
1821 4699 1856 4739 ⁸
1907 4672 2172 4742 Verum
2276 4712 2310 4753 ι
2345 4685 2759 4756 tendendum
2813 4694 2938 4769 est,
2970 4686 3156 4779 quod
3187 4687 3617 4758 Patriarcbas
3646 4691 3836 4758 eleri-

613 4795 743 4866 est,
776 4785 1019 4855 Genea.
1063 4807 1179 4862 ιιι,
1228 4784 1296 4850 tt
1332 4791 1399 4851 et
1455 4804 1629 4873 seq„
1662 4780 1747 4848 de
1789 4777 2164 4854 Abraham,

614 4914 772 4962 cum
808 4890 1151 4960 descendit
1199 4891 1269 4957 in
1307 4887 1717 4978 AEgyptum.
1759 4884 1870 4965 Et,
1907 4905 2100 4962 xxvi,
2131 4884 2161 4952 Ι

618 5009 685 5071 et
720 4997 998 5090 seq.,de
1028 4997 1242 5073 lsaac,
1277 4998 1347 5064 in
1388 4995 1741 5063 Geraram.
1788 4992 1898 5072 Et,
1928 4990 2015 5060 de
2040 4990 2169 5061 Ja-

2284 4821 2315 4857 σ
2349 4802 2489 4861 stos
2544 4790 2934 4884 appellavit,
2975 4815 3134 4861 cum
3172 4791 3399 4864 adhuc
3460 4817 3602 4863 non
3657 4804 3836 4864 esset

2275 4926 2309 4960 κ
2352 4897 2586 4965 unctio
2615 4896 2973 4966 celebrata.
3013 4922 3048 4962 s
3092 4899 3150 4966 Α
3205 4897 3374 4968 Saul
3429 4907 3661 4968 autem
3703 4901 3832 4970 ista

2275 5005 2504 5073 unctio
2534 5006 2738 5097 coepit
2799 5005 3072 5073 initium
3104 5018 3176 5072 *τ
3235 5005 3352 5072 sed
3406 5003 3517 5075 hic
3556 5006 3828 5089 dicitur,

616 5104 746 5175 cob
775 5103 1042 5182 dicitur,
1098 5103 1344 5171 Genes.
1378 5121 1593 5178 xxxv,
1643 5101 1685 5167 5
1728 5120 1744 5166 ε
1784 5099 1963 5168 Cum
1988 5119 2170 5190 pro·
2271 5108 2433 5202 qui,
2460 5116 2652 5178 estant
2691 5111 2762 5179 in
2799 5110 3040 5203 ,piritu
3073 5108 3466 5179 Christiani,

695 5371 715 5407 ¹
746 5371 832 5431 Cf.
864 5373 1076 5431 Genea.
1105 5388 1206 5440 an,
1241 5375 1307 5428 ¹7
1338 5378 1400 5429 et
1428 5391 1556 5448 seq.

690 5460 714 5498 ²
746 5459 993 5531 Ibidem,
1021 5476 1130 5535 pro
1152 5457 1474 5534 Abraham,
1499 5479 1599 5535 xx,
1623 5466 1660 5521 2
1686 5466 1749 5523 et
1771 5480 1925 5538 seq„
1964 5466 2025 5522 et
2054 5478 2163 5538 pro

620 5549 808 5618 lsaac,
839 5565 989 5619 xxvi,
1019 5548 1053 5606 ³
1082 5553 1284 5622 etseq.

2338 5378 2363 5415 ⁸
2394 5375 2653 5436 Verbum
2679 5376 2869 5433 dicens
2893 5390 3018 5433 non
3047 5374 3354 5435 invenitur
3377 5379 3441 5436 in
3463 5380 3733 5456 Vulgata.

2338 5462 2462 5522 (Εἰ.
2495 5465 2522 5522 1
2550 5467 2690 5541 neg.
2713 5482 2775 5535 x,
2804 5468 2854 5522 t.

3976 2571 4098 2640 1⁸
