5008 6329
384 3688 578 3758 150

656 373 785 439 324

649 567 759 612 me
795 544 1119 612 miseram
1160 540 1659 630 deprecantem,
1690 549 1752 606 et
1790 539 1873 605 de
1918 549 2044 605 tua
2076 539 2212 605 mi—

650 651 1028 722 sericordia
1065 658 1626 739 praesumentem.

745 893 778 928 «
825 866 920 931 Et
957 862 1335 930 secundum
1370 860 1757 951 judicium.
1813 884 1845 921 »
1892 855 2066 923 Ecce
2104 876 2215 922 se-

653 973 979 1041 cundum.
1018 970 1228 1050 Quasi
1260 970 1514 1037 diceret
1550 989 1565 1033 :
1609 964 1788 1031 Audi
1831 963 2210 1031 misericor·

653 1083 848 1162 diter,
885 1090 955 1150 et
1000 1080 1273 1147 vivifica
1312 1098 1449 1154 me,
1502 1074 1731 1142 ablata
1777 1097 1901 1165 per
1953 1073 2213 1141 miseri-

652 1189 956 1257 cordiam
1015 1185 1291 1252 miseria
1342 1205 1357 1249 :
1417 1190 1484 1249 et
1531 1181 1686 1261 hoc,
1745 1206 1776 1246 α
1835 1180 2210 1248 secundum

640 1295 1003 1387 judicium
1061 1300 1286 1373 tuum,
1322 1318 1353 1350 »
1430 1289 1911 1357 discretionem
1990 1296 2208 1366 tuam,

653 1424 804 1494 quae
855 1399 1077 1490 primo
1131 1396 1351 1464 aufert
1408 1395 1613 1474 mala,
1658 1403 1726 1462 et
1769 1392 2212 1483 postmodum

650 1513 914 1582 confert
961 1507 1146 1576 bona
1178 1525 1196 1577 z
1257 1507 1441 1574 unde
1479 1506 1787 1574 ordinate
1817 1503 2078 1572 dictum
2117 1507 2216 1570 est

652 1645 883 1715 supra,
944 1620 1015 1686 in
1064 1616 1247 1684 Psal.
1301 1639 1361 1695 c,
1413 1619 1443 1682 1
1503 1637 1519 1683 ε
1561 1613 2114 1683 Misericordiam
2152 1621 2216 1679 et

640 1729 1005 1822 judicium
1069 1725 1361 1792 cantabo
1447 1721 1598 1798 tibi,
1662 1721 1982 1790 Domine.
2056 1717 2207 1797 Vel,

656 1865 690 1904 α
719 1834 994 1924 vivifica
1023 1855 1131 1899 me
1147 1829 1525 1898 secundum
1546 1829 1897 1915 judicium
1921 1836 2146 1904 tuum,
2175 1849 2208 1890 n

654 1966 791 2037 quo
826 1939 1099 2031 judicas
1146 1936 1635 2005 remittendum
1674 1958 1820 2003 esse
1859 1939 2213 2024 peccatum

649 2051 1032 2147 poenitenti.
1059 2047 1392 2117 Proverb.
1423 2070 1666 2124 xxvm,
1703 2047 1785 2114 13
1819 2068 1835 2112 ε
1877 2046 2016 2130 Qui
2055 2066 2213 2111 con·

649 2165 875 2253 sessus
908 2158 1154 2248 suerit,
1188 2166 1253 2224 et
1282 2155 1641 2246 reliquerit
1676 2177 1780 2233 ea,
1822 2153 2214 2221 misericor-

654 2264 848 2338 diam
888 2274 1356 2356 consequetur.
1400 2262 1552 2340 Vel,
1589 2290 1621 2324 «
1665 2259 2042 2329 secundum
2078 2258 2216 2349 ju-

655 2377 918 2446 dicium
994 2382 1219 2449 tuum,
1289 2397 1318 2433 n
1392 2392 1533 2437 non
1599 2367 1975 2437 secundum
2044 2365 2213 2457 legis

656 2484 998 2559 Mosaicae,
1046 2500 1200 2570 quae
1233 2474 1685 2545 interficiebat
1716 2477 1732 2511 ¹
1770 2496 1786 2542 τ
1831 2473 1976 2556 sed,
2006 2473 2209 2541 Joan.

654 2614 750 2675 vi,
777 2589 903 2656 64:
942 2583 1153 2653 Verba
1184 2605 1337 2674 quae
1357 2605 1480 2671 eqo
1515 2582 1783 2649 locutus
1809 2602 1967 2648 sum
1997 2578 2209 2658 vobis,

651 2700 944 2791 spiritus
982 2703 1048 2762 et
1089 2695 1232 2761 vita
1276 2700 1464 2758 sunt.
1527 2687 1680 2767 Vel,
1736 2716 1771 2753 α
1830 2689 2132 2778 vivifica,
2178 2713 2211 2752 ι»

656 2807 805 2897 lege
858 2801 1120 2895 peccati
1183 2807 1538 2867 mortuum
1609 2818 1624 2863 :
1680 2805 1958 2887 propter
2032 2793 2217 2885 quod

655 2913 998 2984 clamabat
1047 2907 1301 2978 Paulus
1350 2910 1421 2975 in
1469 2929 1764 2998 persona
1809 2904 2211 2982 Gentilium,

656 3020 741 3088 ad
782 3019 1077 3086 Roman.
1137 3037 1258 3095 vu,
1319 3012 1407 3080 24
1446 3019 1515 3079 et
1561 3012 1647 3080 25
1712 3034 1728 3078 ι
1773 3010 2044 3100 Infelix
2093 3032 2216 3100 eqo

655 3128 903 3196 bomo!
928 3123 1086 3216 quis
1115 3144 1223 3190 me
1242 3118 1566 3190 liberabit
1595 3119 1681 3188 de
1706 3140 1988 3210 corpore
2027 3140 2219 3187 mor-

658 3237 747 3304 tis
781 3232 1007 3323 hujus
1033 3229 1075 3299 ?
1104 3230 1352 3300 Gratia
1381 3229 1518 3296 Dei
1564 3249 1692 3320 per
1729 3228 1965 3296 lesum
2011 3225 2220 3296 Cleri-

659 3352 843 3410 stum
876 3339 1258 3409 Dominum
1289 3343 1628 3403 nostrum.

763 3681 797 3716 «
847 3649 1596 3743 Appropinquaverunt
1633 3655 2132 3739 persequentes.
2186 3673 2221 3709 n

669 3764 796 3832 llic
832 3759 1210 3831 secundum
1242 3758 1449 3849 hujus
1489 3757 1724 3849 partis,
1775 3759 1846 3825 in
1883 3778 2023 3847 quo
2071 3754 2230 3826 sub-

657 3872 979 3966 jungitur
1023 3870 1403 3961 persuasio.
1479 3866 1855 3936 Persuadet
1900 3875 2133 3935 autem
2187 3889 2228 3934 a

664 3979 1069 4050 necessitate
1098 3975 1401 4068 petendi,
1435 3997 1644 4067 quam
1685 3973 1983 4043 ostendit
2011 3972 2231 4065 dupli-

665 4113 814 4160 cem
850 4111 866 4158 :
903 4086 1648 4180 appropinquationem
1695 4084 2132 4154 inimicorum
2164 4094 2231 4154 et

665 4193 1229 4289 persequentium
1269 4192 1356 4260 ad
1406 4190 1694 4272 malum,
1737 4200 1804 4259 et
1850 4188 2232 4283 elongatio-

667 4331 825 4378 nem
865 4329 907 4374 a
936 4304 1150 4385 bono,
1183 4303 1304 4387 ibi,
1340 4327 1376 4369 ι
1409 4305 1466 4372 A
1505 4302 1654 4393 leqe
1689 4312 1920 4371 autem
1950 4311 2104 4373 tua.
2150 4327 2183 4368 n

752 4416 938 4486 Dicit
982 4435 1147 4505 ergo
1199 4433 1218 4477 ι
1267 4408 1384 4479 Sic
1429 4416 1590 4501 peto
1645 4409 1991 4478 miseriam
2045 4430 2234 4477 amo-

1649 361 1737 430 D.
1787 362 1990 428 ALB.
2044 361 2259 429 MAG.

2315 361 2524 431 ORD.
2578 361 2863 432 PRAED.

2326 538 2627 628 Cumque
2689 536 3305 626 appropinquasset
3378 533 3685 609 Pharao,
3749 530 3867 620 qui

2315 643 2548 734 inique
2577 642 3103 734 persequebatur
3133 639 3310 706 filios
3340 636 3576 715 lsrael,
3632 637 3870 703 levan-

2318 759 2412 816 tes
2432 751 2577 839 filii
2606 748 2829 816 Israel
2854 748 3199 825 oculos,...
3237 748 3616 812 timuerunt
3635 743 3861 811 valde.

2320 858 2436 928 Sic
2463 868 2529 928 et
2579 881 2771 950 rogo,
2815 861 2939 926 etsi
2988 860 3135 925 sine
3184 855 3385 946 culpa
3422 855 3552 923 sim
3602 855 3865 944 patiens

2316 970 2688 1039 secundum
2729 970 2911 1037 Petri
2942 969 3278 1060 regulam,
3312 968 3343 1034 Ι
3374 966 3557 1033 Petr.
3594 988 3686 1045 ιν,
3727 967 3805 1032 15
3844 987 3859 1031 :

2316 1080 2529 1147 Nemo
2586 1088 2879 1145 vestrum
2930 1078 3254 1167 patiatur
3319 1085 3678 1164 tamquam
3741 1073 3865 1160 sur

2315 1195 2441 1253 aut
2492 1184 2858 1252 homicida.
2903 1183 3031 1250 Vel
3089 1183 3187 1250 sic
3241 1204 3256 1250 :
3304 1209 3338 1246 α
3379 1184 3865 1270 Persequentes

2316 1314 2422 1359 me
2462 1290 2840 1382 iniquitati,
2876 1314 2910 1352 n
2943 1289 3013 1356 id
3043 1297 3170 1373 est,
3212 1309 3299 1356 ex
3327 1287 3687 1377 iniquitate
3739 1307 3756 1352 ι
3792 1284 3862 1350 in

2315 1400 2445 1469 hoc
2474 1402 2656 1468 enim
2687 1399 3028 1490 iniquitati
3065 1398 3398 1475 serviunt,
3440 1402 3507 1464 et
3545 1394 3742 1486 quasi
3779 1393 3865 1460 ad

2314 1511 2647 1580 honorem
2695 1510 3070 1601 iniquitatis
3099 1508 3382 1589 faciunt,
3420 1534 3453 1571 α
3496 1505 3867 1598 appropin-

2314 1634 2717 1715 quaverunt,
2767 1649 2797 1686 n
2867 1621 3132 1713 supple,
3188 1619 3386 1699 mihi,
3433 1617 3614 1686 unde
3670 1639 3867 1684 com-

2314 1733 2533 1825 pellor
2576 1733 2865 1802 clamare
2911 1755 2996 1800 ne
3043 1731 3196 1822 plus
3235 1732 3783 1820 appropinquent
3842 1748 3858 1793 :

2314 1845 2677 1935 propinqui
2728 1844 2908 1911 enim
2957 1849 3117 1909 sunt
3173 1842 3244 1907 in
3289 1837 3659 1908 verborum
3699 1859 3866 1904 exa-

2313 1950 2723 2028 cerbatione,
2786 1950 2905 2018 sed
2952 1949 3480 2039 propinquiores
3525 1947 3597 2012 in
3638 1966 3864 2013 rerum

2317 2057 2679 2136 ablatione,
2721 2057 2839 2125 sed
2892 2053 3456 2146 propinquissimi
3489 2053 3561 2119 in
3606 2049 3865 2141 proprii

2316 2164 2618 2253 corporis
2656 2161 3042 2229 afflictione.

2409 2401 2442 2442 ι
2474 2378 2532 2445 A
2569 2376 2711 2465 leqe
2748 2382 2975 2441 autem
3006 2382 3152 2440 tua.
3196 2397 3227 2434 ιι
3280 2367 3865 2466 Eccesecundum

2318 2486 2528 2566 Quasi
2574 2486 2822 2554 diceret
2864 2505 2882 2554 ι
2937 2483 3052 2551 Sic
3099 2482 3445 2574 iniquitati
3494 2481 3866 2570 appropin-

2320 2608 2557 2691 quant,
2594 2623 2626 2662 α
2687 2596 2884 2686 lonqe
2920 2604 3151 2663 autem
3196 2594 3377 2684 sacti
3416 2602 3580 2659 sunt
3629 2614 3671 2658 a
3721 2591 3869 2678 leqe

2321 2719 2464 2777 tua.
2508 2738 2539 2770 »
2589 2705 2859 2775 Zachar.
2913 2728 3031 2790 vn,
3097 2706 3172 2773 11
3236 2726 3252 2771 :
3316 2703 3707 2773 Noluerunt
3764 2710 3869 2766 at-

2319 2815 2611 2897 tendere,
2644 2823 2706 2881 et
2734 2819 3122 2880 averterunt
3155 2810 3524 2901 scapulam
3553 2807 3869 2876 receden-

2316 2931 2478 2990 tem.
2508 2919 2793 2994 Baruch,
2822 2942 2920 3000 ιιι,
2946 2920 3024 2986 21
3056 2940 3071 2987 :
3108 2920 3165 2987 A
3188 2918 3376 3007 jacie
3396 2917 3700 3008 ipsorum
3724 2915 3870 2981 lon·

2316 3054 2403 3119 qe
2453 3032 2645 3121 sacta
2699 3038 2819 3096 est.
2862 3026 3067 3096 Mich.
3117 3047 3241 3109 vn,
3282 3026 3355 3092 11
3399 3047 3415 3092 :
3458 3025 3541 3092 In
3587 3022 3700 3090 die
3734 3020 3868 3088 illa

2327 3138 2528 3229 lonqe
2549 3136 2670 3227 fiet
2700 3135 2836 3205 leoe.

2427 3482 2458 3518 α
2513 3457 2735 3546 Prope
2788 3474 2855 3520 es
2919 3462 3019 3530 tu.
3089 3449 3410 3519 Domine.
3458 3474 3492 3513 ι
3574 3447 3700 3517 llic
3766 3455 3873 3516 est
3967 3462 4153 3529 151

2327 3564 2529 3632 tertia
2590 3583 2744 3652 pars
2828 3559 3041 3629 totius
3125 3556 3487 3626 octonarii.
3558 3554 3873 3625 Ostendit

2326 3669 2536 3750 enim,
2586 3667 2762 3736 unde
2819 3667 2881 3735 ei
2937 3663 3353 3734 confidentia
3408 3662 3492 3731 de
3548 3661 3877 3754 adimple·

2328 3779 2512 3846 tione
2550 3777 2694 3866 ejus
2723 3771 2904 3865 quod
2936 3774 3224 3865 petitum
3275 3780 3404 3854 est,
3439 3773 3601 3862 quia
3647 3791 3731 3838 ex
3761 3770 3881 3838 tri-

2329 3883 2480 3951 bus.
2518 3882 2776 3963 Primo,
2818 3903 2901 3949 ex
2951 3879 3186 3948 divina
3224 3876 3765 3969 promptitudine
3795 3876 3880 3945 ad

2331 3990 2840 4061 conferendum.
2903 3986 3248 4069 Secundo,
3308 4009 3397 4055 ex
3477 3986 3883 4056 certitudine

2331 4103 2890 4194 promissionum,
2949 4099 3067 4178 ibi,
3123 4127 3160 4163 ι
3211 4099 3309 4166 Et
3356 4120 3586 4166 omnes
3631 4098 3782 4165 υἷε.
3845 4122 3882 4161 ι

2329 4210 2582 4290 Tertio,
2607 4231 2689 4276 ex
2720 4205 3269 4275 immutabilitate
3297 4213 3737 4284 statutorum,
3762 4202 3882 4282 ibi.

2330 4325 2397 4395 7.
2437 4319 2563 4385 152
2598 4338 2616 4385 z
2650 4339 2686 4381 ι
2719 4315 2927 4383 Initio
2950 4314 3261 4403 coqnovi.
3311 4336 3346 4378 ι

2429 4424 2605 4492 Dicit
2635 4443 2840 4514 ergo:
2885 4421 3001 4489 Sic
3039 4420 3229 4512 petii,
3263 4427 3332 4488 et
3356 4419 3655 4502 confido,
3697 4420 3883 4512 quia,

663 4522 839 4607 veri,
900 4541 1136 4588 veram
1202 4518 1418 4585 vitam
1479 4515 1653 4598 dari,
1712 4514 1822 4584 vel
1879 4515 2105 4606 magis
2162 4515 2233 4583 in
2336 4556 2378 4601 0
2421 4531 2737 4607 nomine,
2783 4555 2817 4592 ιι
2848 4537 2927 4596 tu
2963 4549 3033 4596 es
3070 4548 3314 4620 prope.
3359 4550 3394 4592 ι
3447 4548 3588 4596 non
3615 4535 3887 4594 tantum

667 4634 824 4704 data
856 4627 1278 4701 conservari.
1312 4626 1458 4695 Nec
1497 4626 1749 4694 mirum
1778 4624 1835 4694 si
1865 4632 2053 4716 peto,
2101 4624 2234 4694 Do·
2335 4638 2807 4732 magnitudine
2852 4637 3251 4725 majestatis,
3284 4636 3660 4706 seeundum
3720 4634 3891 4704 illud

669 4740 882 4817 mine·
914 4735 1076 4827 (1⁰3⁸
1111 4758 1144 4799 ¹
1170 4741 1649 4824 Persequssn‘e'
1675 4753 1806 4809 me·
1839 4756 1869 4793 ¹⁸
1909 4738 1977 4799 0²
2006 4729 2235 4798 Ve‘blss
2336 4749 2591 4816 Jerem.
2643 4767 2831 4821 xxm,
2866 4745 2994 4812 24:
3051 4743 3323 4814 Coelum
3379 4752 3445 4811 et
3474 4753 3728 4811 terram
3767 4765 3890 4833 eqo

669 4859 735 4919 et
773 4847 996 4930 factis,
1031 4872 1065 4906 «ι
1113 4843 1848 4935 appropinquaverunt
1894 4841 2237 4932 iniquita·
2341 4854 2616 4947 impleo,
2667 4850 2792 4921 vel
2835 4849 3228 4943 cognitione
3295 4858 3429 4919 20ae
3475 4849 3892 4941 perspicaci..

672 4963 752 5047 lt‘,
802 4986 836 5025 ι
892 4956 964 5026 id
1011 4963 1137 5033 est,
1184 4954 1529 5045 iniquitali
1581 4976 1655 5022 se
1705 4952 2233 5043 conjunxerunt,
2339 4965 2522 5042 tatis,
2590 4983 2725 5054 qua
2788 4965 3102 5050 penetras
3166 4959 3430 5037 omnia,
3514 4957 3893 5027 secundum

672 5072 835 5164 quia
900 5065 1051 5137 sola
1107 5086 1217 5134 mo
1274 5070 1783 5157 persequuntur
1847 5064 2236 5155 iniquitate,
2341 5072 2511 5143 illud
2577 5069 2779 5139 Eoeli.
2847 5091 3038 5148 xxm,
3107 5069 3237 5136 28:
3341 5068 3546 5139 ocuti
3610 5067 3899 5137 Domini

674 5206 812 5252 non
857 5186 1136 5273 propter
1188 5175 1466 5267 culpam
1514 5198 1768 5245 meam.
1827 5174 2076 5258 Amos,
2141 5196 2238 5254 vi.
2341 5177 2564 5247 multo
2588 5178 2752 5270 plus
2808 5175 3174 5244 lucidiores
3201 5185 3366 5242 sunt
3405 5195 3614 5266 super
3651 5172 3894 5255 solem,

676 5289 718 5357 3
760 5309 778 5356 z
813 5284 1145 5377 Separati
1169 5283 1331 5351 estis
1362 5282 1435 5349 in
1465 5281 1646 5349 diem
1689 5280 1986 5356 malum,
2021 5288 2085 5347 et
2124 5302 2245 5372 ap·
2342 5283 2947 5375 circumspicientes
3003 5304 3234 5350 omnes
3286 5281 3436 5349 vias
3479 5281 3839 5348 hominum
3875 5300 3892 5347 ε

670 5392 1166 5488 propinquatis
1213 5390 1393 5458 solio
1444 5388 1859 5481 iniquitali&
1917 5385 2117 5456 Tales
2164 5388 2245 5454 ti·
2344 5392 2888 5484 contemplantur
2914 5391 3098 5461 enim
3140 5392 3210 5460 in
3239 5391 3434 5460 omni
3480 5389 3633 5460 loco
3677 5389 3899 5459 bonos

681 5523 864 5582 mec,
931 5498 1109 5567 sicut
1144 5496 1271 5566 filii
1327 5495 1565 5582 lsrael,
1621 5495 1837 5565 Exod.
1896 5517 2043 5584 xw,
2089 5495 2170 5565 10
2224 5516 2241 5562 :
2345 5513 2412 5574 et
2469 5501 2710 5573 malos.
2769 5500 2881 5586 Et,
2947 5498 3351 5592 Apostolus,
3392 5500 3476 5569 ad
3543 5499 3755 5570 Hebr.
3799 5522 3894 5579 ιν,

751 5727 773 5765 ¹
799 5727 885 5785 Gt.
918 5723 1106 5786 exod.
1138 5738 1277 5782 xxm
1317 5728 1381 5782 et
1406 5741 1561 5799 seq„
1598 5729 1661 5782 et
1708 5726 1879 5800 quasi
1912 5742 2021 5800 per
2049 5731 2243 5786 totum
2348 5730 2672 5790 Leviticum
2697 5746 2714 5802 ς
2745 5731 2983 5790 Denter.
3006 5741 3183 5786 xxvm
3212 5728 3274 5783 et
3300 5741 3429 5803 seq.
