5008 6329
688 2970 805 3018 :itta
850 2986 910 3019 no
924 2997 939 3010 ·

690 3034 817 3073 neunt
844 3029 909 3073 ta·

689 3094 766 3128 πο
794 3085 902 3128 boa·

724 3143 838 3185 tum.

2182 536 2598 605 PSALMUS
2649 537 2944 604 CXLIV.

1062 697 1185 764 Ait
1223 699 1462 768 enim:
1509 701 1674 772 Haec
1730 704 1915 775 bona
1954 704 2231 784 habent,
2294 707 2364 771 in
2426 704 2533 772 his

4069 537 4198 604 499

2643 706 2916 795 profuit
2943 704 3263 796 superbia
3292 716 3525 773 nostra
3549 704 3589 772 ,9
3627 715 3752 773 aut
3791 705 4198 773 divitiarum

972 805 1467 897 temporalibus
1500 812 1872 881 abundant.
1915 843 1946 877 «
1988 817 2082 881 Et
2110 814 2458 893 dioeerunt,
2496 839 2529 880 ι.
2631 811 2984 900 jactantia
3013 813 3186 905 quid
3209 814 3502 883 contulit
3540 813 3734 881 nobis
3765 811 3806 881 Ρ
3836 812 4197 881 introitum

976 913 1293 986 homines
1319 922 1626 989 carnales
1651 930 1922 990 terrena
1950 923 2312 1012 sapientcS,
2352 950 2383 984 «
2411 946 2534 1013 po-

966 1022 1225 1113 pulum
1275 1029 1391 1094 cui
1433 1029 1576 1095 Izoec
1619 1036 1803 1107 sunt,
1870 1027 2167 1112 beatum,
2223 1055 2255 1092 n
2308 1029 2531 1119 ipsum

974 1127 1414 1222 decipientes.
1459 1135 1591 1202 Isa.
1659 1158 1758 1217 ιιι,
1824 1135 1903 1200 12
1949 1137 2268 1227 :popule
2314 1161 2529 1221 meus,

972 1239 1097 1327 qui
1135 1250 1198 1308 te
1229 1240 1506 1310 beatum
1537 1242 1802 1323 dicunt,
1847 1244 1981 1335 ipsi
2011 1255 2074 1311 te
2129 1246 2479 1340 decipiunt
2510 1271 2532 1315 :

979 1348 1139 1437 quia
1196 1374 1335 1419 non
1376 1351 1751 1430 beatitudo,
1805 1353 1924 1421 sed
1983 1355 2336 1425 infelicitas
2403 1366 2526 1425 est.

971 1453 1455 1546 Augustinus:
1504 1487 1538 1523 ιι
1583 1457 1767 1527 Nihil
1826 1461 2162 1531 infelicius
2211 1464 2527 1532 felicitate

980 1566 1500 1652 «peccantium.
1536 1594 1567 1629 ιι
1610 1565 1938 1637 Proverb.
1976 1593 2022 1649 ι,
2060 1570 2193 1636 32:
2244 1572 2529 1662 Prospe-

971 1671 1144 1738 ritas
1180 1673 1561 1742 stultorum
1585 1676 1824 1767 perdet
1855 1676 2041 1745 illos.

1061 1917 1093 1950 «
1144 1889 1405 1960 Beatus
1447 1893 1777 1984 populus.
1825 1919 1859 1959 ιι
1910 1892 2037 1962 llic
2096 1896 2393 1973 tertium,
2457 1896 2526 1962 in

970 2019 1108 2087 quo
1140 1996 1378 2068 definit
1408 1999 1574 2089 quid
1606 1999 1761 2070 inde
1801 2003 2030 2072 sentit.
2082 2001 2291 2082 Quasi
2342 2002 2529 2070 dice-

968 2118 1068 2179 ret
1112 2133 1128 2177 z
1177 2108 1293 2178 Sic
1322 2110 1529 2178 talem
1561 2110 1891 2202 populum
1932 2112 2206 2180 beatum
2266 2113 2521 2192 dicunt,

965 2217 1242 2309 vulguS,
1288 2217 1475 2308 quod
1504 2240 1633 2309 ego
1666 2241 1804 2287 non
1844 2220 2020 2288 dicO.
2057 2220 2202 2289 lmo
2250 2249 2282 2283 ιι
2308 2242 2527 2312 popu-

974 2326 1085 2394 Ius
1120 2350 1153 2391 ι
1197 2324 1312 2393 ille
1345 2350 1380 2391 a
1426 2324 1664 2396 beatus
1692 2355 1720 2391 n
1766 2336 1888 2407 est,
1929 2357 1960 2392 ιι
1996 2328 2201 2419 cujus
2237 2340 2334 2399 est
2379 2332 2525 2397 Do-

980 2437 1235 2513 minus,
1283 2463 1314 2500 »
1395 2436 1648 2505 iaciens
1723 2460 1841 2505 eos
1906 2437 1986 2507 de
2053 2436 2312 2506 familia
2372 2461 2521 2518 sua,

979 2571 1008 2608 ιι
1037 2546 1231 2612 Deus
1269 2543 1450 2634 ejus,
1496 2570 1530 2607 ιι
1564 2547 1930 2629 creatione,
1975 2554 2040 2614 et
2081 2548 2520 2615 recreatione.

965 2651 1128 2720 naec
1158 2659 1261 2720 est
1308 2654 1647 2721 sententia
1695 2654 1944 2744 reginae
1982 2652 2189 2738 Saba,
2225 2653 2315 2720 111
2352 2654 2520 2745 Reg.

967 2784 1035 2843 x,
1079 2762 1118 2828 8
1183 2780 1200 2830 ε
1244 2762 1448 2828 Beati
1479 2763 1610 2830 viri
1649 2763 1777 2842 tui,
1829 2772 1895 2830 et
1942 2760 2123 2830 beati
2156 2764 2333 2831 servi
2389 2763 2521 2848 tui,

967 2870 1093 2961 qui
1118 2879 1308 2938 stant
1338 2893 1569 2938 coram
1603 2879 1665 2938 te
1698 2894 1985 2963 semper.

1059 2978 1243 3047 Nota
1296 3003 1484 3073 ergo,
1541 2980 1724 3072 quod
1774 2979 2026 3048 divitiae
2074 3002 2209 3048 non
2239 2987 2524 3072 possunt

970 3087 1189 3159 lacere
1239 3088 1544 3160 beatum.
1611 3089 1869 3171 Primo,
1919 3092 2077 3183 quia
2108 3093 2243 3160 cito
2302 3101 2527 3161 trans-

969 3206 1160 3281 eunt,
1223 3198 1379 3279 Job,
1413 3222 1484 3282 v,
1520 3199 1559 3267 3
1595 3221 1610 3266 :
1660 3183 2139 3267 l'idi‘stultum
2175 3200 2386 3289 firma
2418 3223 2526 3267 ra·

967 3304 1141 3387 dice,
1175 3315 1241 3375 et
1279 3306 1623 3375 maledixi
1643 3306 2163 3399 pulchritudini
2190 3308 2344 3398 ejus
2387 3317 2527 3377 sta-

967 3416 1121 3484 tim.
1169 3412 1450 3484 Steriles
1503 3424 1687 3496 sunt,
1736 3418 1941 3484 etiam
1992 3423 2526 3507 quantumcum-

968 3547 1101 3617 que
1132 3524 1405 3605 durent,
1454 3522 1760 3615 Sapient.
1805 3547 1874 3606 v,
1915 3526 1956 3593 8
2001 3546 2016 3592 :
2091 3524 2281 3612 Quid
2327 3523 2525 3594 nobis

2643 919 2729 987 ad
2783 920 3270 991 beatitudinem
3347 923 3537 1013 regni
3620 921 3912 990 coelestis
3981 922 4203 1009 impe-

2644 1028 2863 1113 diunt,
2921 1031 3163 1099 Matth.
3213 1054 3353 1108 xlx,
3400 1032 3485 1098 24
3530 1051 3546 1100 τ
3599 1029 3917 1099 Facilius
3946 1039 4043 1096 est
4081 1050 4202 1093 ca-

2643 1138 2900 1205 melum
2932 1162 3058 1229 per
3080 1141 3396 1230 foramen
3432 1161 3596 1207 acus
3635 1139 3955 1217 transire,
3988 1157 4199 1227 quam

2644 1244 2922 1312 divitem
2987 1245 3245 1313 intrare
3332 1247 3401 1313 in
3478 1268 3767 1336 reqnum
3841 1242 4193 1311 coelorum.

2646 1350 2895 1419 Contra
2961 1359 3422 1442 possessorem
3481 1360 3689 1421 testes
3765 1358 3948 1430 sunt,
4013 1348 4199 1441 quod

2636 1483 2776 1527 non
2807 1459 3096 1530 debeant
3127 1464 3359 1554 recipi,
3391 1461 3630 1532 Jacob.
3675 1484 3743 1545 v,
3782 1461 3821 1528 3
3857 1482 3872 1526 ε
3925 1461 4196 1527 Aurum

2635 1579 2954 1651 vestrum,
3027 1581 3089 1637 et
3172 1581 3535 1662 arqentum
3621 1567 4065 1658 aeruqinavit‚
4136 1574 4199 1631 et

2633 1697 2863 1767 aeruqo
2894 1699 3128 1745 eorum
3162 1678 3230 1745 in
3284 1679 3750 1745 testimonium
3795 1672 3983 1743 vobis
4039 1673 4192 1739 erit.

2636 1779 2713 1848 ln
2746 1782 3084 1852 infernum
3115 1785 3494 1865 includunt,
3529 1793 3597 1854 et
3627 1782 3994 1874 sepeliunt,
4024 1779 4187 1848 Luc.

2634 1894 2894 1972 xv1,22
2942 1916 2956 1960 :
3008 1897 3326 1963 Mortuus
3353 1905 3448 1964 est
3489 1904 3720 1962 autem
3745 1904 3817 1962 et
3857 1892 4069 1976 dives,
4129 1901 4195 1959 et

2633 1997 2943 2088 sepultus
2983 2000 3053 2065 in
3102 2000 3397 2089 inferno.

2727 2102 2863 2172 Sed
2900 2104 3174 2174 beatum
3205 2107 3362 2174 iacit
3401 2106 3557 2175 fidei
3589 2105 3889 2185 auditus,
3937 2125 4187 2172 secun·
4215 2119 4370 2171 υιιιιιιι
4326 2123 4525 2179 nam-qu
4496 2120 4546 2166 ιιι

2635 2212 2799 2281 dum
2838 2214 3003 2283 illud
3034 2214 3553 2300 Proverb.v1n,
3596 2216 3732 2285 34:
3776 2216 4036 2282 Beatus
4060 2212 4188 2279 leo-
4267 2184 4487 2277 ‘be-ma.

2635 2345 2749 2390 mo
2778 2325 2900 2414 qui
2929 2324 3131 2392 audit
3169 2349 3296 2393 me.
3346 2325 3581 2394 Robur
3632 2325 3804 2416 spei,
3849 2321 4180 2392 Proverb.

2632 2453 2775 2515 xvi,
2817 2433 2901 2500 20
2938 2455 2953 2500 ε
3001 2433 3139 2517 Qui
3163 2443 3393 2525 sperat
3433 2435 3500 2501 in
3569 2434 3895 2514 Domino,
3951 2429 4188 2499 beatus

2633 2550 2752 2608 est.
2814 2539 3216 2610 Reverentia
3271 2542 3538 2610 timoris
3595 2540 3899 2618 Domini,
3971 2536 4179 2607 Eccli.

2634 2675 2794 2735 xxv,
2843 2654 2921 2721 ¹5
2957 2675 2972 2722 :
3021 2654 3275 2721 Beatus
3311 2653 3514 2721 homo
3554 2654 3668 2720 cui
3695 2652 4031 2719 donatum
4089 2657 4188 2715 est

2632 2760 2878 2830 habere
2932 2762 3244 2829 timorem
3291 2761 3603 2829 Domini.
3668 2758 3752 2826 Et
3800 2756 4189 2828 obedientia

2634 2868 3004 2948 charitatiS,
3052 2868 3374 2938 Proverb.
3456 2889 3644 2946 xxix,
3694 2868 3774 2934 18
3832 2888 3848 2934 ε
3897 2865 4037 2951 Qui
4077 2886 4191 2932 cu·

2631 2975 2844 3046 stodit
2873 2976 3112 3066 quem,
3147 2975 3409 3067 supple,
3445 2999 3528 3044 ex
3559 2974 3915 3053 charitate,
3951 2971 4190 3040 beatus

2635 3093 2756 3173 est,
2817 3082 3013 3154 aliter
3068 3107 3205 3152 non
3244 3092 3443 3153 esset.
3502 3082 3768 3151 Talium
3812 3081 3993 3150 enim
4035 3079 4189 3147 Do-

2634 3195 2862 3265 minus
2899 3203 3001 3264 est
3044 3217 3060 3263 :
3095 3203 3161 3264 et
3198 3194 3285 3262 ob
3318 3192 3447 3264 hoc
3486 3193 3667 3262 beati
3712 3201 3872 3262 sunt
3918 3191 4067 3281 jam
4120 3192 4189 3257 in

2636 3327 2781 3395 spe,
2841 3302 3272 3394 postmodum
3340 3300 3772 3372 beatificandi
3823 3300 3909 3369 ab
3968 3320 4049 3367 eo
4119 3320 4187 3366 re

2633 3413 2802 3504 ipsa,
2855 3413 3002 3504 ipso
3051 3420 3413 3503 praestante
3463 3412 3579 3503 qui
3629 3417 3733 3479 est
3791 3406 4190 3478 benedictus

2630 3540 2752 3609 per
2789 3518 3022 3587 omnia
3058 3516 3308 3587 saecula
3346 3514 3778 3586 saeculorum.
3824 3514 4074 3582 Amen.

2148 4066 2610 4143 PSALMUS
2673 4067 2802 4142 CX
2816 4069 2998 4142 LIV.

1296 4412 1680 4484 Canticum
1714 4410 1951 4483 laudis
1989 4433 2125 4505 quo
2151 4411 2655 4506 praedicantur
2682 4412 2825 4483 Dei
2850 4409 3135 4485 bonitas
3155 4421 3223 4483 et
3260 4412 3413 4484 alia
3443 4412 3839 4486 attributa.

1010 4835 1068 4883 1.
1124 4812 1485 4886 Laudatio
1514 4813 1655 4909 ipsi
1698 4816 1954 4890 David.

1139 4920 1497 4994 Exaltabo
1536 4940 1634 5012 te,
1689 4926 1885 4998 Deus
1913 4948 2124 4998 meus
2180 4947 2300 4999 rex
2361 4948 2380 4997 ε
2441 4944 2512 4999 et

1226 5030 1653 5105 benedicam
1686 5034 1963 5108 nomini
1999 5053 2125 5107 tuo
2167 5034 2239 5106 in
2280 5056 2508 5107 saecu-

1221 5139 1403 5227 lum,
1448 5159 1517 5213 et
1584 5141 1658 5214 in
1705 5144 2051 5216 saeculum
2082 5144 2350 5217 saeculi.

997 5265 1064 5316 α.
1122 5245 1264 5318 Per
1303 5246 1633 5341 singulos
1675 5250 1829 5322 dies
1876 5252 2294 5325 benedicam
2341 5252 2502 5335 tibi,

1220 5374 1290 5427 et
1321 5357 1634 5428 laudabo
1675 5380 1942 5431 nomen
1975 5380 2185 5432 tuum
2236 5362 2308 5433 in
2367 5381 2507 5431 sae-

1222 5464 1501 5548 culum,
1528 5484 1599 5538 et
1627 5464 1700 5538 in
1741 5468 2092 5540 saeculum
2114 5469 2384 5542 saeculi.

993 5568 1061 5642 3.
1113 5569 1431 5663 Magnus
1516 5574 1903 5662 Dominus,
1983 5594 2053 5648 et
2116 5575 2501 5649 laudabilis

1219 5677 1484 5752 nimis:
1519 5700 1591 5754 et
1617 5682 2145 5778 magnitudinis
2174 5684 2329 5775 ejus
2355 5707 2499 5758 non

1217 5806 1327 5860 est
1374 5787 1566 5861 finis.

991 5914 1064 5983 4.
1121 5892 1513 5970 Generatio
1563 5917 1632 5971 et
1723 5901 2093 5994 generatio
2178 5900 2502 5977 laudabit

2892 4838 3108 4912 opera
3141 4837 3289 4907 tua,
3358 4838 3430 4892 et
3495 4818 3900 4913 potentiam
3971 4836 4176 4892 tuam

2891 4928 3494 5020 pronuntiabunt.

2670 5037 2737 5106 5.
2788 5032 3403 5127 Magnificentiam
3458 5033 3708 5128 gloriae
3768 5034 4174 5107 sanctitatis

2890 5160 3031 5212 tuae
3068 5142 3486 5236 loquentur,
3531 5159 3601 5214 et
3660 5140 4021 5217 mirabilia
4052 5162 4177 5214 tua

2887 5249 3305 5322 narrabunt.

2661 5360 2731 5429 6.
2780 5356 2869 5429 Et
2927 5357 3263 5430 virtutem
3338 5359 3778 5432 terribilium
3869 5377 4167 5434 tuorum

2882 5466 3148 5552 dicent,
3190 5487 3259 5541 et
3305 5469 3891 5563 magnitudinem
3965 5488 4169 5544 tuam

2884 5575 3305 5651 narrabunt.

2663 5706 2731 5778 7.
2783 5683 3219 5757 Memoriam
3270 5686 3738 5762 abundantiae
3787 5687 4167 5762 suavitatis

2882 5810 3024 5865 tuae
3073 5794 3532 5880 eructabunt,
3584 5816 3654 5870 et
3714 5798 3992 5891 justitia
4041 5813 4167 5869 tua

2878 5901 3364 5978 exsultabunt.
