5008 6329
256 3352 306 3399 ln
349 3352 519 3409 quibus

223 3406 548 3463 consistitgto·

267 3462 502 3562 ῗὲιὲἱὲῧῗ

563 154 692 218 506

572 323 815 391 Gloria
859 321 1148 390 Domini
1196 320 1483 410 plenum
1567 326 1662 384 est
1711 338 1881 408 opus
1936 315 2114 406 ejus.

567 429 761 496 Hanc
790 426 1085 495 ostendit
1115 423 1575 515 praedicande,
1611 431 1676 491 et
1732 431 1971 491 notum
2015 423 2122 492 fa-

567 540 681 619 cit,
716 539 890 606 sicut
930 535 1233 626 Angelus
1277 534 1553 614 Jommi,
1618 534 1902 626 Apocal.
1971 558 2115 615 xxi,

575 649 651 713 lt)
694 655 760 713 et
794 646 867 712 11
911 666 926 712 ε
983 644 1295 714 Ostendit
1343 644 1518 712 milii
1561 645 1905 711 civitatem
1949 666 2120 711 san-

567 761 747 820 ctam
798 753 1209 836 Jerusalem,
1259 750 1760 819 descendentem
1826 749 1909 815 de
1954 749 2118 816 coelo

569 885 612 930 a
648 863 818 942 Deo,
851 862 1209 931 habentem
1256 861 1639 929 claritatem
1689 857 1843 925 Dei.

664 1205 698 1247 α
730 1183 1046 1271 Reqnum
1077 1187 1301 1246 tuum.
1343 1204 1375 1239 »
1418 1177 1547 1245 Hic
1575 1184 1678 1245 est
1733 1177 1916 1268 quod
1964 1199 2124 1268 per-

568 1290 739 1357 tinet
770 1288 856 1356 ad
889 1288 1257 1379 septimum
1287 1286 1543 1368 locum,
1587 1287 1843 1355 scilicet
1881 1287 1967 1356 ad
1994 1286 2124 1355 Dei

569 1394 1140 1488 magnitudinem,
1174 1393 1429 1462 scilicet
1465 1395 1658 1485 regni
1687 1395 1897 1485 ipsius
1934 1402 2126 1462 aeter-

568 1526 657 1571 na
704 1502 999 1586 durati0,
1053 1510 1121 1571 et
1167 1501 1472 1593 ejusdem
1525 1500 1928 1592 amplitude,
2000 1501 2118 1580 ibi,

571 1636 606 1677 a
637 1612 735 1679 Et
763 1611 1174 1679 dominatio,
1210 1636 1245 1672 n

656 1717 775 1787 Ait
803 1740 965 1809 ergo
1001 1739 1017 1786 :
1055 1716 1170 1786 Sic
1198 1723 1435 1785 notam
1474 1715 1721 1784 facient
1748 1714 2122 1784 terribilem

570 1829 892 1895 virtutem
932 1824 1448 1919 perj‘praedicta,
1514 1832 1583 1894 et
1620 1827 1826 1893 etiam
1871 1824 2123 1911 dicent,

572 1934 757 2026 quod
799 1960 834 2001 ι
876 1957 1166 2028 reqnum
1206 1944 1405 2002 tuum
1437 1960 1474 1998 n
1514 1941 1618 2003 est
1647 1958 1683 2001 ι
1717 1956 2031 2025 reqnum,
2085 1962 2118 1998 »ι

567 2064 705 2110 non
735 2041 941 2132 hujus
979 2042 1330 2134 temporis,
1360 2040 1479 2110 sed
1521 2067 1555 2104 α
1579 2041 1888 2109 omnium
1913 2064 2123 2110 soecu-

569 2151 823 2231 lorum,
872 2174 906 2216 ι»
978 2157 1046 2218 et
1107 2150 1206 2218 sic
1256 2157 1609 2218 aeternum.
1681 2147 1948 2217 Daniel.
2000 2172 2118 2227 vu,

572 2259 652 2326 14
687 2281 702 2325 :
747 2260 1064 2326 Potestas
1103 2256 1286 2346 ejus,
1312 2264 1615 2348 potestas
1650 2266 1928 2342 aetema,
1970 2279 2122 2349 quae

562 2388 697 2436 non
754 2367 1114 2457 auferetur
1142 2389 1166 2435 .-
1211 2375 1274 2434 et
1333 2388 1623 2457 reqnum
1687 2365 1866 2456 ejus,
1937 2368 2127 2458 quod

566 2498 703 2544 non
742 2486 1247 2568 corrumpetur.

664 2610 692 2647 α
731 2586 828 2653 Et
849 2583 1233 2653 dominatio
1255 2592 1403 2664 tua,
1441 2609 1476 2647 n
1520 2605 1659 2652 non
1692 2585 1762 2652 in
1793 2604 1933 2652 una
1963 2591 2125 2653 tan-

564 2698 710 2760 tum
741 2694 1208 2784 generatione,
1243 2691 1362 2759 sed
1413 2719 1448 2755 α
1483 2692 1554 2758 in
1601 2693 1791 2758 omni
1833 2714 2127 2784 qenero-

564 2799 745 2865 tione
814 2825 847 2861 n
892 2804 1171 2866 extensa
1264 2825 1295 2861 α
1370 2800 1440 2864 in
1500 2797 2031 2887 qenerationem.
2086 2824 2120 2866 ι»

566 2904 748 2972 Psal.
792 2927 976 2987 Lxxt,
1020 2905 1060 2973 8
1096 2926 1112 2972 ε
1166 2907 1265 2974 Et
1332 2904 1808 2973 dominabitur
1837 2930 1881 2975 a
1945 2909 2129 2975 mari

570 3036 782 3106 usque
819 3013 918 3084 ad
942 3036 1155 3083 mare.
1208 3014 1296 3083 Et
1324 3012 1514 3094 alibi,
1565 3014 1751 3085 Psal.
1822 3039 1936 3094 cu,
1992 3018 2069 3086 19
2105 3040 2121 3085 :

567 3124 663 3193 Et
726 3145 1017 3217 reqnum
1097 3125 1316 3218 ipsius
1364 3124 1687 3194 omnibus
1729 3123 2126 3196 dominabi-

568 3237 709 3304 tur.
787 3232 1055 3303 Daniel.
1143 3256 1236 3312 vt,
1330 3235 1411 3302 19
1447 3257 1463 3302 :
1522 3234 1769 3305 Omnes
1846 3237 2124 3329 populi,

577 3341 822 3421 tribus,
878 3351 943 3410 et
1019 3341 1278 3434 linquae
1340 3344 1634 3410 servient
1721 3344 1876 3435 ipsi.
1967 3343 2130 3414 Glo-

575 3449 675 3517 ria
710 3470 875 3540 ergo
905 3450 1099 3540 regni
1126 3447 1419 3518 coelestis
1450 3456 1575 3527 est,
1611 3456 1687 3516 ut
1714 3447 1824 3517 hic
1854 3449 2123 3532 dicitur,

572 3560 643 3626 in
698 3556 1081 3638 duratione,
1150 3565 1218 3627 et
1284 3556 1703 3642 dilatatione,
1762 3567 1828 3629 et
1882 3568 2128 3652 praeter

570 3663 703 3733 hoc
767 3665 839 3732 in
895 3662 1131 3733 multis
1206 3661 1383 3743 aliis,
1448 3686 1597 3755 quae
1662 3664 1774 3734 hio
1829 3667 2128 3735 notanda

570 3778 755 3841 sunt.
797 3771 1060 3849 Primo,
1105 3771 1176 3839 in
1234 3769 1611 3838 multorum
1668 3769 2123 3864 Angelorum,

569 3888 636 3950 et
682 3885 1074 3948 sanctorum
1140 3879 1490 3960 societate,
1559 3878 1666 3948 Ad
1721 3877 1933 3949 11ebr.
2003 3902 2122 3960 χιι,

567 3990 654 4057 22
690 4010 706 4057 :
737 3986 1128 4057 Accessistis
1155 3985 1254 4054 ad
1267 3986 1437 4056 Sion
1456 3996 1778 4067 montem,
1801 3996 1866 4055 et
1883 3989 2130 4058 civita-

571 4106 702 4166 tem
740 4095 878 4165 Dei
912 4094 1223 4173 viventis,
1261 4092 1652 4164 Jerusalem
1675 4095 2032 4175 coelestem,
2065 4106 2129 4165 et

574 4206 958 4274 multorum
1001 4203 1314 4272 millium
1350 4201 1775 4296 Anqelorum
1804 4204 2128 4296 frequen·

574 4312 772 4380 tiam.
813 4306 1082 4378 Daniel.
1142 4330 1262 4387 vu,
1339 4309 1471 4378 10:
1537 4307 1780 4377 Miltia
1816 4308 2124 4379 millium

576 4416 1073 4487 ministrabunt
1097 4415 1186 4496 ei,
1220 4426 1285 4485 et
1308 4416 1525 4486 decies
1567 4417 1826 4487 millies
1852 4427 2128 4487 centena

573 4524 807 4595 millia
845 4522 1257 4595 assistebant
1284 4524 1371 4592 ei.
1396 4522 1475 4594 In
1495 4524 1853 4616 sapientia,
1888 4532 1955 4596 et
1985 4548 2128 4596 cer·

572 4643 638 4705 ta
669 4634 982 4705 omnium
1010 4633 1430 4726 cognitione,
1459 4631 1591 4701 Isa.
1624 4657 1809 4715 xxvi,
1861 4634 1902 4702 3
1947 4657 1965 4704 ε
2005 4635 2130 4704 Ve-

570 4753 681 4812 tus
708 4764 900 4812 error
935 4739 1136 4820 abiit,
1168 4740 1418 4810 dicitur
1451 4763 1577 4832 pro
1616 4748 1797 4809 statu
1838 4739 1979 4811 illo.
2015 4740 2123 4823 ΕΙ,

568 4873 810 4930 xxxin,
868 4850 992 4918 19:
1044 4846 1404 4942 Populum
1445 4848 1946 4941 imprudentem
1990 4871 2126 4918 non

566 4958 849 5029 videbis.
911 4957 1323 5049 Gregorius:
1390 4981 1426 5024 ι
1493 4954 1675 5039 Quid
1769 4965 1871 5026 est
1942 4954 2125 5049 quod

573 5093 607 5135 α
651 5071 945 5161 ignoret,
981 5068 1099 5159 qui
1125 5064 1475 5135 videntem
1526 5066 1758 5134 omnia
1795 5062 1983 5133 videt
2009 5065 2046 5132 ‘l
2087 5090 2121 5127 a

570 5178 648 5246 ln
686 5176 876 5247 omni
905 5174 1439 5269 pulchritudine,
1483 5181 1549 5243 et
1574 5173 1842 5255 decore,
1873 5170 2119 5244 Matth.

568 5306 713 5362 xm,
765 5282 853 5352 43
889 5303 906 5351 ε
939 5280 1342 5373 Fulqebuut
1366 5278 1581 5371 justi,
1602 5281 1781 5350 sicut
1801 5278 1914 5348 sol
1935 5280 2005 5347 in
2027 5302 2128 5349 re·

566 5415 702 5486 qno
730 5391 968 5461 Patris
995 5412 1253 5460 eorum.
1290 5388 1470 5458 Dan.
1493 5411 1613 5472 χιι,
1649 5388 1732 5459 3:
1778 5388 1917 5475 Qui
1945 5387 2130 5458 docti

565 5496 857 5616 suerint,
927 5498 1306 5594 sulqebunt
1367 5500 1572 5592 quasi
1625 5498 1955 5595 splendor
2004 5500 2128 5590 fir-

1569 145 1647 208 D.
1704 143 1903 213 ΑΕΒ.
1955 146 2172 215 MAG.
2227 146 2432 215 ORD.
2489 148 2778 215 PRAED.

2224 322 2550 388 momenti
2579 320 2839 411 :etqui
2880 320 3361 409 adjustitiam
3411 323 3768 400 erudiunt,

2225 435 2349 497 etc.
2422 428 2497 495 ln
2571 428 2963 498 eorumdem
3023 428 3375 496 nobilitate
3421 450 3437 495 :
3531 451 3771 496 omnes

2225 535 2404 601 enim
2446 543 2640 603 erunt
2672 534 2787 602 tilii
2823 534 2971 610 Dei,
3005 533 3245 603 Matth.
3297 556 3366 610 v,
3403 536 3443 602 9
3488 555 3503 599 :
3565 534 3769 600 Beati

2218 645 2516 733 pacifici,
2569 646 2894 733 quoniam
2946 643 3091 731 filii
3141 644 3276 711 Dei
3311 639 3766 710 vocabuntur.

2223 747 2492 826 Joan.1,
2546 753 2670 817 12:
2715 751 2921 817 Dedit
2973 752 3065 817 eis
3107 759 3523 842 potestatem
3578 747 3772 835 filios

2226 857 2356 923 Dei
2388 857 2564 943 fieri.
2601 855 2677 923 ln
2707 857 3102 924 eorumdem
3151 857 3448 947 perfecta
3487 855 3775 924 liberta·-

2225 972 2318 1047 te,
2351 962 2458 1030 Ad
2488 962 2773 1030 Roman.
2807 986 2952 1042 vm,
3023 966 3102 1032 21
3143 985 3160 1030 :
3220 965 3559 1034 Creatura
3602 962 3778 1032 libe-

2227 1070 2496 1140 rabitur
2525 1096 2565 1137 a
2594 1073 2912 1140 servitute
2939 1072 3425 1163 corruptionis,
3459 1074 3534 1139 in
3566 1071 3777 1140 liber-

2228 1188 2433 1248 tatem
2459 1179 2699 1271 qloriae
2723 1179 3041 1268 filiorum
3077 1181 3221 1248 Dei.
3265 1180 3375 1248 Ad
3422 1178 3647 1248 Galat.
3673 1202 3767 1258 tv,

2227 1286 2313 1353 26
2356 1308 2372 1354 :
2414 1286 2557 1354 Illa
2586 1297 2813 1354 autem
2847 1308 2999 1378 quie
3025 1308 3301 1355 sursum
3346 1295 3444 1355 est
3486 1288 3776 1355 Jerusa-

2229 1394 2385 1478 lem,
2421 1393 2635 1462 libera
2672 1404 2810 1462 est:
2833 1417 2983 1485 quse
3012 1404 3108 1463 est
3138 1403 3358 1463 mater
3386 1403 3648 1462 nostra.
3695 1392 3772 1460 In

2227 1501 2411 1589 pacis
2439 1499 2947 1589 tranquillitate,
2982 1508 3048 1567 et
3085 1521 3357 1567 summa
3376 1497 3774 1575 concordia,

2229 1605 2431 1686 lnl'ra,
2475 1608 2542 1675 in
2600 1605 2779 1674 Psal.
2834 1629 3078 1685 cxnvn,
3146 1608 3279 1676 14:
3344 1608 3482 1693 Qui
3538 1608 3777 1699 posuit

2225 1715 2395 1805 fines
2429 1725 2581 1782 tuos
2602 1737 2863 1806 pacem.
2907 1714 3035 1782 lsa.
3096 1737 3315 1796 xxxu,
3371 1716 3451 1784 18
3489 1737 3504 1781 :
3566 1714 3779 1785 Sede-

2230 1821 2329 1890 bit
2349 1822 2654 1914 populus
2700 1823 2771 1889 in
2836 1821 3361 1913 pulchritudine
3412 1824 3633 1914 pacis.
3697 1819 3775 1888 In
3818 1851 3821 1854 ’

2230 1930 2538 1999 omnium
2567 1927 2901 1997 bonorum
2933 1927 3349 1998 abundantia
3378 1937 3444 1998 et
3485 1928 3778 2021 plenitu-

2229 2036 2408 2116 dine,
2443 2035 2688 2127 Supra,
2723 2036 2791 2103 in
2823 2034 3003 2103 Psal.
3047 2058 3229 2113 wa,
3262 2037 3301 2106 5
3349 2059 3363 2104 τ
3398 2035 3786 2129 Replebun-

2230 2157 2345 2213 tur
2375 2148 2442 2213 in
2476 2144 2664 2212 bonis
2701 2144 2944 2214 domus
2974 2153 3130 2214 tuae.
3155 2144 3240 2213 Et
3269 2145 3541 2223 iterum,
3595 2144 3779 2214 Psal.

2231 2276 2367 2331 xvi,
2413 2256 2487 2322 15
2535 2276 2549 2320 ε
2584 2251 2907 2322 Satiabor
2934 2275 3084 2322 cum
3108 2254 3515 2346 apparuerit
3548 2254 3783 2346 qloria

2232 2373 2377 2431 tua.

2324 2607 2358 2649 α
2416 2583 2677 2652 Fidelis
2739 2582 3099 2653 Dominus.
3175 2609 3209 2643 »ι
3310 2581 3442 2650 Hic
3488 2582 3782 2673 explicat

2234 2690 2416 2782 quod
2443 2692 2729 2781 pertinet
2759 2690 2841 2759 ad
2872 2698 3187 2759 octavum
3227 2689 3482 2769 locum,
3527 2690 3784 2760 scilicet

2234 2797 2318 2866 ad
2372 2797 2829 2868 abundantem
2903 2801 3308 2868 suavitatem
3352 2820 3369 2866 :
3478 2807 3547 2868 et
3620 2806 3781 2867 sunt

2234 2913 2548 2997 quatuor.
2583 2906 2898 2975 Fidelitas
2925 2908 2994 2974 in
3025 2905 3369 2977 reddendo
3401 2905 3588 3000 quod
3618 2929 3781 2998 pro-

2237 3015 2465 3084 mittit.
2512 3015 2846 3084 Sanctitas
2882 3016 2954 3084 in
2983 3015 3406 3107 purificando
3448 3013 3782 3108 quidquid

2235 3123 2416 3204 tacit,
2460 3125 2576 3204 ibi,
2614 3149 2648 3192 α
2680 3125 2774 3194 Et
2798 3134 3097 3194 sanctus.
3145 3149 3178 3191 ι
3239 3123 3644 3216 Benignitas
3708 3125 3779 3193 in

2236 3234 2538 3305 cavendo
2570 3234 2662 3302 illi
2693 3236 2805 3326 qui
2838 3255 3032 3303 ruere
3082 3233 3344 3325 incipit,
3376 3257 3465 3303 ne
3508 3234 3787 3325 penitus

2238 3351 2409 3419 ruat,
2443 3342 2563 3422 ibi,
2595 3350 2657 3419 5.
2701 3342 2778 3410 14
2810 3363 2826 3409 :
2856 3366 2890 3408 α
2920 3339 3199 3411 Allevat
3226 3341 3596 3410 Dominus.
3632 3367 3668 3405 ι)
3699 3340 3787 3409 Et

2236 3451 2529 3543 perfecta
2568 3452 2807 3542 pietas,
2867 3451 2935 3517 in
2975 3447 3341 3518 relevando
3394 3447 3589 3517 illum
3667 3450 3781 3541 qui

2227 3561 2373 3650 jam
2403 3561 2664 3640 cecidit,
2696 3569 2760 3630 et
2788 3560 3111 3652 peccavit,
3146 3558 3263 3639 ibi,
3294 3584 3328 3626 α
3352 3561 3450 3628 Et
3474 3558 3707 3650 eriqit.
3738 3583 3771 3624 ι

2327 3668 2504 3739 Dicit
2541 3691 2702 3760 ergo
2738 3691 2753 3736 :
2800 3667 2913 3737 Sic
2937 3666 3328 3736 laudabitur
3381 3690 3467 3735 ex
3504 3667 3591 3735 iis
3630 3687 3781 3759 quae

2234 3777 2573 3869 pertinent
2608 3774 2692 3843 ad
2720 3774 2843 3843 Dei
2873 3773 3444 3865 magnitudinem,
3475 3781 3545 3842 et
3572 3775 3779 3843 etiam

2235 3911 2321 3957 ex
2357 3889 2439 3957 iis
2477 3909 2627 3980 quae
2657 3886 2738 3954 ad
2776 3887 3209 3955 suavitatem.
3244 3885 3488 3955 Dicent
3533 3887 3723 3955 enim
3762 3907 3779 3952 ε

2243 4026 2276 4059 α
2341 3994 2603 4065 Fidelis
2656 3993 2994 4062 Dominus
3049 3993 3120 4061 in
3180 3991 3501 4061 omnibus
3564 3990 3786 4061 verbis

2234 4105 2405 4183 suis,
2443 4128 2477 4166 n
2501 4110 2574 4170 ut
2605 4103 2877 4193 impleat
2899 4102 3169 4192 penitus
3208 4100 3393 4194 quod
3415 4101 3776 4192 promittit.

2235 4210 2513 4279 Denter.
2557 4231 2766 4289 xxxin,
2798 4209 2887 4275 4:
2947 4211 3136 4277 Deus
3185 4207 3443 4297 fidelis,
3493 4216 3558 4276 et
3624 4207 3785 4277 abs-

2236 4341 2367 4411 que
2394 4315 2551 4386 ulla
2579 4317 2961 4409 iniquitate,
2973 4314 3219 4407 justus
3241 4325 3306 4383 et
3353 4324 3599 4386 rectus.
3634 4314 3788 4383 Nu-

2236 4447 2405 4494 mer.
2447 4446 2638 4507 xxm,
2680 4424 2756 4492 19
2790 4445 2807 4490 :
2849 4425 3001 4493 Non
3031 4429 3127 4491 est
3152 4424 3343 4492 Deus
3397 4421 3604 4514 quasi
3655 4421 3787 4490 ho-

2239 4556 2372 4609 mo,
2417 4542 2492 4599 ut
2522 4531 2914 4609 mentiatur,
2956 4551 3075 4598 nec
3111 4537 3189 4596 ut
3212 4527 3414 4618 filius
3449 4527 3781 4607 hominis,

2240 4648 2316 4707 ut
2345 4649 2668 4708 nnetetur.
2710 4637 2816 4707 Ad
2846 4635 3135 4705 Roman.
3171 4657 3269 4715 m,
3315 4635 3353 4702 4
3387 4655 3403 4704 ε
3470 4636 3603 4705 Est
3653 4658 3790 4705 au-

2236 4756 2370 4815 tem
2418 4748 2603 4815 Deus
2669 4766 2875 4813 verax
2903 4766 2926 4811 .·
2992 4742 3214 4811 omnis
3290 4749 3524 4810 autem
3582 4741 3788 4811 homo

2238 4853 2558 4923 mendas.
2608 4851 2634 4919 1
2701 4850 2785 4919 ad
2851 4846 3159 4920 Corinth.
3211 4870 3282 4928 x,
3323 4847 3400 4918 13
3433 4868 3451 4915 :
3521 4848 3791 4918 Fidelis

2237 4965 2448 5039 Deus,
2479 4961 2603 5052 qui
2637 4981 2771 5027 non
2796 4957 3104 5050 potietur
3131 4976 3249 5023 vos
3277 4955 3533 5025 tentari
3567 4977 3786 5048 supra

2241 5068 2318 5137 id
2340 5066 2530 5161 quod
2540 5066 2841 5158 potestiS.

2331 5204 2362 5240 α
2412 5176 2501 5243 Et
2534 5182 2831 5251 sanctus,
2886 5195 2920 5237 ι»
2956 5169 3218 5250 firmus,
3266 5178 3331 5239 et
3370 5192 3610 5261 purus,
3646 5195 3682 5235 ι
3717 5170 3791 5239 in

2238 5285 2554 5355 omnibus
2580 5280 2893 5376 operibus
2928 5280 3097 5360 suis,
3135 5307 3168 5344 ι»
3212 5303 3355 5351 non
3392 5280 3570 5348 sicut
3633 5302 3787 5358 neS,

2240 5393 2356 5487 qui
2384 5392 2441 5463 si
2472 5389 2700 5461 fideles
2763 5410 2999 5458 sumus
3054 5388 3125 5458 in
3190 5384 3540 5457 reddendo
3606 5386 3793 5482 quod

2237 5499 2704 5592 promisimus,
2760 5503 2990 5565 tamen
3047 5491 3340 5563 multum
3439 5494 3789 5587 impurum
