5008 6329
677 318 808 389 426

688 511 838 557 rum
878 500 1033 559 sunt
1064 492 1262 581 primi
1307 501 1561 573 motus,
1620 493 1943 562 ultimum
2000 502 2229 562 autem

682 606 932 664 aeterna
962 596 1304 666 damnatio
1334 623 1349 666 2
1394 601 1514 669 sed
1580 603 1883 672 medium
1942 613 2012 672 et
2076 626 2230 695 pro·

683 726 951 793 gressus
984 714 1083 773 est
1113 728 1508 789 consensuS,
1545 719 1736 779 actus
1774 712 2225 780 consuetudo.

687 809 822 877 Sed
849 812 933 879 ab
964 812 1092 883 hoc
1124 817 1347 887 medio
1380 820 1719 888 Dominus
1758 844 1920 888 suos
1959 819 2225 895 liberat,

684 925 757 983 ut
787 941 925 988 non
945 937 1356 1005 assuescant,
1389 929 1527 995 imo
1561 937 1634 995 ut
1662 950 1803 995 non
1832 936 2064 1017 agant,
2090 927 2230 993 imo

683 1025 753 1092 in
791 1029 989 1099 corde
1027 1054 1165 1100 non
1197 1036 1669 1102 consentiant:
1716 1042 1783 1102 et
1819 1035 1918 1101 sic
1965 1033 2234 1101 annihi-

682 1131 926 1214 lantur,
964 1146 1204 1205 utnon
1264 1140 1501 1206 vivant
1564 1140 1768 1230 primi
1842 1149 2095 1219 motus,
2166 1149 2233 1208 et

684 1241 1093 1310 occidantur.
1139 1243 1569 1336 Quapropter
1624 1257 1700 1315 ut
1737 1246 1869 1316 hoc
1924 1248 2228 1317 medium

679 1348 1043 1435 fugiamus,
1115 1351 1360 1420 clamat
1387 1353 1768 1435 Zacharias,
1811 1354 2090 1424 Zachar.
2153 1379 2223 1435 11,

681 1457 720 1521 6
753 1464 818 1523 et
855 1459 935 1524 7:
972 1459 1051 1537 O,
1095 1482 1158 1538 o,
1199 1462 1428 1551 suqite
1455 1463 1539 1529 de
1567 1475 1750 1530 terra
1769 1464 2224 1553 Aquilonis...

685 1563 743 1631 0
778 1565 945 1632 Sion
975 1570 1005 1633 !
1027 1570 1218 1657 suqe,
1261 1592 1414 1658 quae
1448 1570 1724 1638 habitas
1777 1571 1973 1661 apud
1994 1571 2227 1660 filiam

682 1670 1082 1762 Babylonis.

771 2017 805 2058 ι
833 1993 914 2062 In
944 2017 1157 2063 manu
1187 1999 1476 2087 potenti.
1513 2022 1547 2064 ι
1600 1997 1772 2066 Ecce
1811 1999 2216 2081 secundum,

679 2102 748 2168 in
776 2123 911 2192 quo
941 2103 1233 2171 ostendit
1271 2104 1341 2171 in
1381 2128 1519 2196 quo
1555 2106 1684 2173 fuit
1738 2106 1854 2175 illa
1918 2108 2216 2190 educti0,

676 2230 793 2275 seu
828 2212 1183 2300 separatio,
1263 2213 1421 2302 quia
1472 2214 1539 2280 in
1577 2213 1870 2282 duobus.
1944 2214 2021 2283 In
2061 2238 2221 2307 ope-

676 2319 932 2386 ratione
970 2320 1122 2387 forti
1165 2343 1313 2411 quae
1371 2322 1794 2412 significatur
1858 2325 1930 2391 in
2000 2347 2218 2393 manu

668 2427 951 2513 potenti.
988 2425 1064 2493 In
1094 2429 1396 2517 potentia
1416 2429 1772 2520 singulari,
1807 2453 1961 2521 quae
2001 2431 2220 2523 signi-

675 2530 912 2600 ficatur
978 2535 1049 2600 in
1107 2533 1381 2603 brachio
1438 2538 1723 2605 excelso.
1807 2536 2029 2607 Fortis
2092 2539 2219 2607 tuit

673 2641 997 2729 operatiO,
1023 2664 1177 2709 cum
1207 2664 1349 2722 eoS,
1384 2643 1636 2712 vellent
1658 2644 1917 2713 nollent
1945 2645 2219 2739 AEgyp-

674 2746 772 2825 tii,
807 2746 1148 2816 licentiam
1182 2748 1435 2817 habere
1492 2751 1650 2819 fecit
1698 2754 2057 2822 recedendi
2101 2777 2225 2845 per

671 2876 917 2923 novem
975 2856 1232 2947 plagas,
1292 2858 1409 2926 sed
1473 2860 1780 2949 potentia
1824 2860 2213 2953 singulari3‚

672 2963 942 3053 quando
961 2988 1076 3033 eos
1089 2989 1239 3034 com
1248 2966 1575 3056 pellifecit
1590 2967 1677 3036 ad
1691 2970 2081 3039 exeundum
2096 2994 2217 3063 per

672 3069 1028 3139 decimam.
1075 3070 1535 3163 Spiritualiter
1582 3084 1812 3145 autem
1856 3075 2215 3147 brachium

669 3188 733 3248 et
774 3203 1013 3249 manus
1049 3190 1150 3251 est
1181 3181 1300 3250 Dei
1335 3183 1567 3254 Filius.
1603 3185 1873 3266 Manus,
1900 3189 2209 3278 inquam,

671 3309 872 3378 quam
906 3289 1174 3379 petebat
1214 3289 1456 3374 David,
1495 3294 1561 3360 in
1613 3293 1795 3361 Psal.
1866 3317 2088 3373 cxmu,
2115 3297 2154 3363 ‘1
2190 3317 2206 3361 :

666 3396 925 3463 Emitte
944 3419 1225 3465 manum
1248 3407 1441 3467 tuam
1470 3401 1553 3468 de
1582 3401 1754 3469 alto.
1792 3401 1979 3471 Idem
2003 3404 2208 3471 etiam

666 3502 719 3570 F
722 3503 875 3571 ilius
903 3513 1001 3573 est
1039 3506 1420 3577 brachium.
1467 3509 1601 3578 Isa.
1642 3533 1782 3594 mu,
1822 3512 1849 3578 1
1892 3532 1909 3578 ε
1942 3513 2040 3579 Et
2062 3510 2215 3579 bra-

665 3609 894 3678 chium
939 3613 1248 3692 Domini,
1324 3617 1440 3682 cui
1493 3617 1873 3685 revelatum
1932 3627 2031 3685 est
2063 3615 2211 3685 ?1n

666 3715 792 3786 hac
820 3728 1043 3788 autem
1084 3744 1318 3800 manu,
1380 3732 1446 3791 et
1495 3725 1563 3791 in
1593 3722 1726 3793 hoc
1764 3722 2046 3793 brachio
2085 3747 2213 3793 cx-

672 3824 877 3906 celso,
920 3826 1049 3897 hoc
1077 3838 1209 3907 est,
1247 3832 1315 3898 in
1365 3854 1563 3900 cruce
1631 3831 1922 3914 elevato,
1967 3833 2212 3901 Domi-

666 3955 793 4000 nus
855 3957 1015 4003 suos
1079 3936 1311 4005 eduxit
1386 3938 1469 4006 de
1548 3939 1856 4031 AEgypto
1921 3941 2204 4032 peccati.

666 4039 877 4109 Exod.
914 4066 1005 4122 vt,
1038 4047 1120 4112 6:
1149 4046 1445 4124 Eruam,
1487 4069 1615 4115 vos
1644 4047 1924 4123 scilicet.
1956 4049 2042 4117 de
2074 4072 2210 4117 ser-

662 4148 900 4231 vitute,
958 4174 1038 4218 ac
1087 4151 1423 4218 redimam
1473 4154 1545 4220 in
1598 4151 1875 4221 brachio
1913 4155 2199 4224 excelso.

667 4253 796 4322 lsa.
831 4278 991 4333 xxx,
1040 4258 1160 4325 18:
1204 4258 1669 4327 Exultabitur
1720 4257 1871 4328 haec
1925 4283 2200 4342 manus,

660 4368 727 4428 et
780 4358 912 4430 hoc
959 4360 1313 4431 brachium
1387 4386 1680 4456 parcens
1760 4364 1976 4448 vobis,
2059 4368 2201 4437 imo

662 4467 845 4556 quod
905 4468 1060 4559 plus
1125 4478 1254 4551 est,
1335 4470 1422 4539 ad
1498 4494 1794 4565 superna
1885 4472 2195 4546 trahens.

655 4573 856 4646 Joan.
924 4598 1044 4661 ιιι,
1113 4577 1198 4646 32
1262 4600 1278 4646 :
1355 4580 1451 4647 Et
1514 4602 1638 4671 eqo
1710 4582 1776 4649 si
1841 4583 2200 4654 exaltatus

654 4687 853 4775 suero
909 4710 951 4752 a
1025 4696 1229 4765 terra,
1273 4689 1508 4756 omnia
1555 4689 1834 4758 traham
1895 4692 1996 4760 ad
2055 4716 2203 4762 me-

653 4791 902 4881 ipsum.

751 5146 784 5181 «
820 5120 956 5204 Qui
982 5117 1238 5187 divisit.
1277 5142 1311 5184 ι
1378 5118 1507 5187 Hic
1551 5119 1856 5211 tangitur
1920 5121 2196 5189 tertium

658 5224 1082 5303 beneficium,
1141 5225 1400 5294 scilicet
1472 5225 1789 5294 deductio
1846 5237 2195 5317 separato·

654 5355 806 5399 rum
845 5354 965 5422 per
1009 5355 1194 5401 mare
1234 5332 1567 5401 Rubrum.
1639 5332 1725 5401 Et
1767 5335 2015 5423 primo,
2059 5356 2199 5404 ma-

652 5440 744 5508 ris
771 5441 1171 5531 praeparatio
1226 5425 1349 5533 per
1376 5440 1809 5509 divisionem.
1847 5441 2193 5526 Secunde,

720 5676 739 5712 ¹
770 5673 855 5732 Gt.
887 5669 1066 5732 Exod.
1095 5687 1190 5746 xv,
1216 5672 1287 5730 2³
1316 5677 1379 5730 et
1404 5690 1532 5748 seq.

1662 326 1745 393 D.
1795 325 1994 392 ALB.
2052 324 2268 392 MAG.
2321 324 2529 391 0131).
2583 324 2878 393 PRAED.

2338 493 2651 563 deductio
2706 516 2829 583 per
2881 498 3358 583 praeparatum,
3420 487 3538 565 ibi,
3616 495 3680 563 ᾗ.
3748 486 3880 551 14:

2342 630 2374 670 α
2408 607 2507 672 El
2542 603 2804 671 eduxit.
2842 628 2876 665 n

2428 712 2612 779 Dicit
2641 733 2803 802 ergo
2831 733 2844 776 ε
2893 708 3007 778 Sic
3034 707 3352 798 praedicta
3389 701 3733 771 exhibenti
3759 698 3884 765 be-

2337 821 2491 888 ficia
2518 821 2938 889 confitemini
2983 841 2998 887 :
3048 828 3115 887 et
3177 818 3382 886 etiam
3425 811 3520 879 illi
3558 841 3590 874 α
3625 811 3748 900 qui
3773 810 3884 874 di-

2339 929 2498 993 visit
2538 950 2728 994 mare
2755 926 3099 1004 Rubrum,
3131 952 3160 988 n
3250 945 3390 990 non
3426 921 3496 987 in
3545 940 3682 985 uno
3733 915 3881 983 loco

2337 1042 2635 1113 tantum,
2669 1034 2788 1101 sed
2831 1059 2863 1099 α
2899 1034 2972 1100 in
3004 1032 3392 1106 divisiones,
3420 1054 3453 1092 ιι
3497 1025 3878 1102 duodecim,

2339 1143 2512 1210 sicut
2539 1141 2686 1208 vult
2740 1140 3000 1218 Glossa,
3036 1146 3314 1230 propter
3358 1133 3718 1202 duodecim
3756 1131 3885 1197 tri-

2338 1249 2487 1331 bus,
2523 1256 2598 1315 ut
2626 1246 2944 1340 quaelibet
2979 1243 3445 1335 ingrederetur
3475 1239 3880 1307 divisionem

2338 1378 2556 1424 suam.
2601 1353 2819 1422 Exod.
2857 1375 2999 1430 xus,
3060 1352 3188 1418 21:
3240 1350 3483 1416 Divisa
3523 1356 3622 1413 est
3667 1366 3876 1434 aqua,

2334 1478 2398 1533 et
2424 1465 2710 1554 inqressi
2755 1471 2916 1531 sunt
2968 1461 3113 1550 filii
3147 1459 3373 1527 Israel
3399 1479 3525 1549 per
3578 1454 3881 1522 medium

2333 1574 2494 1640 sicci
2521 1573 2758 1639 maris.

2422 1920 2456 1956 «
2487 1893 2585 1960 Et
2638 1888 2878 1956 eduxit
2920 1882 3163 1953 Israel.
3202 1906 3238 1944 n
3269 1878 3440 1947 Ecce
3475 1873 3874 1945 secundum.

2417 1998 2626 2079 Quasi
2659 1997 2911 2065 diceret
2953 2017 2969 2061 τ
3021 1991 3137 2059 Sic
3191 1987 3421 2057 divisit
3464 2006 3678 2063 mare,
3721 2009 3753 2043 «ι
3815 1989 3881 2047 et

2325 2109 2566 2178 eduxit
2614 2105 2837 2176 Israel
2904 2125 3034 2196 per
3059 2099 3361 2169 medium
3391 2096 3570 2186 ejus,
3634 2118 3668 2160 ι
3703 2094 3879 2159 sicco

2326 2218 2518 2311 pede.
2547 2217 2852 2307 Sapient.
2884 2237 2953 2298 x,
2993 2212 3074 2281 18
3109 2234 3125 2280 ι
3164 2204 3544 2279 Transtulit
3572 2203 3736 2271 illos
3759 2222 3885 2292 per

2325 2349 2517 2395 mare
2596 2323 2936 2399 Rubrum,
2997 2330 3062 2388 et
3116 2314 3492 2385 transvexit
3551 2311 3718 2377 illos
3751 2330 3880 2400 per

2325 2457 2583 2527 aquam
2654 2432 2971 2500 nimiam.
3034 2427 3164 2495 Isa.
3223 2447 3410 2502 ιιιιιι,
3460 2422 3598 2487 16:
3669 2416 3877 2486 Dedit

2325 2546 2396 2610 in
2442 2542 2627 2610 mari
2670 2542 2882 2618 viam,
2955 2544 3018 2603 et
3073 2536 3145 2602 in
3209 2532 3408 2623 aquis
3463 2523 3875 2595 torrentibus

2321 2653 2661 2720 semitam.
2725 2647 2919 2716 Sicut
2963 2644 3150 2712 Deus
3190 2661 3378 2708 mare
3416 2631 3872 2704 tribulationis

2320 2757 2479 2824 facit
2550 2774 2865 2845 parvum,
2970 2746 3156 2840 quod
3230 2744 3434 2812 etiam
3524 2737 3871 2829 signitica-

2321 2873 2467 2933 tum
2523 2862 2673 2945 tuit,
2709 2846 2976 2928 Daniel.
3024 2878 3122 2934 m,
3191 2855 3304 2932 50,
3366 2849 3478 2917 ubi
3525 2847 3690 2938 lecit
3739 2867 3872 2911 me-

2320 2974 2517 3041 dium
2570 2969 2878 3061 fornacis
2903 2965 3107 3058 quasi
3146 2972 3421 3031 ventum
3476 2957 3653 3026 roris
3678 2956 3872 3045 flan-

2320 3092 2475 3149 tem.
2550 3075 2969 3167 Principium
3040 3071 3249 3139 maris
3314 3075 3382 3135 et
3435 3064 3727 3133 fornacis
3770 3065 3875 3128 est

2318 3184 2867 3278 culpa,ultimum
2904 3189 3007 3249 est
3030 3177 3345 3269 gehenna
3375 3172 3538 3242 :sed
3567 3169 3870 3239 medium

2319 3303 2418 3364 est
2449 3291 2844 3385 poenitentia
2892 3298 2959 3357 et
2989 3284 3339 3355 tribulatio
3370 3304 3493 3372 pro
3525 3280 3814 3371 peccatis
3848 3298 3864 3344 ε

2319 3402 2437 3471 sed
2478 3401 2663 3468 Deus
2722 3399 3067 3466 fornacem
3127 3392 3396 3483 mitigat
3451 3411 3571 3479 per
3634 3387 3868 3476 Ange-

2321 3510 2464 3578 lum
2528 3530 2730 3600 quem
2799 3504 3031 3582 mittit,
3066 3502 3132 3570 id
3164 3510 3289 3578 est,
3357 3521 3479 3589 per
3529 3519 3718 3586 spem
3767 3516 3870 3561 sa-

2317 3617 2499 3696 lutis,
2572 3636 2775 3706 quam
2828 3609 3142 3680 infundit.
3201 3607 3305 3674 Ad
3380 3605 3668 3673 Roman.
3721 3626 3864 3680 vm,

2316 3727 2451 3795 24:
2501 3727 2641 3818 Spe
2701 3721 2885 3791 salvi
2927 3720 3106 3811 lacti
3164 3739 3424 3785 sumus.
3487 3713 3570 3781 Et
3624 3712 3869 3780 amari-

2315 3833 2621 3902 tudinem
2662 3830 2733 3899 in
2762 3827 3192 3898 dulcedinem
3223 3823 3581 3904 convertit,
3615 3820 3867 3888 immit-

2313 3942 2520 4011 tendo
2573 3939 2867 4032 lignum.
2897 3934 3304 4005 memoriam
3356 3931 3610 4001 scilicet
3646 3929 3864 3998 crucis

2312 4058 2379 4118 et
2435 4048 2726 4141 propriae
2763 4045 3127 4137 passionis,
3196 4043 3368 4110 sicut
3423 4062 3619 4130 aquae
3677 4037 3864 4105 Mara

2316 4158 2545 4227 dulces
2597 4156 2787 4223 tactae
2860 4159 3021 4221 sunt
3075 4172 3198 4242 per
3250 4148 3418 4238 ligni
3474 4145 3865 4237 impositio-

2309 4265 2538 4334 nem⁸.

2398 4608 2433 4649 ι
2473 4584 2569 4651 Et
2605 4580 2902 4649 est-cussit
2928 4576 3392 4648 Pharaonem.
3428 4598 3464 4640 ι
3506 4572 3635 4642 nic
3663 4593 3864 4663 quar·

2309 4700 2456 4760 tum
2493 4686 2899 4758 beneficium
2965 4692 3197 4776 aperte
3227 4683 3556 4775 tangitur,
3606 4680 3861 4750 scilicet

2302 4797 2737 4866 inimicorum
2802 4790 3187 4862 suffocatio.

2396 4903 2509 4972 Ait
2563 4902 2746 4972 enim
2789 4920 2806 4969 ε
2872 4897 2988 4967 Sic
3058 4918 3247 4968 mare
3284 4896 3539 4973 divisit,
3600 4903 3665 4963 et
3706 4894 3858 4962 illos

2300 5010 2680 5081 transduxit
2714 5031 2731 5077 ε
2764 5016 2831 5077 et
2867 5006 3211 5098 posthoc,
3258 5036 3292 5072 «ι
3322 5005 3618 5074 excussit
3676 5002 3862 5071 Plea-

2303 5144 2605 5201 raonem,
2652 5145 2686 5187 ι
2751 5141 2877 5211 per
2913 5117 3224 5187 eamdem
3261 5118 3446 5185 viam
3487 5116 3858 5203 insequen-

2300 5238 2466 5314 tem,
2531 5255 2566 5296 ι
2642 5238 2708 5296 et
2786 5229 3112 5296 virtutem
3168 5225 3351 5315 ejus,
3405 5247 3439 5289 ι
3480 5222 3854 5291 exercitum

2301 5339 2556 5408 scilicet
2583 5360 2812 5420 suum,
2848 5363 2883 5404 ι
2907 5338 2981 5404 in
3010 5335 3196 5404 mari
3228 5332 3489 5403 Rubro.
3536 5359 3570 5394 n
3629 5329 3848 5399 Exod.

2298 5469 2416 5532 xv,
2446 5448 2490 5516 t
2530 5468 2548 5514 ε
2588 5445 2848 5516 Currus
2899 5441 3320 5522 Pharaonis,
3364 5449 3428 5509 et
3480 5439 3852 5509 exercitum

3997 1909 4124 1976 14

3987 4586 4116 4654 15
