5008 6329
779 3304 908 3351 Deua
947 3307 1101 3354 ntum·

775 3361 863 3458 :¹:2²

1842 310 2560 389 COMMENTARIUS
2610 319 2705 385 IN
2753 322 3190 394 PSALMUM
3241 326 3694 400 CXXXVIII.

1260 494 1294 536 ι
1342 475 1441 541 Tu
1486 483 1885 570 coqnovz'sti.
1945 511 1980 549 »
2031 485 2162 554 Hic
2209 489 2592 557 ostenditur
2653 493 2723 557 in

1164 575 1309 645 Deo
1377 587 1677 676 cognitio
1747 593 2291 681 approbationiS,
2352 603 2419 662 et
2500 600 2725 685 tangit

1163 680 1323 764 duo,
1369 710 1521 778 quae
1579 695 1914 784 approbat
1958 697 2144 763 Deus
2189 699 2260 763 in
2299 720 2463 765 vero
2496 702 2723 789 poeni-

1160 796 1367 875 tente,
1400 794 1884 884 humilitatem,
1921 809 1986 868 et
2014 804 2429 871 erectionem
2461 808 2567 873 sui
2635 807 2721 874 ad

1026 935 1031 940 ·
1158 905 1434 969 aeterna.
1497 903 1811 972 Primum
1858 907 2287 997 significatur
2342 913 2412 978 in
2461 915 2718 982 sessio-

866 3363 958 3405 ttor
986 3375 1098 3418 pro·

885 3424 1100 3463 110610..

1155 1028 1264 1072 ne.
1358 1007 1778 1095 Secundum,
1859 1015 1930 1080 in
2024 1020 2545 1088 resurrectione.
2635 1021 2714 1089 In

1152 1111 1419 1182 Christo
1450 1125 1679 1186 autem
1721 1121 1941 1210 capite
1998 1125 2425 1215 significatur
2468 1151 2715 1219 appro-

1148 1216 1335 1287 batio
1373 1224 1736 1311 passioniS,
1781 1235 1848 1294 et
1877 1235 2425 1301 resurrectionis

1235 1326 1352 1394 Ait
1381 1330 1565 1396 enim
1610 1353 1627 1398 :
1673 1331 1791 1401 Sic
1816 1337 2120 1427 probasti
2172 1362 2311 1423 me,
2354 1350 2421 1410 et
2457 1365 2713 1433 cogno-

1144 1434 1355 1502 visti:
1409 1446 1500 1522 et,
1552 1442 1968 1530 o·Domine,
2023 1474 2059 1511 01
2112 1458 2190 1515 tu
2229 1453 2633 1541 coqnovisti,
2670 1477 2703 1517 ι)

1144 1545 1535 1634 cognitione
1625 1554 2165 1643 approbationis,
2248 1582 2282 1624 ι
2342 1561 2706 1627 sessionem

1143 1672 1390 1733 meam,
1447 1681 1482 1722 ι
1532 1663 1924 1749 passionem
1974 1664 2232 1735 scilicet
2272 1690 2527 1747 meam,
2589 1692 2704 1737 se·—

1139 1760 1438 1829 cundum
1471 1765 1656 1854 quod
1684 1778 1886 1858 caput
1924 1769 2256 1862 loquitur,
2304 1799 2338 1841 ι
2372 1784 2436 1842 et
2474 1799 2705 1843 resur-

1137 1870 1501 1938 rectionem
1565 1897 1817 1956 meam‚
1882 1905 1916 1940 ³>
1978 1884 2177 1949 tertia
2243 1883 2351 1952 die
2421 1883 2698 1952 factam.

1140 1973 1534 2046 Secundum
1594 1982 1782 2071 quod
1855 1985 2165 2078 loquitur
2246 1993 2589 2082 poenitens
2676 2017 2693 2061 ε

1148 2109 1179 2146 «ι
1212 2087 1270 2153 Τ
1264 2108 1310 2152 u
1347 2092 1725 2179 coqnovisti
1754 2118 1787 2158 ι)
1851 2097 2325 2187 approbando,
2372 2127 2406 2169 ι
2464 2105 2702 2172 sessio-

1131 2217 1286 2261 nem
1349 2220 1597 2278 meam,
1633 2230 1665 2262 n
1723 2202 2212 2289 humilitatem,
2264 2234 2417 2303 quae
2465 2215 2695 2281 anima

1132 2313 1452 2373 manente
1485 2317 1707 2378 erecta
1732 2335 1980 2404 corpus
2022 2317 2277 2408 dejicit,
2315 2348 2351 2385 α
2383 2332 2448 2390 et
2476 2346 2695 2390 resur-

1127 2414 1493 2483 rectionem
1521 2439 1769 2498 meam,
1809 2451 1840 2485 »
1878 2426 2294 2495 erectionem
2324 2430 2581 2500 scilicet
2609 2433 2692 2501 ad

1127 2531 1408 2590 aeterna.
1461 2524 1669 2594 Mich.
1713 2552 1834 2609 vn,
1887 2533 1982 2600 8:
2047 2535 2479 2630 Consurqam
2538 2563 2694 2608 cum

1125 2630 1361 2698 sedero
1416 2633 1487 2700 in
1527 2636 1818 2705 tenebris
1858 2663 1880 2706 .·
1928 2643 2275 2711 Dominus
2351 2646 2481 2714 lux
2541 2670 2692 2719 mea

1127 2747 1247 2805 est.
1284 2737 1465 2806 Psal.
1520 2763 1744 2822 cxxv1,
1780 2748 1819 2811 2
1867 2769 1882 2813 :
1932 2749 2242 2839 Sterqite,
2303 2751 2389 2819 ad
2438 2762 2693 2824 aeterna

1126 2844 1599 2933 desideranda,
1636 2861 2009 2944 postquam
2065 2858 2403 2946 sederitis,
2457 2859 2694 2930 humi-

1125 2951 1357 3022 liando
1394 2977 1520 3024 vos
1550 2966 1619 3025 et
1645 2959 2054 3049 dejiciendo,
2097 2968 2225 3058 qui
2251 2970 2692 3040 manducatis

1120 3082 1402 3150 panem,
1473 3073 1599 3134 etc.
1634 3066 1886 3140 Thren.
1945 3094 2043 3151 111,
2092 3073 2178 3142 63
2232 3097 2248 3144 :
2305 3078 2690 3148 Sessionem

1128 3191 1392 3250 eorum,
1426 3182 1491 3239 et
1519 3181 2078 3249 resurrectionem
2110 3206 2348 3253 eorum
2387 3187 2566 3258 vide.

1218 3276 1423 3357 Nota,
1484 3284 1670 3371 quod
1724 3286 1970 3376 probat
2030 3289 2369 3362 Dominus
2416 3306 2690 3365 sanctos

1131 3394 1206 3453 ut
1253 3396 1500 3467 utrem,
1544 3393 1599 3458 si
1651 3393 1874 3463 infusa
1932 3399 2204 3483 retinet,
2264 3401 2473 3473 Eccli.
2543 3428 2684 3485 xxi,

1136 3493 1214 3559 17
1260 3517 1276 3562 :
1317 3495 1453 3565 Cor
1476 3501 1670 3588 fatui
1697 3504 1903 3591 quasi
1944 3528 2062 3572 vas
2106 3511 2571 3598 confractum,
2626 3522 2691 3581 et

1128 3624 1394 3670 omnem
1419 3608 1835 3695 sapientiam
1866 3634 2002 3679 non
2061 3615 2337 3686 tenebit.
2383 3616 2455 3687 Si
2507 3618 2688 3689 clare

1122 3717 1348 3788 sonat,
1391 3713 1658 3802 agendo
1706 3718 1984 3806 gratias,
2011 3720 2186 3789 sicut
2222 3722 2385 3801 Job,
2440 3748 2488 3810 ι,
2534 3728 2613 3794 21
2665 3751 2682 3796 :

1119 3815 1463 3887 Dominus
1490 3820 1704 3906 dedit,
1737 3826 2082 3894 Dominus
2121 3829 2417 3900 abstulit
2455 3857 2480 3900 .·
2507 3836 2688 3904 sicut

1117 3925 1419 3994 Domino
1465 3929 1768 4021 placuit,
1822 3935 1922 4001 ita
1949 3938 2223 4025 sactum
2272 3950 2392 4008 est.
2426 3943 2540 4012 Sit
2567 3966 2686 4012 no·

1118 4054 1270 4101 men
1326 4037 1617 4105 Domini
1673 4039 2127 4113 benedictum.
2183 4047 2275 4117 Ut
2338 4072 2463 4119 vas
2523 4052 2680 4144 igne

1114 4143 1547 4232 exponendo,
1609 4146 1665 4214 si
1731 4147 2102 4221 solidatum
2162 4153 2391 4241 luerit,
2464 4158 2674 4228 Eccli.

1111 4270 1325 4330 xxvii,
1359 4251 1401 4316 6
1443 4272 1460 4317 :
1519 4253 1690 4321 Vasa
1726 4257 1942 4347 fiynli
1981 4260 2239 4350 probat
2281 4265 2572 4354 fornax,
2615 4276 2681 4334 et

1109 4359 1290 4425 viros
1303 4357 1541 4449 justos
1568 4366 1858 4432 tentatio
1889 4367 2394 4443 tribulationis.
2432 4373 2509 4443 Si
2547 4399 2677 4467 pu-

1107 4465 1446 4536 rificatum
1477 4469 1676 4552 bene,
1713 4472 1920 4544 Eccli.
1957 4499 2031 4561 11,
2065 4478 2106 4546 5
2149 4501 2167 4548 :
2202 4479 2289 4548 In
2325 4482 2483 4573 iqne
2498 4506 2678 4575 pro-

1106 4572 1316 4641 batur
1343 4599 1598 4647 aurum
1625 4590 1691 4648 et
1727 4592 2094 4673 arqentum
2125 4609 2150 4655 :
2177 4587 2488 4660 homines
2556 4615 2675 4661 ve-

1104 4703 1183 4749 ro
1209 4684 1634 4775 receptibiles
1663 4691 1736 4757 in
1794 4694 2070 4761 camino
2118 4695 2663 4769 humiliationis.

1107 4787 1199 4858 Ut
1263 4792 1589 4873 amicum,
1661 4799 1715 4864 si
1789 4800 1858 4865 in
1927 4798 2128 4869 malis
2183 4825 2325 4871 non
2373 4804 2663 4889 deserat,

1104 4891 1311 4964 Eccli.
1376 4919 1472 4976 vi,
1507 4899 1610 4968 7:
1679 4901 1764 4970 Si
1820 4905 2131 4994 possides
2191 4909 2521 4990 amicum,
2594 4914 2665 4980 in

1102 5003 1473 5072 tentatione
1493 5007 1769 5096 posside
1801 5007 2036 5081 illum.
2074 5012 2184 5094 Et,
2217 5037 2339 5097 xn,
2370 5018 2411 5085 8
2442 5040 2461 5086 :
2509 5020 2663 5088 Non

1102 5120 1509 5199 aqnoscetur
1537 5114 1609 5180 in
1641 5112 1836 5184 bonis
1864 5121 2154 5191 amicus.
2192 5121 2389 5203 Item,
2423 5125 2479 5193 si
2512 5149 2662 5197 ma-

1099 5213 1244 5283 lum
1293 5239 1419 5308 pro
1484 5240 1556 5287 se
1621 5218 1914 5292 libenter
1976 5229 2335 5311 sustineat,
2396 5229 2658 5305 Cantic.

1097 5342 1242 5400 vm,
1276 5324 1370 5393 7:
1428 5327 1513 5395 Si
1563 5326 1831 5396 dederit
1888 5331 2094 5400 homo
2173 5358 2443 5407 omnem
2492 5341 2663 5410 sub·

1168 5568 1185 5605 ¹
1216 5568 1305 5627 Cf.
1335 5571 1470 5629 Luc.
1503 5591 1599 5646 xv,
1627 5578 1715 5636 13.

1165 5657 1553 5720 'chuchan-
1603 5669 1727 5738 n,¹
1770 5684 1785 5726 :
1834 5670 2058 5729 Btccce
2111 5674 2221 5747 vir,
2280 5684 2337 5735 et
2388 5679 2449 5736 in
2488 5695 2656 5738 menn

4261 328 4388 395 445

2834 498 3165 562 stantiam
3205 496 3452 565 domus
3474 523 3618 569 suoe
3637 526 3767 593 pro
3798 502 4388 592 dilectione,quasi

2834 600 3015 666 nihil
3043 602 3364 693 despiciet
3391 628 3567 673 eam.

2920 951 2953 989 «ι
2987 927 3404 1018 Intellexisti
3440 933 3907 1022 coqitationes.
3948 958 3980 998 »
4024 934 4153 1002 Hic
4208 935 4377 1003 sub-

2817 1032 3128 1123 jungitur
3193 1036 3275 1103 de
3331 1039 3532 1106 tertio
3591 1040 3795 1108 modo
3891 1044 4370 1132 cognoscendi,

2826 1164 2945 1230 per
2990 1143 3370 1234 simplicem
3419 1149 3674 1217 scilicet
3727 1151 4063 1218 notitiam.
4127 1151 4210 1219 Et
4243 1156 4376 1243 pri-

2824 1272 2961 1331 m0,
2998 1256 3303 1342 tangitur
3330 1257 3634 1346 cognitio
3675 1260 4192 1350 cogitationum.
4243 1260 4373 1328 Se·—

2821 1360 3068 1444 cund0,
3121 1361 3587 1444 affectionum,
3649 1367 3896 1457 quibus
3972 1369 4044 1436 in
4101 1371 4369 1439 occulto

2819 1466 2927 1534 vel
2974 1468 3112 1535 itur
3158 1471 3243 1538 ad
3290 1471 3542 1553 Deum,
3595 1474 3706 1543 vel
3748 1476 4084 1544 receditur
4114 1500 4156 1544 a
4189 1476 4361 1555 De0,

2817 1573 2935 1656 ibi,
2974 1604 3006 1639 «
3048 1578 3386 1646 Semitam
3416 1601 3664 1649 meam.
3703 1610 3737 1645 n
3777 1583 4027 1662 Tertio,
4092 1586 4367 1675 quanti-

2816 1685 2971 1751 tatis
3008 1686 3440 1768 meritorum,
3475 1686 3598 1767 ibi,
3645 1715 3681 1752 α
3719 1693 3815 1758 Et
3851 1691 4278 1781 funiculum.
4330 1719 4360 1753 »

2814 1787 3096 1868 Quarto,
3142 1798 3445 1871 actuum,
3483 1793 3600 1873 ibi,
3644 1802 3706 1872 ὴ.
3743 1796 3784 1862 4
3837 1818 3853 1863 :
3909 1820 3942 1861 α
3993 1798 4088 1864 Et
4136 1820 4365 1864 omnes

2812 1897 2956 1962 vias
3022 1918 3229 1966 meas.
3261 1924 3292 1962 n
3374 1898 3657 1978 Quinto,
3703 1902 4185 1983 intentionum,
4240 1902 4356 1982 ibi,

2811 2034 2842 2066 «
2884 2006 3064 2089 Quia
3091 2030 3230 2074 non
3259 2019 3355 2076 est
3382 2032 3628 2077 sermo.
3677 2035 3711 2076 »

2896 2115 3073 2184 Dicit
3112 2140 3274 2208 ergo
3320 2138 3337 2186 ε
3403 2118 3519 2188 Sic
3561 2122 3951 2212 cognitione
4017 2122 4362 2212 approba-

2807 2221 3009 2289 tionis
3057 2226 3417 2314 cognoscis
3467 2249 3602 2306 me,
3651 2235 3716 2295 et
3755 2228 3958 2294 etiam
4004 2254 4038 2291 «
4091 2228 4358 2296 intelle-

2801 2331 2994 2408 xisti,
3060 2356 3093 2396 ι»
3164 2332 3459 2423 simplici
3525 2336 3765 2404 notitia
3850 2338 4354 2427 cognoscendo,

2811 2469 2843 2502 α
2899 2442 3346 2530 coqitationes
3422 2466 3632 2522 meas,
3707 2470 3740 2510 ι»
3801 2453 3867 2513 et
3924 2445 4078 2524 hoc,
4167 2471 4200 2512 α
4277 2448 4360 2515 de

2805 2549 3024 2640 lonqe‚
3083 2576 3116 2616 ι)
3168 2550 3303 2620 hoc
3358 2561 3485 2633 est,
3547 2577 3705 2622 cum
3744 2555 3967 2623 adhuc
4025 2578 4244 2624 essem
4285 2559 4357 2625 in

2800 2666 2978 2724 statu
3008 2658 3250 2748 culpae.
3283 2660 3491 2730 Eccli.
3518 2685 3676 2741 xm,
3714 2664 3798 2730 20
3832 2684 3847 2731 :
3878 2665 4030 2731 Non
4040 2667 4348 2756 praeterit

2802 2765 3008 2833 illum
3032 2769 3253 2835 omnis
3272 2770 3639 2858 coqitatuS.
3674 2769 3856 2838 Psal.
3881 2793 4037 2856 xcv,
4071 2774 4142 2840 11
4176 2797 4191 2841 ε
4221 2776 4361 2842 Do·

2798 2875 3028 2942 minus
3062 2876 3190 2941 seit
3226 2876 3676 2966 coqitationes
3719 2878 4102 2947 hominum.
4153 2879 4183 2946 1
4235 2881 4356 2949 Pa·

2801 2982 2994 3072 ralip.
3038 3004 3279 3061 xxviu,
3323 2984 3364 3050 9
3401 3002 3419 3051 ε
3467 2984 3721 3053 Omnia
3749 2986 3960 3054 corda
4003 2997 4358 3057 scrutatur

2799 3090 3159 3167 Dominus,
3195 3099 3259 3157 et
3289 3092 3645 3160 universas
3700 3094 4035 3161 mentium
4092 3097 4359 3187 coqita-

2798 3199 3010 3264 tiones
3040 3196 3400 3287 intelliqit.

2887 3436 2920 3477 α
2953 3412 3292 3480 Semitam
3331 3433 3584 3481 meam.
3621 3437 3655 3478 »
3719 3413 3887 3481 Ecce
3947 3415 4349 3487 secundum.

2796 3519 3004 3599 Quasi
3044 3519 3296 3587 diceret
3330 3541 3346 3588 :
3396 3520 3511 3588 Sic
3558 3520 3949 3589 intellexisti
3988 3524 4355 3614 cogitatio-—

2795 3649 2941 3710 neS,
2983 3634 3048 3694 et
3081 3653 3114 3691 ι
3168 3628 3597 3719 investiqasti
3658 3630 3977 3698 semitam
4031 3653 4282 3713 meam,
4314 3656 4348 3696 ιι

2794 3735 3136 3804 occultum
3176 3736 3434 3805 scilicet
3470 3759 3879 3807 consensum
3913 3761 4170 3820 meum,
4214 3763 4351 3832 quo

2792 3844 3158 3937 aliquando
3199 3844 3444 3913 recessi
3477 3868 3517 3913 a
3547 3855 3638 3924 te,
3681 3847 3857 3915 sicut
3895 3845 4076 3916 tilius
4115 3848 4355 3940 prodi-

2789 3976 2917 4043 gus
2946 3975 2985 4020 a
3012 3955 3126 4044 pio
3155 3961 3348 4044 patre
3380 3954 3426 4023 ¹.
3460 3952 3668 4023 Eccli.
3714 3977 3833 4039 vn,
3902 3958 3944 4024 5
3984 3977 4001 4025 :
4073 3958 4228 4025 Non
4287 3968 4352 4025 te

2775 4060 3122 4150 justifices
3146 4071 3305 4130 ante
3357 4063 3609 4141 Deum,
3679 4064 4010 4154 quoniam
4068 4066 4349 4154 aqnitor

2785 4167 3008 4236 cordis
3048 4169 3190 4261 ipse
3216 4178 3340 4237 est.
3378 4167 3406 4234 1
3447 4168 3617 4261 neg.
3667 4192 3810 4250 xvi,
3843 4171 3882 4238 Ἰ
3929 4172 4198 4239 :Homo
4235 4172 4346 4239 vi-

2783 4275 2896 4343 det
2931 4298 3012 4342 ea
3057 4298 3211 4366 quae
3246 4286 3525 4367 parent,
3583 4279 3925 4346 Dominus
3970 4286 4202 4347 autem
4234 4280 4342 4347 in-

2783 4393 3013 4452 tuetur
3048 4406 3185 4453 cor.
3234 4382 3398 4464 Job,
3431 4406 3575 4465 xiv,
3627 4386 3701 4453 Π
3730 4406 3747 4453 :
3781 4386 4102 4475 Siqnasti
4136 4388 4344 4477 quasi

2782 4493 2852 4559 in
2889 4492 3165 4561 sacculo
3194 4491 3452 4560 delicta
3482 4514 3660 4561 mea.

2868 4730 2904 4767 α
2928 4705 3018 4772 Et
3034 4702 3441 4793 funiculum
3462 4725 3762 4786 meum,»
3786 4727 4182 4775 mensuram
4200 4709 4341 4775 sci-

2773 4810 2927 4880 licet
2958 4812 3210 4902 peccati
3233 4811 3397 4890 mei,
3442 4813 3967 4906 «investigasti,
4015 4838 4048 4882 ι
4125 4838 4339 4907 quan-

2772 4927 2919 4987 tum
2986 4919 3056 4986 in
3084 4918 3203 4987 illo
3269 4916 3939 4990 demerueram.1sa.
3993 4945 4064 5001 v,
4114 4924 4222 5002 16,
4250 4921 4334 4991 de

2770 5027 2888 5095 tali
2919 5026 3219 5095 funiculo
3251 5048 3268 5094 ε
3299 5028 3405 5095 Vae
3434 5029 3559 5119 qui
3586 5029 3863 5097 trahitis
3894 5031 4330 5122 iniquitatem

2767 5137 2843 5204 in
2894 5133 3239 5226 funiculis
3290 5136 3678 5204 vanitatis!
3739 5134 4074 5205 Ezechiel.
4114 5159 4326 5227 nvn,

2768 5243 2808 5311 3
2855 5264 2872 5313 ε
2926 5242 3102 5312 Cum
3157 5242 3593 5334 eqrederetur
3627 5243 3737 5310 vir
3799 5242 3897 5311 ad
3952 5244 4322 5332 Orientem,

2766 5354 2889 5443 qui
2939 5349 3233 5420 habebat
3276 5351 3678 5442 funiculum
3733 5352 3806 5419 in
3861 5373 4075 5422 manu
4100 5377 4233 5424 sua
4271 5356 4319 5437 ⁸,

2761 5581 2882 5654 ejus
2905 5575 3196 5650 nmicutus
3222 5591 3558 5649 mensorum,
3591 5580 3707 5637 etc.
