<?xml version="1.0" encoding="UTF-8"?>
<!DOCTYPE html PUBLIC "-//W3C//DTD XHTML 1.0 Transitional//EN"
    "http://www.w3.org/TR/xhtml1/DTD/xhtml1-transitional.dtd">
<html xmlns="http://www.w3.org/1999/xhtml" xml:lang="en" lang="en">
 <head>
  <title>
</title>
<meta http-equiv="Content-Type" content="text/html;charset=utf-8" />
  <meta name='ocr-system' content='tesseract 3.04.00' />
  <meta name='ocr-capabilities' content='ocr_page ocr_carea ocr_par ocr_line ocrx_word'/>
</head>
<body>
  <div class='ocr_page' id='page_1' title='image "balbertimagnira02chgoog_0431.png"; bbox 0 0 5008 6329; ppageno 0'>
   <div class='ocr_carea' id='block_1_1' title="bbox 1936 374 3663 448">
    <p class='ocr_par' dir='ltr' id='par_1_1' title="bbox 1936 374 3663 448">
     <span class='ocr_line' id='line_1_1' title="bbox 1936 374 3663 448; baseline -0.004 0"><span class='ocrx_word' id='word_1_1' title='bbox 1936 375 2648 448; x_wconf 83' lang='lat' dir='ltr'><strong>COMMENTARIUS</strong></span> <span class='ocrx_word' id='word_1_2' title='bbox 2697 374 2792 441; x_wconf 85' lang='lat' dir='ltr'>IN</span> <span class='ocrx_word' id='word_1_3' title='bbox 2839 374 3273 445; x_wconf 83' lang='lat' dir='ltr'><strong>PSALMUM</strong></span> <span class='ocrx_word' id='word_1_4' title='bbox 3322 374 3663 444; x_wconf 82' lang='lat' dir='ltr'>CXXXV.</span> 
     </span>
    </p>
   </div>
   <div class='ocr_carea' id='block_1_2' title="bbox 1444 548 2727 745">
    <p class='ocr_par' dir='ltr' id='par_1_2' title="bbox 1444 548 2727 745">
     <span class='ocr_line' id='line_1_2' title="bbox 1444 548 2727 639; baseline -0.003 -22"><span class='ocrx_word' id='word_1_5' title='bbox 1444 548 1578 619; x_wconf 86' lang='lat' dir='ltr'>fuit</span> <span class='ocrx_word' id='word_1_6' title='bbox 1626 551 1884 630; x_wconf 76' lang='lat' dir='ltr'>nostri,</span> <span class='ocrx_word' id='word_1_7' title='bbox 1954 553 2297 639; x_wconf 85' lang='lat' dir='ltr'>quoniam</span> <span class='ocrx_word' id='word_1_8' title='bbox 2377 549 2446 616; x_wconf 89' lang='lat' dir='ltr'>in</span> <span class='ocrx_word' id='word_1_9' title='bbox 2517 567 2727 615; x_wconf 81' lang='lat' dir='ltr'>aeter-</span> 
     </span>
     <span class='ocr_line' id='line_1_3' title="bbox 1444 658 2416 745; baseline -0.008 -16"><span class='ocrx_word' id='word_1_10' title='bbox 1444 683 1621 730; x_wconf 89' lang='lat' dir='ltr'>num</span> <span class='ocrx_word' id='word_1_11' title='bbox 1665 660 2160 729; x_wconf 82' lang='lat' dir='ltr'>misericordia</span> <span class='ocrx_word' id='word_1_12' title='bbox 2200 658 2355 745; x_wconf 82' lang='lat' dir='ltr'>ejus</span> <span class='ocrx_word' id='word_1_13' title='bbox 2401 677 2416 721; x_wconf 90' lang='lat'><strong>:</strong></span> 
     </span>
    </p>
   </div>
   <div class='ocr_carea' id='block_1_3' title="bbox 1177 760 2729 964">
    <p class='ocr_par' dir='ltr' id='par_1_3' title="bbox 1177 760 2729 964">
     <span class='ocr_line' id='line_1_4' title="bbox 1177 760 2728 855; baseline -0.006 -20"><span class='ocrx_word' id='word_1_14' title='bbox 1177 789 1292 855; x_wconf 86' lang='lat'>24.</span> <span class='ocrx_word' id='word_1_15' title='bbox 1353 768 1447 838; x_wconf 84' lang='lat' dir='ltr'>Et</span> <span class='ocrx_word' id='word_1_16' title='bbox 1516 767 1816 838; x_wconf 88' lang='lat' dir='ltr'>redemit</span> <span class='ocrx_word' id='word_1_17' title='bbox 1877 790 2008 835; x_wconf 90' lang='lat' dir='ltr'>nos</span> <span class='ocrx_word' id='word_1_18' title='bbox 2066 768 2155 834; x_wconf 87' lang='lat' dir='ltr'>ab</span> <span class='ocrx_word' id='word_1_19' title='bbox 2221 760 2540 831; x_wconf 89' lang='lat' dir='ltr'>inimicis</span> <span class='ocrx_word' id='word_1_20' title='bbox 2593 781 2728 828; x_wconf 90' lang='lat' dir='ltr'>no-</span> 
     </span>
     <span class='ocr_line' id='line_1_5' title="bbox 1444 864 2729 964; baseline -0.009 -20"><span class='ocrx_word' id='word_1_21' title='bbox 1444 873 1641 955; x_wconf 84' lang='lat' dir='ltr'>stris,</span> <span class='ocrx_word' id='word_1_22' title='bbox 1677 871 2027 964; x_wconf 90' lang='lat' dir='ltr'>quoniam</span> <span class='ocrx_word' id='word_1_23' title='bbox 2079 870 2147 937; x_wconf 89' lang='lat' dir='ltr'>in</span> <span class='ocrx_word' id='word_1_24' title='bbox 2183 887 2537 937; x_wconf 80' lang='lat' dir='ltr'>aeternum</span> <span class='ocrx_word' id='word_1_25' title='bbox 2585 864 2729 935; x_wconf 89' lang='lat' dir='ltr'>mi-</span> 
     </span>
    </p>
   </div>
   <div class='ocr_carea' id='block_1_4' title="bbox 1176 979 2728 1179">
    <p class='ocr_par' dir='ltr' id='par_1_4' title="bbox 1176 979 2728 1179">
     <span class='ocr_line' id='line_1_6' title="bbox 1443 979 2050 1069; baseline -0.012 -17"><span class='ocrx_word' id='word_1_26' title='bbox 1443 981 1835 1052; x_wconf 88' lang='lat' dir='ltr'>sericordia</span> <span class='ocrx_word' id='word_1_27' title='bbox 1868 979 2050 1069; x_wconf 87' lang='lat' dir='ltr'>ejus.</span> 
     </span>
     <span class='ocr_line' id='line_1_7' title="bbox 1176 1081 2728 1179; baseline -0.005 -20"><span class='ocrx_word' id='word_1_28' title='bbox 1176 1096 1292 1161; x_wconf 85' lang='lat'>25.</span> <span class='ocrx_word' id='word_1_29' title='bbox 1346 1087 1497 1179; x_wconf 87' lang='lat' dir='ltr'>Qui</span> <span class='ocrx_word' id='word_1_30' title='bbox 1516 1090 1640 1157; x_wconf 88' lang='lat' dir='ltr'>dat</span> <span class='ocrx_word' id='word_1_31' title='bbox 1662 1109 1901 1157; x_wconf 86' lang='lat' dir='ltr'>escam</span> <span class='ocrx_word' id='word_1_32' title='bbox 1921 1085 2122 1156; x_wconf 90' lang='lat' dir='ltr'>omni</span> <span class='ocrx_word' id='word_1_33' title='bbox 2146 1081 2728 1176; x_wconf 87' lang='lat' dir='ltr'>carni‚quoniam</span> 
     </span>
    </p>
   </div>
   <div class='ocr_carea' id='block_1_5' title="bbox 1472 1536 2439 1612">
    <p class='ocr_par' dir='ltr' id='par_1_5' title="bbox 1472 1536 2439 1612">
     <span class='ocr_line' id='line_1_8' title="bbox 1472 1536 2439 1612; baseline -0.008 1"><span class='ocrx_word' id='word_1_34' title='bbox 1472 1544 1569 1612; x_wconf 92' lang='lat' dir='ltr'>IN</span> <span class='ocrx_word' id='word_1_35' title='bbox 1627 1540 2068 1612; x_wconf 88' lang='lat' dir='ltr'>PSALMUM</span> <span class='ocrx_word' id='word_1_36' title='bbox 2119 1536 2439 1609; x_wconf 88' lang='lat' dir='ltr'>CXXXV</span> 
     </span>
    </p>
   </div>
   <div class='ocr_carea' id='block_1_6' title="bbox 1688 1782 2223 2145">
    <p class='ocr_par' dir='ltr' id='par_1_6' title="bbox 1688 1782 2223 2145">
     <span class='ocr_line' id='line_1_9' title="bbox 1688 1782 2223 1832; baseline -0.006 -2"><span class='ocrx_word' id='word_1_37' title='bbox 1688 1782 2223 1832; x_wconf 56' lang='lat' dir='ltr'>commum&amp;</span> 
     </span>
     <span class='ocr_line' id='line_1_10' title="bbox 1706 2076 2197 2145; baseline -0.014 0"><span class='ocrx_word' id='word_1_38' title='bbox 1706 2102 1743 2144; x_wconf 68' lang='lat' dir='ltr'>a</span> <span class='ocrx_word' id='word_1_39' title='bbox 1778 2076 2117 2145; x_wconf 83' lang='lat' dir='ltr'>Alleluia.</span> <span class='ocrx_word' id='word_1_40' title='bbox 2165 2098 2197 2138; x_wconf 75' lang='grc' dir='ltr'><strong>ι</strong></span> 
     </span>
    </p>
   </div>
   <div class='ocr_carea' id='block_1_7' title="bbox 808 2382 2731 3550">
    <p class='ocr_par' dir='ltr' id='par_1_7' title="bbox 808 2382 2731 3348">
     <span class='ocr_line' id='line_1_11' title="bbox 1258 2382 2731 2481; baseline -0.006 -20"><span class='ocrx_word' id='word_1_41' title='bbox 1258 2418 1292 2461; x_wconf 71' lang='lat' dir='ltr'>a</span> <span class='ocrx_word' id='word_1_42' title='bbox 1330 2390 1775 2481; x_wconf 77' lang='lat' dir='ltr'>Confitemini</span> <span class='ocrx_word' id='word_1_43' title='bbox 1826 2389 2154 2465; x_wconf 82' lang='lat' dir='ltr'>Domino,</span> <span class='ocrx_word' id='word_1_44' title='bbox 2213 2387 2548 2478; x_wconf 81' lang='lat' dir='ltr'>quoniam</span> <span class='ocrx_word' id='word_1_45' title='bbox 2605 2382 2731 2453; x_wconf 83' lang='lat' dir='ltr'>bo-</span> 
     </span>
     <span class='ocr_line' id='line_1_12' title="bbox 1160 2494 2731 2585; baseline -0.006 -15"><span class='ocrx_word' id='word_1_46' title='bbox 1160 2525 1295 2570; x_wconf 81' lang='lat' dir='ltr'>nus</span> <span class='ocrx_word' id='word_1_47' title='bbox 1315 2506 1363 2569; x_wconf 83' lang='lat'>¹.</span> <span class='ocrx_word' id='word_1_48' title='bbox 1384 2530 1416 2564; x_wconf 73' lang='grc' dir='ltr'>ιο</span> <span class='ocrx_word' id='word_1_49' title='bbox 1442 2499 1575 2570; x_wconf 83' lang='lat' dir='ltr'>Hic</span> <span class='ocrx_word' id='word_1_50' title='bbox 1603 2507 1706 2568; x_wconf 88' lang='lat' dir='ltr'>est</span> <span class='ocrx_word' id='word_1_51' title='bbox 1743 2496 2062 2566; x_wconf 86' lang='lat' dir='ltr'>Psalmus</span> <span class='ocrx_word' id='word_1_52' title='bbox 2090 2498 2502 2565; x_wconf 84' lang='lat' dir='ltr'>centesimus</span> <span class='ocrx_word' id='word_1_53' title='bbox 2517 2494 2731 2585; x_wconf 80' lang='lat' dir='ltr'>trige-</span> 
     </span>
     <span class='ocr_line' id='line_1_13' title="bbox 1162 2601 2727 2700; baseline -0.007 -22"><span class='ocrx_word' id='word_1_54' title='bbox 1162 2612 1381 2678; x_wconf 82' lang='lat' dir='ltr'>simus</span> <span class='ocrx_word' id='word_1_55' title='bbox 1443 2608 1725 2700; x_wconf 87' lang='lat' dir='ltr'>quintus</span> <span class='ocrx_word' id='word_1_56' title='bbox 1788 2607 1861 2674; x_wconf 93' lang='lat' dir='ltr'>in</span> <span class='ocrx_word' id='word_1_57' title='bbox 1899 2613 2049 2672; x_wconf 87' lang='lat' dir='ltr'>toto</span> <span class='ocrx_word' id='word_1_58' title='bbox 2088 2602 2289 2686; x_wconf 90' lang='lat' dir='ltr'>libro,</span> <span class='ocrx_word' id='word_1_59' title='bbox 2329 2601 2727 2692; x_wconf 79' lang='lat' dir='ltr'>trigesimus</span> 
     </span>
     <span class='ocr_line' id='line_1_14' title="bbox 1163 2711 2215 2811; baseline -0.009 -24"><span class='ocrx_word' id='word_1_60' title='bbox 1163 2721 1447 2811; x_wconf 88' lang='lat' dir='ltr'>quintus</span> <span class='ocrx_word' id='word_1_61' title='bbox 1476 2719 1549 2786; x_wconf 90' lang='lat' dir='ltr'>in</span> <span class='ocrx_word' id='word_1_62' title='bbox 1588 2718 1786 2785; x_wconf 89' lang='lat' dir='ltr'>tertia</span> <span class='ocrx_word' id='word_1_63' title='bbox 1814 2722 2007 2806; x_wconf 84' lang='lat' dir='ltr'>parte</span> <span class='ocrx_word' id='word_1_64' title='bbox 2037 2711 2215 2780; x_wconf 84' lang='lat' dir='ltr'>libri.</span> 
     </span>
     <span class='ocr_line' id='line_1_15' title="bbox 814 2814 2723 2916; baseline -0.007 -18"><span class='ocrx_word' id='word_1_65' title='bbox 814 2814 1132 2916; x_wconf 50' lang='grc' dir='ltr'>Ἧξζᾙᾱω·</span> <span class='ocrx_word' id='word_1_66' title='bbox 1255 2825 1430 2895; x_wconf 91' lang='lat' dir='ltr'>Cum</span> <span class='ocrx_word' id='word_1_67' title='bbox 1474 2826 1660 2892; x_wconf 88' lang='lat' dir='ltr'>enim</span> <span class='ocrx_word' id='word_1_68' title='bbox 1716 2823 1788 2890; x_wconf 91' lang='lat' dir='ltr'>in</span> <span class='ocrx_word' id='word_1_69' title='bbox 1845 2818 2251 2913; x_wconf 84' lang='lat' dir='ltr'>praecedeuti</span> <span class='ocrx_word' id='word_1_70' title='bbox 2318 2816 2598 2885; x_wconf 78' lang='lat' dir='ltr'>Psalmo</span> <span class='ocrx_word' id='word_1_71' title='bbox 2638 2815 2723 2884; x_wconf 85' lang='lat' dir='ltr'>ad</span> 
     </span>
     <span class='ocr_line' id='line_1_16' title="bbox 813 2923 2722 3023; baseline -0.006 -21"><span class='ocrx_word' id='word_1_72' title='bbox 813 2923 1131 3023; x_wconf 51' lang='lat' dir='ltr'>“xgw</span> <span class='ocrx_word' id='word_1_73' title='bbox 1161 2932 1439 3002; x_wconf 88' lang='lat' dir='ltr'>laudem</span> <span class='ocrx_word' id='word_1_74' title='bbox 1499 2930 1623 3000; x_wconf 87' lang='lat' dir='ltr'>Dei</span> <span class='ocrx_word' id='word_1_75' title='bbox 1690 2930 2104 3011; x_wconf 81' lang='lat' dir='ltr'>invitaverit,</span> <span class='ocrx_word' id='word_1_76' title='bbox 2153 2923 2568 3018; x_wconf 84' lang='lat' dir='ltr'>assignando</span> <span class='ocrx_word' id='word_1_77' title='bbox 2597 2945 2722 3015; x_wconf 88' lang='lat' dir='ltr'>pro</span> 
     </span>
     <span class='ocr_line' id='line_1_17' title="bbox 831 3028 2722 3128; baseline -0.008 -15"><span class='ocrx_word' id='word_1_78' title='bbox 831 3031 1106 3077; x_wconf 76' lang='lat'>&#39;&#39;&#39;¹&#39;“‘⁰⁰&#39;&#39;‘</span> <span class='ocrx_word' id='word_1_79' title='bbox 1162 3040 1429 3110; x_wconf 83' lang='lat' dir='ltr'>ratione</span> <span class='ocrx_word' id='word_1_80' title='bbox 1457 3037 1680 3109; x_wconf 88' lang='lat' dir='ltr'>laudis</span> <span class='ocrx_word' id='word_1_81' title='bbox 1718 3059 1931 3128; x_wconf 87' lang='lat' dir='ltr'>opera</span> <span class='ocrx_word' id='word_1_82' title='bbox 1968 3034 2222 3111; x_wconf 87' lang='lat' dir='ltr'>divina,</span> <span class='ocrx_word' id='word_1_83' title='bbox 2283 3040 2351 3100; x_wconf 89' lang='lat' dir='ltr'>et</span> <span class='ocrx_word' id='word_1_84' title='bbox 2389 3028 2722 3100; x_wconf 80' lang='lat' dir='ltr'>beneficia</span> 
     </span>
     <span class='ocr_line' id='line_1_18' title="bbox 808 3136 2722 3250; baseline -0.008 -29"><span class='ocrx_word' id='word_1_85' title='bbox 808 3137 1132 3250; x_wconf 44' lang='lat'>03:⁶32,</span> <span class='ocrx_word' id='word_1_86' title='bbox 1160 3147 1425 3219; x_wconf 91' lang='lat' dir='ltr'>mundo</span> <span class='ocrx_word' id='word_1_87' title='bbox 1464 3156 1532 3218; x_wconf 87' lang='lat' dir='ltr'>et</span> <span class='ocrx_word' id='word_1_88' title='bbox 1570 3144 1957 3240; x_wconf 77' lang='lat' dir='ltr'>specialiter</span> <span class='ocrx_word' id='word_1_89' title='bbox 1984 3142 2107 3212; x_wconf 88' lang='lat' dir='ltr'>Dei</span> <span class='ocrx_word' id='word_1_90' title='bbox 2148 3138 2406 3234; x_wconf 90' lang='lat' dir='ltr'>populo</span> <span class='ocrx_word' id='word_1_91' title='bbox 2444 3136 2722 3209; x_wconf 81' lang='lat' dir='ltr'>exhibi-</span> 
     </span>
     <span class='ocr_line' id='line_1_19' title="bbox 808 3246 2717 3348; baseline -0.006 -18"><span class='ocrx_word' id='word_1_92' title='bbox 808 3246 1129 3348; x_wconf 42' lang='lat' dir='ltr'>gfuffla*</span> <span class='ocrx_word' id='word_1_93' title='bbox 1158 3266 1251 3339; x_wconf 89' lang='lat' dir='ltr'>ta,</span> <span class='ocrx_word' id='word_1_94' title='bbox 1313 3258 1427 3327; x_wconf 87' lang='lat' dir='ltr'>hic</span> <span class='ocrx_word' id='word_1_95' title='bbox 1482 3258 1570 3326; x_wconf 92' lang='lat' dir='ltr'>ad</span> <span class='ocrx_word' id='word_1_96' title='bbox 1608 3255 1921 3326; x_wconf 87' lang='lat' dir='ltr'>eamdem</span> <span class='ocrx_word' id='word_1_97' title='bbox 1959 3252 2230 3322; x_wconf 90' lang='lat' dir='ltr'>laudem</span> <span class='ocrx_word' id='word_1_98' title='bbox 2290 3252 2558 3328; x_wconf 80' lang='lat' dir='ltr'>invitat,</span> <span class='ocrx_word' id='word_1_99' title='bbox 2600 3273 2717 3319; x_wconf 87' lang='lat' dir='ltr'>ea-</span> 
     </span>
    </p>

    <p class='ocr_par' dir='ltr' id='par_1_8' title="bbox 1154 3356 2717 3455">
     <span class='ocr_line' id='line_1_20' title="bbox 1154 3356 2717 3455; baseline -0.006 -20"><span class='ocrx_word' id='word_1_100' title='bbox 1154 3368 1326 3436; x_wconf 75' lang='lat' dir='ltr'>dem·</span> <span class='ocrx_word' id='word_1_101' title='bbox 1388 3365 1722 3435; x_wconf 81' lang='lat' dir='ltr'>beneficia</span> <span class='ocrx_word' id='word_1_102' title='bbox 1789 3361 2183 3455; x_wconf 86' lang='lat' dir='ltr'>repetendo,</span> <span class='ocrx_word' id='word_1_103' title='bbox 2259 3356 2379 3427; x_wconf 90' lang='lat' dir='ltr'>sed</span> <span class='ocrx_word' id='word_1_104' title='bbox 2427 3357 2717 3449; x_wconf 83' lang='lat' dir='ltr'>singulis</span> 
     </span>
    </p>

    <p class='ocr_par' dir='ltr' id='par_1_9' title="bbox 1151 3464 2711 3550">
     <span class='ocr_line' id='line_1_21' title="bbox 1151 3464 2711 3550; baseline -0.008 -7"><span class='ocrx_word' id='word_1_105' title='bbox 1151 3473 1470 3543; x_wconf 87' lang='lat' dir='ltr'>addendo</span> <span class='ocrx_word' id='word_1_106' title='bbox 1523 3494 1800 3541; x_wconf 87' lang='lat' dir='ltr'>causam</span> <span class='ocrx_word' id='word_1_107' title='bbox 1860 3467 2302 3538; x_wconf 79' lang='lat' dir='ltr'>exhibitionis</span> <span class='ocrx_word' id='word_1_108' title='bbox 2370 3464 2711 3550; x_wconf 76' lang='lat' dir='ltr'>beneficii,</span> 
     </span>
    </p>
   </div>
   <div class='ocr_carea' id='block_1_8' title="bbox 1092 3571 2715 4208">
    <p class='ocr_par' dir='ltr' id='par_1_10' title="bbox 1092 3571 2715 4208">
     <span class='ocr_line' id='line_1_22' title="bbox 1092 3571 2709 3650; baseline -0.005 1"><span class='ocrx_word' id='word_1_109' title='bbox 1092 3580 1115 3634; x_wconf 67' lang='grc' dir='ltr'>Γ</span> <span class='ocrx_word' id='word_1_110' title='bbox 1145 3590 1474 3650; x_wconf 76' lang='lat' dir='ltr'>aeternam</span> <span class='ocrx_word' id='word_1_111' title='bbox 1574 3579 1833 3649; x_wconf 85' lang='lat' dir='ltr'>scilicet</span> <span class='ocrx_word' id='word_1_112' title='bbox 1927 3577 2047 3645; x_wconf 82' lang='lat' dir='ltr'>Dei</span> <span class='ocrx_word' id='word_1_113' title='bbox 2143 3571 2709 3644; x_wconf 85' lang='lat' dir='ltr'>misericordiam.</span> 
     </span>
     <span class='ocr_line' id='line_1_23' title="bbox 1152 3679 2713 3776; baseline -0.006 -19"><span class='ocrx_word' id='word_1_114' title='bbox 1152 3686 1351 3758; x_wconf 83' lang='lat' dir='ltr'>Unde</span> <span class='ocrx_word' id='word_1_115' title='bbox 1381 3686 1761 3756; x_wconf 88' lang='lat' dir='ltr'>secundum</span> <span class='ocrx_word' id='word_1_116' title='bbox 1809 3685 2273 3776; x_wconf 81' lang='lat' dir='ltr'>Augustinum</span> <span class='ocrx_word' id='word_1_117' title='bbox 2315 3682 2384 3749; x_wconf 91' lang='lat' dir='ltr'>in</span> <span class='ocrx_word' id='word_1_118' title='bbox 2442 3679 2713 3759; x_wconf 83' lang='lat' dir='ltr'>Glossa,</span> 
     </span>
     <span class='ocr_line' id='line_1_24' title="bbox 1150 3786 2715 3887; baseline -0.006 -23"><span class='ocrx_word' id='word_1_119' title='bbox 1150 3794 1237 3864; x_wconf 86' lang='lat' dir='ltr'>ad</span> <span class='ocrx_word' id='word_1_120' title='bbox 1275 3794 1654 3887; x_wconf 87' lang='lat' dir='ltr'>quemlibet</span> <span class='ocrx_word' id='word_1_121' title='bbox 1683 3815 2009 3862; x_wconf 84' lang='lat' dir='ltr'>versuum</span> <span class='ocrx_word' id='word_1_122' title='bbox 2057 3786 2715 3879; x_wconf 86' lang='lat' dir='ltr'>subintelligendum</span> 
     </span>
     <span class='ocr_line' id='line_1_25' title="bbox 1150 3895 2714 3990; baseline -0.005 -18"><span class='ocrx_word' id='word_1_123' title='bbox 1150 3912 1254 3973; x_wconf 88' lang='lat' dir='ltr'>est</span> <span class='ocrx_word' id='word_1_124' title='bbox 1296 3927 1313 3972; x_wconf 78' lang='lat' dir='ltr'>t</span> <span class='ocrx_word' id='word_1_125' title='bbox 1356 3904 1705 3990; x_wconf 82' lang='lat' dir='ltr'>Quoniam</span> <span class='ocrx_word' id='word_1_126' title='bbox 1755 3902 1829 3969; x_wconf 81' lang='lat' dir='ltr'>in</span> <span class='ocrx_word' id='word_1_127' title='bbox 1855 3909 2185 3970; x_wconf 77' lang='lat' dir='ltr'>aelernum</span> <span class='ocrx_word' id='word_1_128' title='bbox 2240 3895 2714 3966; x_wconf 78' lang='lat' dir='ltr'>misericordia</span> 
     </span>
     <span class='ocr_line' id='line_1_26' title="bbox 1149 4001 2708 4103; baseline -0.007 -22"><span class='ocrx_word' id='word_1_129' title='bbox 1149 4011 1335 4103; x_wconf 80' lang='lat' dir='ltr'>ejus,</span> <span class='ocrx_word' id='word_1_130' title='bbox 1371 4011 1442 4079; x_wconf 92' lang='lat' dir='ltr'>in</span> <span class='ocrx_word' id='word_1_131' title='bbox 1473 4010 1609 4079; x_wconf 78' lang='lat' dir='ltr'>line</span> <span class='ocrx_word' id='word_1_132' title='bbox 1639 4031 1905 4085; x_wconf 81' lang='lat' dir='ltr'>versus,</span> <span class='ocrx_word' id='word_1_133' title='bbox 1956 4008 2134 4076; x_wconf 88' lang='lat' dir='ltr'>sicut</span> <span class='ocrx_word' id='word_1_134' title='bbox 2194 4006 2267 4074; x_wconf 90' lang='lat' dir='ltr'>in</span> <span class='ocrx_word' id='word_1_135' title='bbox 2323 4001 2708 4096; x_wconf 87' lang='lat' dir='ltr'>principio:</span> 
     </span>
     <span class='ocr_line' id='line_1_27' title="bbox 1155 4110 2710 4208; baseline -0.006 -19"><span class='ocrx_word' id='word_1_136' title='bbox 1155 4118 1603 4208; x_wconf 77' lang='lat' dir='ltr'>Confilemini</span> <span class='ocrx_word' id='word_1_137' title='bbox 1674 4116 2004 4194; x_wconf 82' lang='lat' dir='ltr'>Domino,</span> <span class='ocrx_word' id='word_1_138' title='bbox 2058 4123 2186 4186; x_wconf 86' lang='lat' dir='ltr'>etc.</span> <span class='ocrx_word' id='word_1_139' title='bbox 2282 4110 2463 4192; x_wconf 86' lang='lat' dir='ltr'>Quia</span> <span class='ocrx_word' id='word_1_140' title='bbox 2545 4132 2710 4202; x_wconf 83' lang='lat' dir='ltr'>ergo</span> 
     </span>
    </p>
   </div>
   <div class='ocr_carea' id='block_1_9' title="bbox 810 3083 1131 3131">
    <p class='ocr_par' dir='ltr' id='par_1_11' title="bbox 810 3083 1131 3131">
     <span class='ocr_line' id='line_1_28' title="bbox 810 3083 1131 3131; baseline 0.003 -1"><span class='ocrx_word' id='word_1_141' title='bbox 810 3083 908 3130; x_wconf 73' lang='lat' dir='ltr'>dl·</span> <span class='ocrx_word' id='word_1_142' title='bbox 958 3086 1131 3131; x_wconf 70' lang='lat' dir='ltr'>excel-</span> 
     </span>
    </p>
   </div>
   <div class='ocr_carea' id='block_1_10' title="bbox 1137 4362 2711 5067">
    <p class='ocr_par' dir='ltr' id='par_1_12' title="bbox 1137 4362 2711 5067">
     <span class='ocr_line' id='line_1_29' title="bbox 1216 4362 2711 4436; baseline -0.005 -10"><span class='ocrx_word' id='word_1_143' title='bbox 1216 4371 1237 4408; x_wconf 84' lang='lat'>¹</span> <span class='ocrx_word' id='word_1_144' title='bbox 1296 4369 1459 4426; x_wconf 79' lang='lat' dir='ltr'>Nous</span> <span class='ocrx_word' id='word_1_145' title='bbox 1516 4371 1871 4426; x_wconf 77' lang='lat' dir='ltr'>retrouvons</span> <span class='ocrx_word' id='word_1_146' title='bbox 1923 4363 2075 4421; x_wconf 84' lang='lat' dir='ltr'>dans</span> <span class='ocrx_word' id='word_1_147' title='bbox 2127 4379 2195 4420; x_wconf 86' lang='lat' dir='ltr'>ce</span> <span class='ocrx_word' id='word_1_148' title='bbox 2262 4377 2535 4436; x_wconf 83' lang='lat' dir='ltr'>psaume,</span> <span class='ocrx_word' id='word_1_149' title='bbox 2620 4362 2711 4420; x_wconf 88' lang='lat' dir='ltr'>dit</span> 
     </span>
     <span class='ocr_line' id='line_1_30' title="bbox 1142 4450 2707 4527; baseline -0.004 -10"><span class='ocrx_word' id='word_1_150' title='bbox 1142 4460 1215 4518; x_wconf 74' lang='lat' dir='ltr'>u.</span> <span class='ocrx_word' id='word_1_151' title='bbox 1258 4457 1456 4517; x_wconf 72' lang='lat' dir='ltr'>l&#39;abhe</span> <span class='ocrx_word' id='word_1_152' title='bbox 1488 4457 1749 4522; x_wconf 78' lang='lat' dir='ltr'>Lesetre,</span> <span class='ocrx_word' id='word_1_153' title='bbox 1782 4455 1840 4513; x_wconf 85' lang='lat' dir='ltr'>le</span> <span class='ocrx_word' id='word_1_154' title='bbox 1871 4455 2067 4512; x_wconf 71' lang='lat' dir='ltr'>meme</span> <span class='ocrx_word' id='word_1_155' title='bbox 2096 4453 2255 4527; x_wconf 84' lang='lat' dir='ltr'>sujet</span> <span class='ocrx_word' id='word_1_156' title='bbox 2299 4469 2418 4526; x_wconf 86' lang='lat' dir='ltr'>que</span> <span class='ocrx_word' id='word_1_157' title='bbox 2467 4450 2620 4510; x_wconf 84' lang='lat' dir='ltr'>dans</span> <span class='ocrx_word' id='word_1_158' title='bbox 2653 4452 2707 4510; x_wconf 83' lang='lat' dir='ltr'>le</span> 
     </span>
     <span class='ocr_line' id='line_1_31' title="bbox 1141 4542 2707 4626; baseline -0.005 -17"><span class='ocrx_word' id='word_1_159' title='bbox 1141 4549 1475 4626; x_wconf 73' lang='lat' dir='ltr'>precedent</span> <span class='ocrx_word' id='word_1_160' title='bbox 1499 4565 1517 4616; x_wconf 72' lang='grc' dir='ltr'>ς</span> <span class='ocrx_word' id='word_1_161' title='bbox 1547 4547 1604 4605; x_wconf 87' lang='lat' dir='ltr'>le</span> <span class='ocrx_word' id='word_1_162' title='bbox 1633 4546 1946 4621; x_wconf 79' lang='lat' dir='ltr'>psalmisto</span> <span class='ocrx_word' id='word_1_163' title='bbox 1973 4561 2011 4619; x_wconf 79' lang='lat' dir='ltr'>y</span> <span class='ocrx_word' id='word_1_164' title='bbox 2038 4542 2274 4602; x_wconf 72' lang='lat' dir='ltr'>celebre</span> <span class='ocrx_word' id='word_1_165' title='bbox 2300 4543 2359 4602; x_wconf 85' lang='lat' dir='ltr'>la</span> <span class='ocrx_word' id='word_1_166' title='bbox 2388 4543 2707 4617; x_wconf 80' lang='lat' dir='ltr'>puissance</span> 
     </span>
     <span class='ocr_line' id='line_1_32' title="bbox 1137 4633 2706 4707; baseline -0.006 -8"><span class='ocrx_word' id='word_1_167' title='bbox 1137 4648 1201 4700; x_wconf 87' lang='lat' dir='ltr'>et</span> <span class='ocrx_word' id='word_1_168' title='bbox 1229 4640 1291 4699; x_wconf 89' lang='lat' dir='ltr'>la</span> <span class='ocrx_word' id='word_1_169' title='bbox 1320 4639 1505 4698; x_wconf 67' lang='lat' dir='ltr'>bonta</span> <span class='ocrx_word' id='word_1_170' title='bbox 1534 4637 1610 4696; x_wconf 83' lang='lat' dir='ltr'>de</span> <span class='ocrx_word' id='word_1_171' title='bbox 1640 4638 1789 4696; x_wconf 85' lang='lat' dir='ltr'>Dieu</span> <span class='ocrx_word' id='word_1_172' title='bbox 1827 4635 1979 4694; x_wconf 85' lang='lat' dir='ltr'>dans</span> <span class='ocrx_word' id='word_1_173' title='bbox 2044 4635 2132 4693; x_wconf 79' lang='lat' dir='ltr'>les</span> <span class='ocrx_word' id='word_1_174' title='bbox 2187 4633 2470 4692; x_wconf 76' lang='lat' dir='ltr'>hientaits</span> <span class='ocrx_word' id='word_1_175' title='bbox 2526 4635 2706 4707; x_wconf 71' lang='lat' dir='ltr'>gene·</span> 
     </span>
     <span class='ocr_line' id='line_1_33' title="bbox 1138 4721 2708 4795; baseline -0.005 -7"><span class='ocrx_word' id='word_1_176' title='bbox 1138 4747 1290 4789; x_wconf 78' lang='lat' dir='ltr'>raux</span> <span class='ocrx_word' id='word_1_177' title='bbox 1320 4729 1396 4786; x_wconf 88' lang='lat' dir='ltr'>de</span> <span class='ocrx_word' id='word_1_178' title='bbox 1428 4729 1486 4785; x_wconf 87' lang='lat' dir='ltr'>la</span> <span class='ocrx_word' id='word_1_179' title='bbox 1516 4727 1809 4793; x_wconf 79' lang='lat' dir='ltr'>creation,</span> <span class='ocrx_word' id='word_1_180' title='bbox 1840 4725 1930 4795; x_wconf 61' lang='grc' dir='ltr'>ἣ.</span> <span class='ocrx_word' id='word_1_181' title='bbox 1966 4724 2089 4789; x_wconf 70' lang='grc'>4-9.</span> <span class='ocrx_word' id='word_1_182' title='bbox 2119 4728 2177 4779; x_wconf 87' lang='lat' dir='ltr'>et</span> <span class='ocrx_word' id='word_1_183' title='bbox 2206 4722 2357 4780; x_wconf 79' lang='lat' dir='ltr'>dans</span> <span class='ocrx_word' id='word_1_184' title='bbox 2387 4722 2476 4780; x_wconf 89' lang='lat' dir='ltr'>les</span> <span class='ocrx_word' id='word_1_185' title='bbox 2533 4721 2708 4781; x_wconf 86' lang='lat' dir='ltr'>hien-</span> 
     </span>
     <span class='ocr_line' id='line_1_34' title="bbox 1138 4811 2703 4893; baseline -0.005 -16"><span class='ocrx_word' id='word_1_186' title='bbox 1138 4820 1278 4878; x_wconf 79' lang='lat' dir='ltr'>l&#39;aits</span> <span class='ocrx_word' id='word_1_187' title='bbox 1309 4816 1693 4893; x_wconf 87' lang='lat' dir='ltr'>particuliers</span> <span class='ocrx_word' id='word_1_188' title='bbox 1722 4812 2009 4872; x_wconf 71' lang='lat' dir='ltr'>secordes</span> <span class='ocrx_word' id='word_1_189' title='bbox 2038 4829 2113 4870; x_wconf 88' lang='lat' dir='ltr'>au</span> <span class='ocrx_word' id='word_1_190' title='bbox 2158 4812 2376 4887; x_wconf 84' lang='lat' dir='ltr'>peuple</span> <span class='ocrx_word' id='word_1_191' title='bbox 2436 4811 2703 4880; x_wconf 82' lang='lat' dir='ltr'>d&#39;lsrael,</span> 
     </span>
     <span class='ocr_line' id='line_1_35' title="bbox 1139 4901 2706 4982; baseline -0.006 -16"><span class='ocrx_word' id='word_1_192' title='bbox 1139 4911 1233 4982; x_wconf 53' lang='grc' dir='ltr'>ἢ.</span> <span class='ocrx_word' id='word_1_193' title='bbox 1267 4912 1337 4966; x_wconf 87' lang='grc'>10</span> <span class='ocrx_word' id='word_1_194' title='bbox 1366 4905 1539 4966; x_wconf 72' lang='grc'>25.11</span> <span class='ocrx_word' id='word_1_195' title='bbox 1572 4912 1662 4962; x_wconf 90' lang='lat' dir='ltr'>est</span> <span class='ocrx_word' id='word_1_196' title='bbox 1694 4905 1815 4961; x_wconf 72' lang='lat' dir='ltr'>tres</span> <span class='ocrx_word' id='word_1_197' title='bbox 1847 4902 2132 4978; x_wconf 86' lang='lat' dir='ltr'>probable</span> <span class='ocrx_word' id='word_1_198' title='bbox 2162 4919 2277 4975; x_wconf 88' lang='lat' dir='ltr'>que</span> <span class='ocrx_word' id='word_1_199' title='bbox 2310 4901 2565 4959; x_wconf 83' lang='lat' dir='ltr'>l&#39;auteur</span> <span class='ocrx_word' id='word_1_200' title='bbox 2613 4907 2706 4959; x_wconf 89' lang='lat' dir='ltr'>est</span> 
     </span>
     <span class='ocr_line' id='line_1_36' title="bbox 1138 4989 2699 5067; baseline -0.006 -9"><span class='ocrx_word' id='word_1_201' title='bbox 1138 4999 1304 5058; x_wconf 85' lang='lat' dir='ltr'>aussi</span> <span class='ocrx_word' id='word_1_202' title='bbox 1333 4998 1391 5054; x_wconf 90' lang='lat' dir='ltr'>le</span> <span class='ocrx_word' id='word_1_203' title='bbox 1423 4996 1622 5053; x_wconf 65' lang='lat' dir='ltr'>meme</span> <span class='ocrx_word' id='word_1_204' title='bbox 1652 5010 1768 5067; x_wconf 89' lang='lat' dir='ltr'>que</span> <span class='ocrx_word' id='word_1_205' title='bbox 1796 4992 1954 5050; x_wconf 86' lang='lat' dir='ltr'>celui</span> <span class='ocrx_word' id='word_1_206' title='bbox 1986 4990 2067 5048; x_wconf 87' lang='lat' dir='ltr'>du</span> <span class='ocrx_word' id='word_1_207' title='bbox 2116 5006 2365 5065; x_wconf 84' lang='lat' dir='ltr'>psaume</span> <span class='ocrx_word' id='word_1_208' title='bbox 2403 4989 2699 5048; x_wconf 80' lang='lat' dir='ltr'>cxxxw.</span> 
     </span>
    </p>
   </div>
   <div class='ocr_carea' id='block_1_11' title="bbox 4264 378 4387 441">
    <p class='ocr_par' dir='ltr' id='par_1_13' title="bbox 4264 378 4387 441">
     <span class='ocr_line' id='line_1_37' title="bbox 4264 378 4387 441; baseline 0 0"><span class='ocrx_word' id='word_1_209' title='bbox 4264 378 4387 441; x_wconf 78' lang='lat'>421</span> 
     </span>
    </p>
   </div>
   <div class='ocr_carea' id='block_1_12' title="bbox 2839 542 4383 1178">
    <p class='ocr_par' dir='ltr' id='par_1_14' title="bbox 2839 542 4383 1178">
     <span class='ocr_line' id='line_1_38' title="bbox 3107 542 4381 623; baseline -0.002 -10"><span class='ocrx_word' id='word_1_210' title='bbox 3107 547 3172 613; x_wconf 89' lang='lat' dir='ltr'>in</span> <span class='ocrx_word' id='word_1_211' title='bbox 3239 567 3586 613; x_wconf 72' lang='lat' dir='ltr'>aeternum</span> <span class='ocrx_word' id='word_1_212' title='bbox 3654 542 4148 611; x_wconf 78' lang='lat' dir='ltr'>misericordia</span> <span class='ocrx_word' id='word_1_213' title='bbox 4203 542 4381 623; x_wconf 78' lang='lat' dir='ltr'>eius.</span> 
     </span>
     <span class='ocr_line' id='line_1_39' title="bbox 2839 649 4383 740; baseline -0.001 -21"><span class='ocrx_word' id='word_1_214' title='bbox 2839 654 2948 721; x_wconf 83' lang='lat'>26.</span> <span class='ocrx_word' id='word_1_215' title='bbox 3007 651 3471 722; x_wconf 82' lang='lat' dir='ltr'>Confitemini</span> <span class='ocrx_word' id='word_1_216' title='bbox 3564 654 3712 719; x_wconf 65' lang='lat' dir='ltr'>Deo</span> <span class='ocrx_word' id='word_1_217' title='bbox 3774 650 3963 727; x_wconf 68' lang='lat' dir='ltr'>coefi,</span> <span class='ocrx_word' id='word_1_218' title='bbox 4038 649 4383 740; x_wconf 83' lang='lat' dir='ltr'>quoniam</span> 
     </span>
     <span class='ocr_line' id='line_1_40' title="bbox 3103 759 4288 847; baseline -0.003 -17"><span class='ocrx_word' id='word_1_219' title='bbox 3103 761 3174 830; x_wconf 88' lang='lat' dir='ltr'>in</span> <span class='ocrx_word' id='word_1_220' title='bbox 3209 782 3558 831; x_wconf 77' lang='lat' dir='ltr'>aeternum</span> <span class='ocrx_word' id='word_1_221' title='bbox 3589 759 4086 829; x_wconf 83' lang='lat' dir='ltr'>misericordia</span> <span class='ocrx_word' id='word_1_222' title='bbox 4110 760 4288 847; x_wconf 85' lang='lat' dir='ltr'>ejus.</span> 
     </span>
     <span class='ocr_line' id='line_1_41' title="bbox 3013 870 4378 951; baseline -0.004 -7"><span class='ocrx_word' id='word_1_223' title='bbox 3013 872 3475 945; x_wconf 85' lang='lat' dir='ltr'>Confitemini</span> <span class='ocrx_word' id='word_1_224' title='bbox 3517 870 3831 941; x_wconf 91' lang='lat' dir='ltr'>Domino</span> <span class='ocrx_word' id='word_1_225' title='bbox 3880 870 4378 951; x_wconf 90' lang='lat' dir='ltr'>dominorum,</span> 
     </span>
     <span class='ocr_line' id='line_1_42' title="bbox 3104 978 4383 1072; baseline -0.001 -22"><span class='ocrx_word' id='word_1_226' title='bbox 3104 980 3450 1072; x_wconf 88' lang='lat' dir='ltr'>quoniam</span> <span class='ocrx_word' id='word_1_227' title='bbox 3476 979 3547 1049; x_wconf 93' lang='lat' dir='ltr'>in</span> <span class='ocrx_word' id='word_1_228' title='bbox 3591 999 3944 1049; x_wconf 85' lang='lat' dir='ltr'>aeternum</span> <span class='ocrx_word' id='word_1_229' title='bbox 3976 978 4383 1049; x_wconf 89' lang='lat' dir='ltr'>misericor·</span> 
     </span>
     <span class='ocr_line' id='line_1_43' title="bbox 3104 1086 3452 1178; baseline 0.006 -23"><span class='ocrx_word' id='word_1_230' title='bbox 3104 1087 3221 1156; x_wconf 88' lang='lat' dir='ltr'>dia</span> <span class='ocrx_word' id='word_1_231' title='bbox 3270 1086 3452 1178; x_wconf 87' lang='lat' dir='ltr'>ejus.</span> 
     </span>
    </p>
   </div>
   <div class='ocr_carea' id='block_1_13' title="bbox 2820 1414 4394 4200">
    <p class='ocr_par' dir='ltr' id='par_1_15' title="bbox 2820 1414 4394 4200">
     <span class='ocr_line' id='line_1_44' title="bbox 2845 1414 4391 1488; baseline -0.001 -1"><span class='ocrx_word' id='word_1_232' title='bbox 2845 1418 2930 1487; x_wconf 87' lang='lat' dir='ltr'>ad</span> <span class='ocrx_word' id='word_1_233' title='bbox 2966 1418 3237 1488; x_wconf 90' lang='lat' dir='ltr'>laudem</span> <span class='ocrx_word' id='word_1_234' title='bbox 3302 1419 3548 1486; x_wconf 87' lang='lat' dir='ltr'>invitat</span> <span class='ocrx_word' id='word_1_235' title='bbox 3607 1415 3840 1486; x_wconf 81' lang='lat' dir='ltr'>addita</span> <span class='ocrx_word' id='word_1_236' title='bbox 3880 1415 4150 1485; x_wconf 84' lang='lat' dir='ltr'>modica</span> <span class='ocrx_word' id='word_1_237' title='bbox 4197 1414 4391 1485; x_wconf 76' lang='lat' dir='ltr'>diffe-</span> 
     </span>
     <span class='ocr_line' id='line_1_45' title="bbox 2843 1526 4390 1619; baseline -0.001 -24"><span class='ocrx_word' id='word_1_238' title='bbox 2843 1530 3059 1596; x_wconf 86' lang='lat' dir='ltr'>rentia</span> <span class='ocrx_word' id='word_1_239' title='bbox 3087 1528 3172 1596; x_wconf 94' lang='lat' dir='ltr'>ad</span> <span class='ocrx_word' id='word_1_240' title='bbox 3198 1527 3688 1619; x_wconf 83' lang='lat' dir='ltr'>praecedentem</span> <span class='ocrx_word' id='word_1_241' title='bbox 3746 1526 4130 1606; x_wconf 84' lang='lat' dir='ltr'>Psalmum,</span> <span class='ocrx_word' id='word_1_242' title='bbox 4190 1548 4390 1593; x_wconf 90' lang='lat' dir='ltr'>eum-</span> 
     </span>
     <span class='ocr_line' id='line_1_46' title="bbox 2839 1634 4389 1726; baseline -0.003 -21"><span class='ocrx_word' id='word_1_243' title='bbox 2839 1637 2993 1705; x_wconf 89' lang='lat' dir='ltr'>dem</span> <span class='ocrx_word' id='word_1_244' title='bbox 3053 1637 3335 1704; x_wconf 89' lang='lat' dir='ltr'>omnino</span> <span class='ocrx_word' id='word_1_245' title='bbox 3393 1636 3715 1726; x_wconf 81' lang='lat' dir='ltr'>proponit</span> <span class='ocrx_word' id='word_1_246' title='bbox 3760 1634 4065 1714; x_wconf 89' lang='lat' dir='ltr'>titulum,</span> <span class='ocrx_word' id='word_1_247' title='bbox 4134 1634 4389 1702; x_wconf 88' lang='lat' dir='ltr'>scilicet</span> 
     </span>
     <span class='ocr_line' id='line_1_47' title="bbox 2846 1740 4384 1833; baseline 0.001 -27"><span class='ocrx_word' id='word_1_248' title='bbox 2846 1743 3250 1826; x_wconf 83' lang='lat' dir='ltr'>«Alleluia,</span> <span class='ocrx_word' id='word_1_249' title='bbox 3317 1768 3351 1809; x_wconf 70' lang='grc' dir='ltr'>ι</span> <span class='ocrx_word' id='word_1_250' title='bbox 3396 1741 3579 1833; x_wconf 89' lang='lat' dir='ltr'>quod</span> <span class='ocrx_word' id='word_1_251' title='bbox 3616 1740 3799 1809; x_wconf 89' lang='lat' dir='ltr'>idem</span> <span class='ocrx_word' id='word_1_252' title='bbox 3851 1751 3980 1820; x_wconf 89' lang='lat' dir='ltr'>est,</span> <span class='ocrx_word' id='word_1_253' title='bbox 4039 1742 4215 1810; x_wconf 82' lang='lat' dir='ltr'>sicut</span> <span class='ocrx_word' id='word_1_254' title='bbox 4279 1740 4384 1808; x_wconf 85' lang='lat' dir='ltr'>di-</span> 
     </span>
     <span class='ocr_line' id='line_1_48' title="bbox 2839 1851 4250 1943; baseline -0.003 -23"><span class='ocrx_word' id='word_1_255' title='bbox 2839 1861 3023 1920; x_wconf 87' lang='lat' dir='ltr'>ctum</span> <span class='ocrx_word' id='word_1_256' title='bbox 3052 1853 3177 1920; x_wconf 80' lang='lat' dir='ltr'>fuit</span> <span class='ocrx_word' id='word_1_257' title='bbox 3204 1874 3432 1943; x_wconf 87' lang='lat' dir='ltr'>supra,-</span> <span class='ocrx_word' id='word_1_258' title='bbox 3476 1851 3659 1943; x_wconf 91' lang='lat' dir='ltr'>quod</span> <span class='ocrx_word' id='word_1_259' title='bbox 3689 1851 3977 1919; x_wconf 78' lang='lat' dir='ltr'>laudate</span> <span class='ocrx_word' id='word_1_260' title='bbox 4000 1854 4250 1920; x_wconf 80' lang='lat' dir='ltr'>Deam.</span> 
     </span>
     <span class='ocr_line' id='line_1_49' title="bbox 2930 1955 4391 2050; baseline -0.002 -22"><span class='ocrx_word' id='word_1_261' title='bbox 2930 1959 3277 2040; x_wconf 88' lang='lat' dir='ltr'>Quantum</span> <span class='ocrx_word' id='word_1_262' title='bbox 3317 1968 3544 2027; x_wconf 85' lang='lat' dir='ltr'>autem</span> <span class='ocrx_word' id='word_1_263' title='bbox 3583 1957 3731 2029; x_wconf 92' lang='lat' dir='ltr'>Deo</span> <span class='ocrx_word' id='word_1_264' title='bbox 3786 1958 4049 2050; x_wconf 86' lang='lat' dir='ltr'>placeat</span> <span class='ocrx_word' id='word_1_265' title='bbox 4084 1955 4391 2050; x_wconf 88' lang='lat' dir='ltr'>psalmo-</span> 
     </span>
     <span class='ocr_line' id='line_1_50' title="bbox 2839 2066 4394 2157; baseline -0.003 -21"><span class='ocrx_word' id='word_1_266' title='bbox 2839 2067 2974 2151; x_wconf 86' lang='lat' dir='ltr'>dia,</span> <span class='ocrx_word' id='word_1_267' title='bbox 3042 2069 3339 2138; x_wconf 80' lang='lat' dir='ltr'>maxime</span> <span class='ocrx_word' id='word_1_268' title='bbox 3403 2068 3609 2157; x_wconf 84' lang='lat' dir='ltr'>hujus</span> <span class='ocrx_word' id='word_1_269' title='bbox 3676 2066 3936 2135; x_wconf 85' lang='lat' dir='ltr'>Psalmi</span> <span class='ocrx_word' id='word_1_270' title='bbox 4001 2067 4394 2135; x_wconf 81' lang='lat' dir='ltr'>misericor-</span> 
     </span>
     <span class='ocr_line' id='line_1_51' title="bbox 2840 2176 4390 2273; baseline -0.002 -27"><span class='ocrx_word' id='word_1_271' title='bbox 2840 2177 3024 2248; x_wconf 83' lang='lat' dir='ltr'>diam</span> <span class='ocrx_word' id='word_1_272' title='bbox 3055 2180 3180 2248; x_wconf 88' lang='lat' dir='ltr'>Dei</span> <span class='ocrx_word' id='word_1_273' title='bbox 3217 2178 3598 2273; x_wconf 86' lang='lat' dir='ltr'>specialiter</span> <span class='ocrx_word' id='word_1_274' title='bbox 3627 2177 4043 2270; x_wconf 88' lang='lat' dir='ltr'>replicantis,</span> <span class='ocrx_word' id='word_1_275' title='bbox 4094 2176 4390 2246; x_wconf 86' lang='lat' dir='ltr'>ostendi-</span> 
     </span>
     <span class='ocr_line' id='line_1_52' title="bbox 2837 2283 4387 2378; baseline -0.003 -23"><span class='ocrx_word' id='word_1_276' title='bbox 2837 2296 2951 2355; x_wconf 92' lang='lat' dir='ltr'>tur</span> <span class='ocrx_word' id='word_1_277' title='bbox 3014 2288 3294 2378; x_wconf 89' lang='lat' dir='ltr'>optime,</span> <span class='ocrx_word' id='word_1_278' title='bbox 3363 2290 3540 2356; x_wconf 91' lang='lat' dir='ltr'>sicut</span> <span class='ocrx_word' id='word_1_279' title='bbox 3611 2286 3775 2355; x_wconf 91' lang='lat' dir='ltr'>dicit</span> <span class='ocrx_word' id='word_1_280' title='bbox 3812 2285 4081 2366; x_wconf 87' lang='lat' dir='ltr'>Glossa,</span> <span class='ocrx_word' id='word_1_281' title='bbox 4143 2287 4214 2354; x_wconf 91' lang='lat' dir='ltr'>in</span> <span class='ocrx_word' id='word_1_282' title='bbox 4268 2283 4387 2352; x_wconf 91' lang='lat' dir='ltr'>illo</span> 
     </span>
     <span class='ocr_line' id='line_1_53' title="bbox 2836 2392 4384 2487; baseline -0.001 -25"><span class='ocrx_word' id='word_1_283' title='bbox 2836 2394 3041 2474; x_wconf 78' lang='lat' dir='ltr'>factu,</span> <span class='ocrx_word' id='word_1_284' title='bbox 3084 2395 3268 2487; x_wconf 91' lang='lat' dir='ltr'>quod</span> <span class='ocrx_word' id='word_1_285' title='bbox 3305 2395 3576 2487; x_wconf 81' lang='lat' dir='ltr'>legitur,</span> <span class='ocrx_word' id='word_1_286' title='bbox 3647 2393 3708 2461; x_wconf 92' lang='lat'>11</span> <span class='ocrx_word' id='word_1_287' title='bbox 3778 2394 4075 2486; x_wconf 88' lang='lat' dir='ltr'>Paralip.</span> <span class='ocrx_word' id='word_1_288' title='bbox 4156 2418 4226 2477; x_wconf 80' lang='lat' dir='ltr'>v,</span> <span class='ocrx_word' id='word_1_289' title='bbox 4278 2392 4384 2475; x_wconf 80' lang='lat'>¹3,</span> 
     </span>
     <span class='ocr_line' id='line_1_54' title="bbox 2836 2499 4384 2593; baseline -0.001 -24"><span class='ocrx_word' id='word_1_290' title='bbox 2836 2502 2996 2593; x_wconf 92' lang='lat' dir='ltr'>quia</span> <span class='ocrx_word' id='word_1_291' title='bbox 3034 2525 3189 2571; x_wconf 90' lang='lat' dir='ltr'>cum</span> <span class='ocrx_word' id='word_1_292' title='bbox 3249 2503 3610 2593; x_wconf 87' lang='lat' dir='ltr'>coepissent</span> <span class='ocrx_word' id='word_1_293' title='bbox 3676 2500 3796 2568; x_wconf 83' lang='lat' dir='ltr'>filii</span> <span class='ocrx_word' id='word_1_294' title='bbox 3859 2500 4066 2568; x_wconf 88' lang='lat' dir='ltr'>lsrael</span> <span class='ocrx_word' id='word_1_295' title='bbox 4107 2499 4384 2568; x_wconf 86' lang='lat' dir='ltr'>laudare</span> 
     </span>
     <span class='ocr_line' id='line_1_55' title="bbox 2834 2608 4381 2698; baseline -0.001 -21"><span class='ocrx_word' id='word_1_296' title='bbox 2834 2608 3083 2689; x_wconf 90' lang='lat' dir='ltr'>Deum,</span> <span class='ocrx_word' id='word_1_297' title='bbox 3115 2619 3181 2677; x_wconf 88' lang='lat' dir='ltr'>et</span> <span class='ocrx_word' id='word_1_298' title='bbox 3217 2609 3438 2677; x_wconf 88' lang='lat' dir='ltr'>dicere</span> <span class='ocrx_word' id='word_1_299' title='bbox 3472 2632 3488 2677; x_wconf 73' lang='grc' dir='ltr'><strong><em>ε</em></strong></span> <span class='ocrx_word' id='word_1_300' title='bbox 3553 2609 3998 2698; x_wconf 80' lang='lat' dir='ltr'>Confitemini</span> <span class='ocrx_word' id='word_1_301' title='bbox 4052 2609 4381 2692; x_wconf 83' lang='lat' dir='ltr'>Domino,</span> 
     </span>
     <span class='ocr_line' id='line_1_56' title="bbox 2832 2717 4377 2810; baseline -0.003 -24"><span class='ocrx_word' id='word_1_302' title='bbox 2832 2720 3161 2810; x_wconf 82' lang='lat' dir='ltr'>quoniam</span> <span class='ocrx_word' id='word_1_303' title='bbox 3199 2717 3438 2796; x_wconf 80' lang='lat' dir='ltr'>bonus,</span> <span class='ocrx_word' id='word_1_304' title='bbox 3487 2718 3821 2808; x_wconf 84' lang='lat' dir='ltr'>quoniam</span> <span class='ocrx_word' id='word_1_305' title='bbox 3881 2719 3951 2783; x_wconf 83' lang='lat' dir='ltr'>in</span> <span class='ocrx_word' id='word_1_306' title='bbox 4016 2717 4377 2797; x_wconf 74' lang='lat' dir='ltr'>saeculum,</span> 
     </span>
     <span class='ocr_line' id='line_1_57' title="bbox 2831 2823 4385 2916; baseline -0.001 -23"><span class='ocrx_word' id='word_1_307' title='bbox 2831 2833 2990 2908; x_wconf 86' lang='lat' dir='ltr'>etc-.,</span> <span class='ocrx_word' id='word_1_308' title='bbox 3039 2846 3191 2894; x_wconf 87' lang='lat' dir='ltr'>ecce</span> <span class='ocrx_word' id='word_1_309' title='bbox 3246 2828 3475 2893; x_wconf 89' lang='lat' dir='ltr'>statim</span> <span class='ocrx_word' id='word_1_310' title='bbox 3551 2823 3864 2914; x_wconf 85' lang='lat' dir='ltr'>implevit</span> <span class='ocrx_word' id='word_1_311' title='bbox 3928 2823 4147 2916; x_wconf 81' lang='lat' dir='ltr'>gloria</span> <span class='ocrx_word' id='word_1_312' title='bbox 4213 2831 4385 2891; x_wconf 87' lang='lat' dir='ltr'>tem-</span> 
     </span>
     <span class='ocr_line' id='line_1_58' title="bbox 2831 2928 4388 3022; baseline -0.001 -24"><span class='ocrx_word' id='word_1_313' title='bbox 2831 2930 3022 3022; x_wconf 88' lang='lat' dir='ltr'>plum</span> <span class='ocrx_word' id='word_1_314' title='bbox 3060 2928 3243 3000; x_wconf 79' lang='lat' dir='ltr'>Dei‘.</span> <span class='ocrx_word' id='word_1_315' title='bbox 3282 2932 3396 3000; x_wconf 87' lang='lat' dir='ltr'>Sic</span> <span class='ocrx_word' id='word_1_316' title='bbox 3438 2930 3792 3022; x_wconf 81' lang='lat' dir='ltr'>spirituale</span> <span class='ocrx_word' id='word_1_317' title='bbox 3846 2929 4210 3020; x_wconf 86' lang='lat' dir='ltr'>templum,</span> <span class='ocrx_word' id='word_1_318' title='bbox 4252 2930 4388 2999; x_wconf 86' lang='lat' dir='ltr'>sci·</span> 
     </span>
     <span class='ocr_line' id='line_1_59' title="bbox 2828 3035 4380 3122; baseline -0.001 -15"><span class='ocrx_word' id='word_1_319' title='bbox 2828 3038 2987 3109; x_wconf 87' lang='lat' dir='ltr'>licet</span> <span class='ocrx_word' id='word_1_320' title='bbox 3048 3061 3168 3109; x_wconf 83' lang='lat' dir='ltr'>cor</span> <span class='ocrx_word' id='word_1_321' title='bbox 3227 3036 3663 3116; x_wconf 85' lang='lat' dir='ltr'>humanum,&#39;</span> <span class='ocrx_word' id='word_1_322' title='bbox 3726 3036 3751 3104; x_wconf 90' lang='lat' dir='ltr'>l</span> <span class='ocrx_word' id='word_1_323' title='bbox 3799 3037 3887 3106; x_wconf 86' lang='lat' dir='ltr'>ad</span> <span class='ocrx_word' id='word_1_324' title='bbox 3925 3035 4236 3106; x_wconf 85' lang='lat' dir='ltr'>Corinth.</span> <span class='ocrx_word' id='word_1_325' title='bbox 4282 3060 4380 3122; x_wconf 85' lang='lat' dir='ltr'>m,</span> 
     </span>
     <span class='ocr_line' id='line_1_60' title="bbox 2834 3143 4389 3240; baseline -0.001 -25"><span class='ocrx_word' id='word_1_326' title='bbox 2834 3148 2912 3216; x_wconf 84' lang='lat'>17</span> <span class='ocrx_word' id='word_1_327' title='bbox 2958 3171 2975 3216; x_wconf 90' lang='lat'>:</span> <span class='ocrx_word' id='word_1_328' title='bbox 3024 3146 3377 3240; x_wconf 81' lang='lat' dir='ltr'>Templum</span> <span class='ocrx_word' id='word_1_329' title='bbox 3449 3146 3582 3217; x_wconf 84' lang='lat' dir='ltr'>Dei</span> <span class='ocrx_word' id='word_1_330' title='bbox 3641 3154 3957 3215; x_wconf 76' lang='lat' dir='ltr'>sanctum</span> <span class='ocrx_word' id='word_1_331' title='bbox 4015 3153 4136 3224; x_wconf 72' lang='lat' dir='ltr'>est,</span> <span class='ocrx_word' id='word_1_332' title='bbox 4197 3143 4389 3238; x_wconf 78' lang='lat' dir='ltr'>quod</span> 
     </span>
     <span class='ocr_line' id='line_1_61' title="bbox 2827 3252 4373 3347; baseline -0.003 -24"><span class='ocrx_word' id='word_1_333' title='bbox 2827 3256 2986 3324; x_wconf 77' lang='lat' dir='ltr'>estis</span> <span class='ocrx_word' id='word_1_334' title='bbox 3012 3277 3130 3323; x_wconf 79' lang='lat' dir='ltr'>uos</span> <span class='ocrx_word' id='word_1_335' title='bbox 3158 3277 3182 3323; x_wconf 92' lang='lat'>.·</span> <span class='ocrx_word' id='word_1_336' title='bbox 3210 3276 3366 3323; x_wconf 87' lang='lat' dir='ltr'>cum</span> <span class='ocrx_word' id='word_1_337' title='bbox 3398 3253 3733 3347; x_wconf 86' lang='lat' dir='ltr'>psallitur,</span> <span class='ocrx_word' id='word_1_338' title='bbox 3775 3253 3998 3346; x_wconf 81' lang='lat' dir='ltr'>gloria</span> <span class='ocrx_word' id='word_1_339' title='bbox 4052 3252 4373 3344; x_wconf 86' lang='lat' dir='ltr'>repletur.</span> 
     </span>
     <span class='ocr_line' id='line_1_62' title="bbox 2827 3358 4375 3431; baseline -0.002 -1"><span class='ocrx_word' id='word_1_340' title='bbox 2827 3361 3027 3431; x_wconf 91' lang='lat' dir='ltr'>Cordi</span> <span class='ocrx_word' id='word_1_341' title='bbox 3068 3363 3249 3430; x_wconf 91' lang='lat' dir='ltr'>enim</span> <span class='ocrx_word' id='word_1_342' title='bbox 3297 3361 3416 3429; x_wconf 88' lang='lat' dir='ltr'>tali</span> <span class='ocrx_word' id='word_1_343' title='bbox 3468 3361 3701 3429; x_wconf 88' lang='lat' dir='ltr'>divina</span> <span class='ocrx_word' id='word_1_344' title='bbox 3759 3360 4170 3430; x_wconf 84' lang='lat' dir='ltr'>revelantur.</span> <span class='ocrx_word' id='word_1_345' title='bbox 4245 3358 4375 3427; x_wconf 87' lang='lat' dir='ltr'>Su-</span> 
     </span>
     <span class='ocr_line' id='line_1_63' title="bbox 2823 3468 4376 3560; baseline -0.003 -23"><span class='ocrx_word' id='word_1_346' title='bbox 2823 3492 2967 3560; x_wconf 85' lang='lat' dir='ltr'>pra,</span> <span class='ocrx_word' id='word_1_347' title='bbox 3008 3471 3078 3538; x_wconf 93' lang='lat' dir='ltr'>in</span> <span class='ocrx_word' id='word_1_348' title='bbox 3118 3469 3295 3539; x_wconf 80' lang='lat' dir='ltr'>Psal.</span> <span class='ocrx_word' id='word_1_349' title='bbox 3333 3491 3514 3548; x_wconf 69' lang='grc' dir='ltr'>κως,</span> <span class='ocrx_word' id='word_1_350' title='bbox 3558 3471 3644 3538; x_wconf 82' lang='lat'>23</span> <span class='ocrx_word' id='word_1_351' title='bbox 3689 3470 4179 3557; x_wconf 80' lang='lat' dir='ltr'>:Sacrificium</span> <span class='ocrx_word' id='word_1_352' title='bbox 4222 3468 4376 3534; x_wconf 84' lang='lat' dir='ltr'>lau-</span> 
     </span>
     <span class='ocr_line' id='line_1_64' title="bbox 2827 3580 4370 3672; baseline 0 -25"><span class='ocrx_word' id='word_1_353' title='bbox 2827 3580 2937 3649; x_wconf 78' lang='lat' dir='ltr'>dis</span> <span class='ocrx_word' id='word_1_354' title='bbox 3001 3580 3483 3671; x_wconf 73' lang='lat' dir='ltr'>honorificabit</span> <span class='ocrx_word' id='word_1_355' title='bbox 3545 3603 3678 3661; x_wconf 85' lang='lat' dir='ltr'>me,</span> <span class='ocrx_word' id='word_1_356' title='bbox 3735 3590 3802 3649; x_wconf 81' lang='lat' dir='ltr'>ee</span> <span class='ocrx_word' id='word_1_357' title='bbox 3862 3580 4015 3648; x_wconf 83' lang='lat' dir='ltr'>illic</span> <span class='ocrx_word' id='word_1_358' title='bbox 4053 3581 4181 3648; x_wconf 79' lang='lat' dir='ltr'>iter</span> <span class='ocrx_word' id='word_1_359' title='bbox 4233 3602 4370 3672; x_wconf 84' lang='lat' dir='ltr'>quo</span> 
     </span>
     <span class='ocr_line' id='line_1_65' title="bbox 2827 3685 4371 3778; baseline 0 -23"><span class='ocrx_word' id='word_1_360' title='bbox 2827 3688 3178 3756; x_wconf 80' lang='lat' dir='ltr'>ostendam</span> <span class='ocrx_word' id='word_1_361' title='bbox 3207 3687 3325 3756; x_wconf 87' lang='lat' dir='ltr'>illi</span> <span class='ocrx_word' id='word_1_362' title='bbox 3347 3689 3661 3757; x_wconf 78' lang='lat' dir='ltr'>solutore</span> <span class='ocrx_word' id='word_1_363' title='bbox 3686 3689 3842 3757; x_wconf 84' lang='lat' dir='ltr'>Dei.</span> <span class='ocrx_word' id='word_1_364' title='bbox 3908 3685 4000 3754; x_wconf 79' lang='lat' dir='ltr'>{V</span> <span class='ocrx_word' id='word_1_365' title='bbox 4059 3688 4230 3778; x_wconf 81' lang='lat' dir='ltr'>Reg.</span> <span class='ocrx_word' id='word_1_366' title='bbox 4274 3709 4371 3767; x_wconf 84' lang='lat' dir='ltr'>m,</span> 
     </span>
     <span class='ocr_line' id='line_1_66' title="bbox 2832 3795 4377 3889; baseline -0.001 -25"><span class='ocrx_word' id='word_1_367' title='bbox 2832 3798 2912 3865; x_wconf 80' lang='lat'>15</span> <span class='ocrx_word' id='word_1_368' title='bbox 2942 3805 3010 3865; x_wconf 88' lang='lat' dir='ltr'>et</span> <span class='ocrx_word' id='word_1_369' title='bbox 3047 3819 3219 3889; x_wconf 68' lang='lat' dir='ltr'>seq„</span> <span class='ocrx_word' id='word_1_370' title='bbox 3253 3796 3517 3865; x_wconf 87' lang='lat' dir='ltr'>Eliseus</span> <span class='ocrx_word' id='word_1_371' title='bbox 3556 3795 3641 3864; x_wconf 92' lang='lat' dir='ltr'>ad</span> <span class='ocrx_word' id='word_1_372' title='bbox 3670 3819 3912 3866; x_wconf 88' lang='lat' dir='ltr'>vocem</span> <span class='ocrx_word' id='word_1_373' title='bbox 3953 3795 4251 3888; x_wconf 85' lang='lat' dir='ltr'>psalterii</span> <span class='ocrx_word' id='word_1_374' title='bbox 4283 3795 4377 3863; x_wconf 78' lang='lat' dir='ltr'>iu·</span> 
     </span>
     <span class='ocr_line' id='line_1_67' title="bbox 2825 3903 4384 3998; baseline -0.001 -25"><span class='ocrx_word' id='word_1_375' title='bbox 2825 3912 2977 3973; x_wconf 92' lang='lat' dir='ltr'>tura</span> <span class='ocrx_word' id='word_1_376' title='bbox 3014 3907 3364 3998; x_wconf 84' lang='lat' dir='ltr'>cognovit,</span> <span class='ocrx_word' id='word_1_377' title='bbox 3419 3913 3772 3995; x_wconf 82' lang='lat' dir='ltr'>tamquam</span> <span class='ocrx_word' id='word_1_378' title='bbox 3826 3903 4124 3997; x_wconf 88' lang='lat' dir='ltr'>repletus</span> <span class='ocrx_word' id='word_1_379' title='bbox 4162 3903 4384 3995; x_wconf 83' lang='lat' dir='ltr'>gloria</span> 
     </span>
     <span class='ocr_line' id='line_1_68' title="bbox 2820 4008 4385 4104; baseline 0.001 -26"><span class='ocrx_word' id='word_1_380' title='bbox 2820 4008 3128 4083; x_wconf 88' lang='lat' dir='ltr'>Domini.</span> <span class='ocrx_word' id='word_1_381' title='bbox 3164 4012 3372 4081; x_wconf 86' lang='lat' dir='ltr'>lsaias</span> <span class='ocrx_word' id='word_1_382' title='bbox 3411 4021 3668 4094; x_wconf 88' lang='lat' dir='ltr'>autem,</span> <span class='ocrx_word' id='word_1_383' title='bbox 3727 4035 3825 4092; x_wconf 77' lang='lat' dir='ltr'>vr,</span> <span class='ocrx_word' id='word_1_384' title='bbox 3861 4014 3928 4093; x_wconf 87' lang='lat'>3,</span> <span class='ocrx_word' id='word_1_385' title='bbox 4021 4021 4385 4104; x_wconf 84' lang='lat' dir='ltr'>postquam</span> 
     </span>
     <span class='ocr_line' id='line_1_69' title="bbox 2821 4117 4377 4200; baseline 0 -15"><span class='ocrx_word' id='word_1_386' title='bbox 2821 4117 3083 4188; x_wconf 82' lang='lat' dir='ltr'>dixerat</span> <span class='ocrx_word' id='word_1_387' title='bbox 3146 4142 3218 4189; x_wconf 85' lang='lat' dir='ltr'>se</span> <span class='ocrx_word' id='word_1_388' title='bbox 3281 4119 3626 4189; x_wconf 84' lang='lat' dir='ltr'>audivisse</span> <span class='ocrx_word' id='word_1_389' title='bbox 3692 4142 3898 4189; x_wconf 87' lang='lat' dir='ltr'>voces</span> <span class='ocrx_word' id='word_1_390' title='bbox 3974 4119 4377 4200; x_wconf 84' lang='lat' dir='ltr'>dicentium,</span> 
     </span>
    </p>
   </div>
   <div class='ocr_carea' id='block_1_14' title="bbox 2815 4366 4378 4806">
    <p class='ocr_par' dir='ltr' id='par_1_16' title="bbox 2815 4366 4378 4806">
     <span class='ocr_line' id='line_1_70' title="bbox 2817 4366 4368 4446; baseline 0.003 -18"><span class='ocrx_word' id='word_1_391' title='bbox 2817 4370 2941 4429; x_wconf 85' lang='lat' dir='ltr'>tion</span> <span class='ocrx_word' id='word_1_392' title='bbox 2971 4369 3112 4431; x_wconf 84' lang='lat' dir='ltr'>d&#39;un</span> <span class='ocrx_word' id='word_1_393' title='bbox 3139 4366 3408 4436; x_wconf 74' lang='lat' dir='ltr'>hienfait,</span> <span class='ocrx_word' id='word_1_394' title='bbox 3439 4367 3497 4427; x_wconf 85' lang='lat' dir='ltr'>le</span> <span class='ocrx_word' id='word_1_395' title='bbox 3526 4370 3743 4446; x_wconf 87' lang='lat' dir='ltr'>peuple</span> <span class='ocrx_word' id='word_1_396' title='bbox 3775 4370 4044 4430; x_wconf 86' lang='lat' dir='ltr'>acclame</span> <span class='ocrx_word' id='word_1_397' title='bbox 4093 4370 4153 4428; x_wconf 88' lang='lat' dir='ltr'>la</span> <span class='ocrx_word' id='word_1_398' title='bbox 4191 4372 4368 4432; x_wconf 74' lang='lat' dir='ltr'>mise·</span> 
     </span>
     <span class='ocr_line' id='line_1_71' title="bbox 2817 4456 4373 4534; baseline 0.003 -17"><span class='ocrx_word' id='word_1_399' title='bbox 2817 4459 3181 4518; x_wconf 77' lang='lat' dir='ltr'>ricordieuse</span> <span class='ocrx_word' id='word_1_400' title='bbox 3254 4456 3434 4515; x_wconf 60' lang='lat' dir='ltr'>bonta</span> <span class='ocrx_word' id='word_1_401' title='bbox 3523 4456 3603 4516; x_wconf 89' lang='lat' dir='ltr'>du</span> <span class='ocrx_word' id='word_1_402' title='bbox 3678 4460 3987 4534; x_wconf 78' lang='lat' dir='ltr'>seigneur.</span> <span class='ocrx_word' id='word_1_403' title='bbox 4051 4486 4071 4511; x_wconf 77' lang='grc' dir='ltr'>ι</span> <span class='ocrx_word' id='word_1_404' title='bbox 4166 4462 4373 4522; x_wconf 65' lang='lat' dir='ltr'>Merito</span> 
     </span>
     <span class='ocr_line' id='line_1_72' title="bbox 2816 4548 4374 4623; baseline 0.005 -21"><span class='ocrx_word' id='word_1_405' title='bbox 2816 4573 2848 4602; x_wconf 69' lang='grc' dir='ltr'><strong><em>α</em></strong></span> <span class='ocrx_word' id='word_1_406' title='bbox 2873 4549 3370 4623; x_wconf 77' lang='lat' dir='ltr'>psalmographus</span> <span class='ocrx_word' id='word_1_407' title='bbox 3398 4548 3681 4606; x_wconf 85' lang='lat' dir='ltr'>omnihus</span> <span class='ocrx_word' id='word_1_408' title='bbox 3718 4548 3896 4607; x_wconf 79' lang='lat' dir='ltr'>dictis</span> <span class='ocrx_word' id='word_1_409' title='bbox 3943 4558 4228 4609; x_wconf 65' lang='lat' dir='ltr'>aternam</span> <span class='ocrx_word' id='word_1_410' title='bbox 4261 4554 4374 4610; x_wconf 87' lang='lat' dir='ltr'>mi·</span> 
     </span>
     <span class='ocr_line' id='line_1_73' title="bbox 2815 4639 4378 4717; baseline 0.005 -23"><span class='ocrx_word' id='word_1_411' title='bbox 2815 4662 2845 4694; x_wconf 75' lang='grc' dir='ltr'>ι</span> <span class='ocrx_word' id='word_1_412' title='bbox 2878 4639 3264 4700; x_wconf 75' lang='lat' dir='ltr'>aericordiam</span> <span class='ocrx_word' id='word_1_413' title='bbox 3295 4639 3632 4712; x_wconf 85' lang='lat' dir='ltr'>conjunxit,</span> <span class='ocrx_word' id='word_1_414' title='bbox 3669 4640 3761 4697; x_wconf 84' lang='lat' dir='ltr'>dit</span> <span class='ocrx_word' id='word_1_415' title='bbox 3812 4640 4169 4710; x_wconf 75' lang='lat' dir='ltr'>Theodoret,</span> <span class='ocrx_word' id='word_1_416' title='bbox 4225 4661 4378 4717; x_wconf 87' lang='lat' dir='ltr'>quo-</span> 
     </span>
     <span class='ocr_line' id='line_1_74' title="bbox 2820 4727 4368 4806; baseline 0.006 -24"><span class='ocrx_word' id='word_1_417' title='bbox 2820 4750 2845 4782; x_wconf 78' lang='grc' dir='ltr'>ι</span> <span class='ocrx_word' id='word_1_418' title='bbox 2878 4731 3040 4788; x_wconf 87' lang='lat' dir='ltr'>niam</span> <span class='ocrx_word' id='word_1_419' title='bbox 3101 4746 3221 4787; x_wconf 87' lang='lat' dir='ltr'>non</span> <span class='ocrx_word' id='word_1_420' title='bbox 3276 4727 3353 4785; x_wconf 83' lang='lat' dir='ltr'>oh</span> <span class='ocrx_word' id='word_1_421' title='bbox 3404 4730 3709 4804; x_wconf 85' lang='lat' dir='ltr'>propriam</span> <span class='ocrx_word' id='word_1_422' title='bbox 3765 4732 4210 4806; x_wconf 81' lang='lat' dir='ltr'>necessitatem,</span> <span class='ocrx_word' id='word_1_423' title='bbox 4265 4734 4368 4792; x_wconf 79' lang='lat' dir='ltr'>sed</span> 
     </span>
    </p>
   </div>
   <div class='ocr_carea' id='block_1_15' title="bbox 2811 4815 4367 5075">
    <p class='ocr_par' dir='ltr' id='par_1_17' title="bbox 2811 4815 4367 5075">
     <span class='ocr_line' id='line_1_75' title="bbox 2811 4815 4367 4892; baseline 0.007 -22"><span class='ocrx_word' id='word_1_424' title='bbox 2811 4841 2840 4870; x_wconf 70' lang='grc' dir='ltr'><strong>α</strong></span> <span class='ocrx_word' id='word_1_425' title='bbox 2874 4817 2951 4875; x_wconf 86' lang='lat' dir='ltr'>oh</span> <span class='ocrx_word' id='word_1_426' title='bbox 2983 4818 3171 4876; x_wconf 83' lang='lat' dir='ltr'>solam</span> <span class='ocrx_word' id='word_1_427' title='bbox 3202 4815 3631 4890; x_wconf 79' lang='lat' dir='ltr'>benignitatem</span> <span class='ocrx_word' id='word_1_428' title='bbox 3672 4815 3967 4892; x_wconf 72' lang='lat' dir='ltr'>benignus</span> <span class='ocrx_word' id='word_1_429' title='bbox 3995 4821 4203 4878; x_wconf 88' lang='lat' dir='ltr'>omnia</span> <span class='ocrx_word' id='word_1_430' title='bbox 4224 4838 4367 4880; x_wconf 89' lang='lat' dir='ltr'>con·</span> 
     </span>
     <span class='ocr_line' id='line_1_76' title="bbox 2812 4905 4363 4984; baseline 0.005 -21"><span class='ocrx_word' id='word_1_431' title='bbox 2812 4929 2841 4958; x_wconf 66' lang='lat' dir='ltr'>a</span> <span class='ocrx_word' id='word_1_432' title='bbox 2875 4906 3048 4966; x_wconf 89' lang='lat' dir='ltr'>didit.</span> <span class='ocrx_word' id='word_1_433' title='bbox 3081 4931 3109 4957; x_wconf 75' lang='grc' dir='ltr'>ι»</span> <span class='ocrx_word' id='word_1_434' title='bbox 3139 4907 3294 4964; x_wconf 79' lang='lat' dir='ltr'>&#39;rous</span> <span class='ocrx_word' id='word_1_435' title='bbox 3323 4905 3412 4962; x_wconf 85' lang='lat' dir='ltr'>les</span> <span class='ocrx_word' id='word_1_436' title='bbox 3443 4911 3690 4969; x_wconf 76' lang='lat' dir='ltr'>versets.</span> <span class='ocrx_word' id='word_1_437' title='bbox 3754 4907 3791 4964; x_wconf 74' lang='lat' dir='ltr'>a</span> <span class='ocrx_word' id='word_1_438' title='bbox 3844 4908 4033 4980; x_wconf 87' lang='lat' dir='ltr'>partir</span> <span class='ocrx_word' id='word_1_439' title='bbox 4084 4909 4163 4966; x_wconf 90' lang='lat' dir='ltr'>du</span> <span class='ocrx_word' id='word_1_440' title='bbox 4212 4930 4363 4984; x_wconf 85' lang='lat' dir='ltr'>qua-</span> 
     </span>
     <span class='ocr_line' id='line_1_77' title="bbox 2812 4995 4362 5075; baseline 0.003 -20"><span class='ocrx_word' id='word_1_441' title='bbox 2812 4998 3046 5067; x_wconf 76' lang='lat' dir='ltr'>trieme,</span> <span class='ocrx_word' id='word_1_442' title='bbox 3076 4995 3418 5072; x_wconf 76' lang='lat' dir='ltr'>dependent</span> <span class='ocrx_word' id='word_1_443' title='bbox 3451 4996 3532 5054; x_wconf 90' lang='lat' dir='ltr'>du</span> <span class='ocrx_word' id='word_1_444' title='bbox 3562 4998 3739 5055; x_wconf 77' lang='lat' dir='ltr'>verbe</span> <span class='ocrx_word' id='word_1_445' title='bbox 3768 4999 4112 5071; x_wconf 68' lang='lat' dir='ltr'>precedent.</span> <span class='ocrx_word' id='word_1_446' title='bbox 4156 5003 4362 5075; x_wconf 73' lang='lat' dir='ltr'>hodon,</span> 
     </span>
    </p>
   </div>
   <div class='ocr_carea' id='block_1_16' title="bbox 1133 5082 4367 5336">
    <p class='ocr_par' dir='ltr' id='par_1_18' title="bbox 1133 5082 4367 5336">
     <span class='ocr_line' id='line_1_78' title="bbox 1140 5082 4364 5163; baseline 0.002 -15"><span class='ocrx_word' id='word_1_447' title='bbox 1140 5091 1249 5148; x_wconf 81' lang='lat' dir='ltr'>Les</span> <span class='ocrx_word' id='word_1_448' title='bbox 1272 5105 1411 5147; x_wconf 77' lang='lat' dir='ltr'>vers</span> <span class='ocrx_word' id='word_1_449' title='bbox 1433 5093 1570 5144; x_wconf 84' lang='lat' dir='ltr'>sont</span> <span class='ocrx_word' id='word_1_450' title='bbox 1603 5085 1679 5141; x_wconf 85' lang='lat' dir='ltr'>de</span> <span class='ocrx_word' id='word_1_451' title='bbox 1707 5083 1892 5142; x_wconf 71' lang='lat' dir='ltr'>doute</span> <span class='ocrx_word' id='word_1_452' title='bbox 1917 5082 2177 5158; x_wconf 72' lang='lat' dir='ltr'>syllabas</span> <span class='ocrx_word' id='word_1_453' title='bbox 2205 5088 2266 5140; x_wconf 89' lang='lat' dir='ltr'>et</span> <span class='ocrx_word' id='word_1_454' title='bbox 2320 5087 2583 5155; x_wconf 77' lang='lat' dir='ltr'>peuvent</span> <span class='ocrx_word' id='word_1_455' title='bbox 2636 5099 2702 5140; x_wconf 73' lang='lat' dir='ltr'>se</span> <span class='ocrx_word' id='word_1_456' title='bbox 2809 5088 3025 5146; x_wconf 72' lang='lat' dir='ltr'>render</span> <span class='ocrx_word' id='word_1_457' title='bbox 3080 5089 3413 5163; x_wconf 78' lang='lat' dir='ltr'>hommage.</span> <span class='ocrx_word' id='word_1_458' title='bbox 3475 5088 3583 5146; x_wconf 81' lang='lat' dir='ltr'>Les</span> <span class='ocrx_word' id='word_1_459' title='bbox 3637 5089 4039 5149; x_wconf 77' lang='lat' dir='ltr'>Talmudistes</span> <span class='ocrx_word' id='word_1_460' title='bbox 4091 5092 4364 5154; x_wconf 83' lang='lat' dir='ltr'>donnent</span> 
     </span>
     <span class='ocr_line' id='line_1_79' title="bbox 1133 5175 4367 5259; baseline 0 -17"><span class='ocrx_word' id='word_1_461' title='bbox 1133 5198 1398 5259; x_wconf 80' lang='lat' dir='ltr'>grouper</span> <span class='ocrx_word' id='word_1_462' title='bbox 1454 5196 1530 5238; x_wconf 87' lang='lat' dir='ltr'>en</span> <span class='ocrx_word' id='word_1_463' title='bbox 1588 5177 1870 5251; x_wconf 70' lang='lat' dir='ltr'>strophe·</span> <span class='ocrx_word' id='word_1_464' title='bbox 1918 5175 2230 5234; x_wconf 80' lang='lat' dir='ltr'>ternaires.</span> <span class='ocrx_word' id='word_1_465' title='bbox 2291 5175 2584 5233; x_wconf 74' lang='lat' dir='ltr'>Deliusch</span> <span class='ocrx_word' id='word_1_466' title='bbox 2642 5181 2702 5233; x_wconf 88' lang='lat' dir='ltr'>et</span> <span class='ocrx_word' id='word_1_467' title='bbox 2808 5177 3185 5251; x_wconf 73' lang='lat' dir='ltr'>quelquefois</span> <span class='ocrx_word' id='word_1_468' title='bbox 3238 5177 3275 5234; x_wconf 73' lang='lat' dir='ltr'>a</span> <span class='ocrx_word' id='word_1_469' title='bbox 3316 5193 3384 5235; x_wconf 90' lang='lat' dir='ltr'>ce</span> <span class='ocrx_word' id='word_1_470' title='bbox 3430 5194 3680 5252; x_wconf 84' lang='lat' dir='ltr'>psaume</span> <span class='ocrx_word' id='word_1_471' title='bbox 3729 5177 3786 5236; x_wconf 85' lang='lat' dir='ltr'>le</span> <span class='ocrx_word' id='word_1_472' title='bbox 3846 5195 3988 5236; x_wconf 87' lang='lat' dir='ltr'>nom</span> <span class='ocrx_word' id='word_1_473' title='bbox 4049 5181 4125 5239; x_wconf 88' lang='lat' dir='ltr'>de</span> <span class='ocrx_word' id='word_1_474' title='bbox 4181 5187 4367 5255; x_wconf 66' lang='lat' dir='ltr'>cranei</span> 
     </span>
     <span class='ocr_line' id='line_1_80' title="bbox 1136 5264 3011 5336; baseline -0.002 -7"><span class='ocrx_word' id='word_1_475' title='bbox 1136 5273 1419 5330; x_wconf 69' lang='lat' dir='ltr'>Perovne</span> <span class='ocrx_word' id='word_1_476' title='bbox 1449 5268 1705 5325; x_wconf 83' lang='lat' dir='ltr'>doutent</span> <span class='ocrx_word' id='word_1_477' title='bbox 1729 5265 1805 5323; x_wconf 88' lang='lat' dir='ltr'>de</span> <span class='ocrx_word' id='word_1_478' title='bbox 1835 5264 2266 5323; x_wconf 70' lang='lat' dir='ltr'>Panthemicite</span> <span class='ocrx_word' id='word_1_479' title='bbox 2294 5264 2404 5322; x_wconf 80' lang='lat' dir='ltr'>des</span> <span class='ocrx_word' id='word_1_480' title='bbox 2449 5265 2542 5336; x_wconf 57' lang='grc' dir='ltr'>ἃᾶ.</span> <span class='ocrx_word' id='word_1_481' title='bbox 2603 5267 2702 5322; x_wconf 77' lang='grc'>19-</span> <span class='ocrx_word' id='word_1_482' title='bbox 2805 5267 3011 5327; x_wconf 74' lang='lat' dir='ltr'>Hallael.</span> 
     </span>
    </p>
   </div>
   <div class='ocr_carea' id='block_1_17' title="bbox 1129 5354 2699 5433">
    <p class='ocr_par' dir='ltr' id='par_1_19' title="bbox 1129 5354 2699 5433">
     <span class='ocr_line' id='line_1_81' title="bbox 1129 5354 2699 5433; baseline -0.004 -15"><span class='ocrx_word' id='word_1_483' title='bbox 1129 5362 1226 5433; x_wconf 81' lang='lat'>22,</span> <span class='ocrx_word' id='word_1_484' title='bbox 1257 5368 1320 5420; x_wconf 83' lang='lat' dir='ltr'>et</span> <span class='ocrx_word' id='word_1_485' title='bbox 1347 5356 1579 5417; x_wconf 82' lang='lat' dir='ltr'>Bickell</span> <span class='ocrx_word' id='word_1_486' title='bbox 1608 5357 1698 5414; x_wconf 72' lang='lat' dir='ltr'>les</span> <span class='ocrx_word' id='word_1_487' title='bbox 1736 5355 2066 5431; x_wconf 73' lang='lat' dir='ltr'>supprime,</span> <span class='ocrx_word' id='word_1_488' title='bbox 2124 5373 2190 5413; x_wconf 89' lang='lat' dir='ltr'>ce</span> <span class='ocrx_word' id='word_1_489' title='bbox 2249 5354 2501 5421; x_wconf 82' lang='lat' dir='ltr'>semble,</span> <span class='ocrx_word' id='word_1_490' title='bbox 2558 5370 2699 5412; x_wconf 81' lang='lat' dir='ltr'>avec</span> 
     </span>
    </p>
   </div>
   <div class='ocr_carea' id='block_1_18' title="bbox 2876 5358 4350 5432">
    <p class='ocr_par' dir='ltr' id='par_1_20' title="bbox 2876 5358 4350 5432">
     <span class='ocr_line' id='line_1_82' title="bbox 2876 5358 4350 5432; baseline 0.005 -16"><span class='ocrx_word' id='word_1_491' title='bbox 2876 5360 2899 5396; x_wconf 83' lang='lat'><strong>¹</strong></span> <span class='ocrx_word' id='word_1_492' title='bbox 2930 5360 2980 5416; x_wconf 88' lang='lat'>11</span> <span class='ocrx_word' id='word_1_493' title='bbox 3008 5358 3295 5432; x_wconf 85' lang='lat' dir='ltr'>Palipom.</span> <span class='ocrx_word' id='word_1_494' title='bbox 3329 5374 3383 5427; x_wconf 81' lang='lat' dir='ltr'>v,</span> <span class='ocrx_word' id='word_1_495' title='bbox 3420 5361 3481 5414; x_wconf 83' lang='grc'>13</span> <span class='ocrx_word' id='word_1_496' title='bbox 3515 5374 3530 5414; x_wconf 90' lang='lat'><strong>:</strong></span> <span class='ocrx_word' id='word_1_497' title='bbox 3579 5361 3766 5431; x_wconf 73' lang='lat' dir='ltr'>Lonqe</span> <span class='ocrx_word' id='word_1_498' title='bbox 3827 5362 4039 5420; x_wconf 69' lang='lat' dir='ltr'>sonitus</span> <span class='ocrx_word' id='word_1_499' title='bbox 4083 5366 4350 5424; x_wconf 75' lang='lat' dir='ltr'>audieba-</span> 
     </span>
    </p>
   </div>
   <div class='ocr_carea' id='block_1_19' title="bbox 1130 5433 4355 5525">
    <p class='ocr_par' dir='ltr' id='par_1_21' title="bbox 1130 5433 4355 5525">
     <span class='ocr_line' id='line_1_83' title="bbox 1130 5433 4355 5525; baseline 0.001 -17"><span class='ocrx_word' id='word_1_500' title='bbox 1130 5451 1359 5509; x_wconf 83' lang='lat' dir='ltr'>raison.</span> <span class='ocrx_word' id='word_1_501' title='bbox 1394 5450 1469 5507; x_wconf 81' lang='lat' dir='ltr'>Le</span> <span class='ocrx_word' id='word_1_502' title='bbox 1500 5444 1720 5506; x_wconf 85' lang='lat' dir='ltr'>second</span> <span class='ocrx_word' id='word_1_503' title='bbox 1751 5433 2111 5503; x_wconf 73' lang='lat' dir='ltr'>hemistiche</span> <span class='ocrx_word' id='word_1_504' title='bbox 2140 5445 2215 5503; x_wconf 87' lang='lat' dir='ltr'>de</span> <span class='ocrx_word' id='word_1_505' title='bbox 2273 5444 2508 5519; x_wconf 87' lang='lat' dir='ltr'>chaque</span> <span class='ocrx_word' id='word_1_506' title='bbox 2563 5460 2694 5501; x_wconf 80' lang='lat' dir='ltr'>vers</span> <span class='ocrx_word' id='word_1_507' title='bbox 2803 5449 3025 5516; x_wconf 68' lang='lat' dir='ltr'>tur-,ita</span> <span class='ocrx_word' id='word_1_508' title='bbox 3079 5454 3141 5504; x_wconf 78' lang='lat' dir='ltr'>ut</span> <span class='ocrx_word' id='word_1_509' title='bbox 3171 5463 3294 5504; x_wconf 79' lang='lat' dir='ltr'>cum</span> <span class='ocrx_word' id='word_1_510' title='bbox 3324 5447 3612 5503; x_wconf 74' lang='lat' dir='ltr'>Dominum</span> <span class='ocrx_word' id='word_1_511' title='bbox 3663 5447 3898 5506; x_wconf 81' lang='lat' dir='ltr'>laudare</span> <span class='ocrx_word' id='word_1_512' title='bbox 3935 5456 4244 5525; x_wconf 71' lang='lat' dir='ltr'>cepissent,</span> <span class='ocrx_word' id='word_1_513' title='bbox 4301 5462 4355 5512; x_wconf 76' lang='lat' dir='ltr'>et</span> 
     </span>
    </p>
   </div>
   <div class='ocr_carea' id='block_1_20' title="bbox 1131 5531 2693 5598">
    <p class='ocr_par' dir='ltr' id='par_1_22' title="bbox 1131 5531 2693 5598">
     <span class='ocr_line' id='line_1_84' title="bbox 1131 5531 2693 5598; baseline -0.005 0"><span class='ocrx_word' id='word_1_514' title='bbox 1131 5546 1224 5598; x_wconf 87' lang='lat' dir='ltr'>est</span> <span class='ocrx_word' id='word_1_515' title='bbox 1251 5537 1763 5596; x_wconf 79' lang='lat' dir='ltr'>invariablement</span> <span class='ocrx_word' id='word_1_516' title='bbox 1789 5533 1980 5591; x_wconf 73' lang='lat' dir='ltr'>forme</span> <span class='ocrx_word' id='word_1_517' title='bbox 2008 5531 2116 5591; x_wconf 87' lang='lat' dir='ltr'>des</span> <span class='ocrx_word' id='word_1_518' title='bbox 2161 5541 2360 5592; x_wconf 80' lang='lat' dir='ltr'>mets:</span> <span class='ocrx_word' id='word_1_519' title='bbox 2420 5532 2482 5590; x_wconf 73' lang='lat' dir='ltr'>ki</span> <span class='ocrx_word' id='word_1_520' title='bbox 2539 5532 2693 5590; x_wconf 73' lang='lat' dir='ltr'>leho-</span> 
     </span>
    </p>
   </div>
   <div class='ocr_carea' id='block_1_21' title="bbox 2799 5535 4350 5613">
    <p class='ocr_par' dir='ltr' id='par_1_23' title="bbox 2799 5535 4350 5613">
     <span class='ocr_line' id='line_1_85' title="bbox 2799 5535 4350 5613; baseline 0.003 -17"><span class='ocrx_word' id='word_1_521' title='bbox 2799 5539 2982 5596; x_wconf 76' lang='lat' dir='ltr'>dicera</span> <span class='ocrx_word' id='word_1_522' title='bbox 3037 5553 3059 5593; x_wconf 92' lang='lat'>.·</span> <span class='ocrx_word' id='word_1_523' title='bbox 3114 5535 3471 5608; x_wconf 73' lang='lat' dir='ltr'>eonfitemim·</span> <span class='ocrx_word' id='word_1_524' title='bbox 3526 5536 3757 5594; x_wconf 82' lang='lat' dir='ltr'>Domino</span> <span class='ocrx_word' id='word_1_525' title='bbox 3815 5548 4081 5612; x_wconf 71' lang='lat' dir='ltr'>quoniam</span> <span class='ocrx_word' id='word_1_526' title='bbox 4157 5544 4350 5613; x_wconf 76' lang='lat' dir='ltr'>boum,</span> 
     </span>
    </p>
   </div>
   <div class='ocr_carea' id='block_1_22' title="bbox 1126 5623 4344 5792">
    <p class='ocr_par' dir='ltr' id='par_1_24' title="bbox 1126 5623 4344 5792">
     <span class='ocr_line' id='line_1_86' title="bbox 1132 5623 4344 5707; baseline 0.001 -19"><span class='ocrx_word' id='word_1_527' title='bbox 1132 5632 1247 5688; x_wconf 81' lang='lat' dir='ltr'>lam</span> <span class='ocrx_word' id='word_1_528' title='bbox 1274 5629 1499 5695; x_wconf 72' lang='grc' dir='ltr'><strong><em>εὴωάο.</em></strong></span> <span class='ocrx_word' id='word_1_529' title='bbox 1531 5645 1600 5687; x_wconf 88' lang='lat' dir='ltr'>ce</span> <span class='ocrx_word' id='word_1_530' title='bbox 1627 5626 1733 5701; x_wconf 87' lang='lat' dir='ltr'>qui</span> <span class='ocrx_word' id='word_1_531' title='bbox 1762 5625 1873 5683; x_wconf 76' lang='lat' dir='ltr'>tait</span> <span class='ocrx_word' id='word_1_532' title='bbox 1899 5641 2016 5699; x_wconf 83' lang='lat' dir='ltr'>que</span> <span class='ocrx_word' id='word_1_533' title='bbox 2046 5623 2104 5682; x_wconf 87' lang='lat' dir='ltr'>le</span> <span class='ocrx_word' id='word_1_534' title='bbox 2133 5641 2382 5699; x_wconf 86' lang='lat' dir='ltr'>psaume</span> <span class='ocrx_word' id='word_1_535' title='bbox 2435 5640 2692 5682; x_wconf 85' lang='lat' dir='ltr'>ressem-</span> <span class='ocrx_word' id='word_1_536' title='bbox 2795 5631 3057 5702; x_wconf 69' lang='lat' dir='ltr'>qnoniam</span> <span class='ocrx_word' id='word_1_537' title='bbox 3089 5629 3149 5685; x_wconf 74' lang='lat' dir='ltr'>in</span> <span class='ocrx_word' id='word_1_538' title='bbox 3202 5635 3469 5685; x_wconf 67' lang='lat' dir='ltr'>eternum</span> <span class='ocrx_word' id='word_1_539' title='bbox 3497 5628 3882 5688; x_wconf 68' lang='lat' dir='ltr'>misericordia</span> <span class='ocrx_word' id='word_1_540' title='bbox 3937 5632 4087 5705; x_wconf 71' lang='lat' dir='ltr'>ejus,</span> <span class='ocrx_word' id='word_1_541' title='bbox 4147 5635 4344 5707; x_wconf 75' lang='lat' dir='ltr'>imple·</span> 
     </span>
     <span class='ocr_line' id='line_1_87' title="bbox 1126 5715 3480 5792; baseline -0.003 -11"><span class='ocrx_word' id='word_1_542' title='bbox 1126 5721 1230 5781; x_wconf 82' lang='lat' dir='ltr'>hle</span> <span class='ocrx_word' id='word_1_543' title='bbox 1259 5737 1429 5780; x_wconf 77' lang='lat' dir='ltr'>assez</span> <span class='ocrx_word' id='word_1_544' title='bbox 1454 5720 1493 5777; x_wconf 73' lang='lat' dir='ltr'>a</span> <span class='ocrx_word' id='word_1_545' title='bbox 1518 5736 1633 5779; x_wconf 74' lang='lat' dir='ltr'>nos</span> <span class='ocrx_word' id='word_1_546' title='bbox 1658 5717 1943 5787; x_wconf 68' lang='lat' dir='ltr'>litania-3</span> <span class='ocrx_word' id='word_1_547' title='bbox 1999 5715 2176 5792; x_wconf 68' lang='lat' dir='ltr'>apres</span> <span class='ocrx_word' id='word_1_548' title='bbox 2226 5716 2461 5791; x_wconf 76' lang='lat' dir='ltr'>chaque</span> <span class='ocrx_word' id='word_1_549' title='bbox 2517 5732 2690 5776; x_wconf 84' lang='lat' dir='ltr'>men·</span> <span class='ocrx_word' id='word_1_550' title='bbox 2792 5725 2947 5777; x_wconf 72' lang='lat' dir='ltr'>roua·</span> <span class='ocrx_word' id='word_1_551' title='bbox 2971 5718 3163 5776; x_wconf 71' lang='lat' dir='ltr'>domm</span> <span class='ocrx_word' id='word_1_552' title='bbox 3189 5717 3290 5775; x_wconf 78' lang='lat' dir='ltr'>Dei</span> <span class='ocrx_word' id='word_1_553' title='bbox 3313 5716 3480 5774; x_wconf 77' lang='lat' dir='ltr'>nube.</span> 
     </span>
    </p>
   </div>
  </div>
 </body>
</html>
