5008 6329
1837 379 2545 450 COMMENTARIUS
2594 377 2690 445 IN
2734 377 3170 449 PSALMUM
3222 379 3529 448 cxxln.

1143 546 1302 612 duo.
1342 547 1603 626 Primo,
1656 553 1914 641 ereptio
1974 551 2172 642 plena
2204 560 2271 620 et
2308 550 2616 619 liberatio
2659 569 2697 613 a

1140 656 1517 722 tentatione
1558 657 1849 725 occulta.
1912 658 2253 736 SecundO,
2314 680 2432 748 per
2491 676 2693 745 quern

1139 759 1313 826 faeta
1346 770 1448 828 est
1506 763 1844 843 liberatio,
1909 766 2026 847 ibi,
2060 775 2123 841 ς’.
2161 768 2245 833 8;
2292 794 2322 825 «
2392 763 2695 851 Adjuto-

1142 869 1352 935 rium.
1400 895 1432 933 »

1234 972 1311 1041 ln
1344 979 1567 1065 prima
1601 979 1762 1047 duo.
1801 980 2063 1061 Primo,
2105 976 2510 1044 beneficium
2558 999 2695 1044 ere-

1138 1086 1394 1172 ptionis
1436 1111 1475 1155 a
1552 1091 1931 1157 tentatione
2001 1088 2290 1157 occulta.
2352 1086 2690 1167 Secundo,

1136 1193 1354 1282 plenae
1387 1205 1452 1263 et
1496 1196 1807 1287 perfectae
1859 1196 2308 1277 liberationis,
2342 1197 2460 1278 ibi,
2494 1224 2523 1260 n
2566 1199 2697 1264 La-

1140 1323 1351 1391 queus
1380 1305 1716 1370 contritus
1754 1314 1874 1373 est.
1913 1330 1945 1369 »

1228 1407 1307 1474 ln
1349 1410 1572 1499 prima
1611 1411 1761 1476 tria.
1812 1410 2073 1490 Primo,
2118 1412 2489 1480 secundum
2535 1409 2696 1501 quid

1137 1525 1297 1583 sunt
1328 1517 1566 1605 erepti,
1604 1518 1767 1608 quia
1797 1518 2170 1588 secundum
2195 1520 2519 1599 animam,
2556 1541 2697 1586 non

1134 1623 1514 1690 secundum
1575 1647 1847 1716 corpus.
1925 1625 2267 1710 Secunde,
2346 1625 2692 1717 quomodo

1137 1738 1296 1797 sunt
1328 1732 1572 1822 erepti,
1606 1734 1769 1823 quia
1803 1760 1835 1800 α
1866 1736 2045 1802 sieut
2073 1758 2342 1827 passer.
2379 1759 2413 1800 ι»
2467 1734 2693 1803 Tertio

1135 1860 1173 1903 a
1200 1860 1338 1927 quo
1371 1847 1533 1907 sunt
1563 1842 1808 1931 erepti,
1844 1841 1965 1922 ibi,
2003 1865 2036 1907 ι
2085 1845 2191 1910 De
2224 1842 2494 1934 laqueo,
2533 1870 2565 1903 »

1219 1945 1403 2013 Dicit
1461 1969 1671 2039 ergo:
1749 1946 1864 2015 Sic
1927 1971 2068 2017 non
2100 1949 2284 2017 dedit
2324 1972 2448 2018 nos
2478 1949 2548 2016 in
2589 1972 2696 2017 ca-

1126 2054 1435 2142 ptionem
1469 2053 1814 2134 dentibus,
1849 2063 1915 2124 et
1957 2056 2159 2124 etiam
2205 2084 2235 2120 α
2265 2058 2500 2124 anima
2565 2079 2697 2123 no-

1132 2169 1305 2240 stra,
1346 2190 1377 2223 »
1435 2162 1775 2254 quidquid
1808 2164 1896 2232 sit
1923 2163 2007 2231 de
2054 2187 2363 2255 corpore.
2402 2164 2563 2244 Job,
2595 2187 2690 2244 lx,

1129 2270 1260 2339 24:
1308 2272 1517 2339 Terra
1549 2271 1720 2339 data
1758 2282 1856 2340 est
1886 2274 1958 2342 in
1987 2297 2235 2342 manus
2266 2275 2488 2365 impii.
2528 2272 2688 2354 Job,

1131 2402 1203 2461 n,
1238 2380 1279 2446 6
1307 2401 1322 2445 :
1400 2381 1881 2450 Verumtamen
1912 2384 2219 2452 animam
2244 2382 2442 2450 illius
2468 2405 2687 2449 serva.

1134 2511 1166 2551 α
1212 2488 1476 2578 Erepta
1507 2496 1608 2555 est
1630 2489 1810 2557 sicut
1835 2513 2075 2581 passer
2112 2517 2140 2552 a
2211 2489 2518 2580 eripitur,
2575 2489 2691 2580 qui

1132 2596 1255 2662 etsi
1317 2595 1659 2687 relinquat
1755 2596 2093 2688 plumam,
2161 2606 2390 2666 tamen
2466 2596 2696 2667 avolat

1130 2700 1524 2793 aliquando.
1566 2702 1682 2772 Sic
1711 2706 1926 2773 sancti
1969 2706 2290 2773 amittunt
2321 2728 2450 2784 res,
2489 2704 2689 2773 relin-

1133 2816 1356 2898 quunt
1386 2831 1702 2900 corpora,
1746 2820 1812 2880 et
1869 2810 2100 2879 avolat
2154 2814 2409 2882 anima.
2468 2811 2686 2881 Levit.

1131 2938 1270 2994 xiv,
1342 2916 1383 2982 4
1451 2925 1519 2985 et
1575 2940 1752 3009 seq„
1821 2917 1957 2987 I‘ro
2020 2918 2272 3011 leprosi
2351 2920 2692 2989 emunda-

1127 3022 1336 3107 tione,
1383 3046 1561 3092 unus
1602 3047 1862 3116 passer,
1931 3048 2089 3094 caro
2120 3025 2400 3102 scilicet,
2438 3028 2692 3097 immo-

1127 3128 1427 3210 labatur,
1471 3138 1539 3200 et
1578 3131 1753 3201 alius
1796 3133 2146 3204 sinebatur
2174 3134 2471 3204 avolare.
2512 3159 2546 3202 α
2591 3136 2693 3204 De

1131 3237 1380 3328 laqueo
1414 3241 1839 3316 venantium,
1916 3265 1948 3304 s
2013 3241 2095 3311 de
2148 3241 2523 3311 tentatione
2582 3265 2692 3312 oc-

1133 3348 1315 3417 culta
1346 3350 1771 3421 daemonum.
1808 3350 1937 3420 llic
1955 3361 2055 3420 est
2078 3352 2385 3444 laqueuS,
2418 3354 2499 3420 de
2523 3376 2684 3444 qun,

1133 3456 1263 3524 lsa.
1308 3479 1501 3536 xxiv,
1541 3459 1665 3526 17:
1711 3459 2068 3539 Formido,
2111 3470 2176 3528 et
2214 3462 2439 3550 lovea,
2481 3470 2546 3528 et
2590 3461 2691 3529 la-

1126 3586 1344 3654 queus
1383 3588 1595 3658 super
1649 3576 1739 3645 te,
1781 3567 1907 3657 qui
1931 3565 2285 3636 habitator
2358 3592 2424 3636 es
2466 3576 2684 3636 terra».

1135 3672 1361 3762 Super
1436 3670 1858 3743 habitatores
1920 3683 2115 3745 terrae
2188 3675 2434 3744 dicitur
2513 3699 2682 3749 esse.

1123 3776 1377 3849 'l'hren.
1422 3804 1523 3858 ιιι,
1567 3783 1699 3849 52:
1775 3784 2135 3852 Venatione
2191 3793 2508 3876 ceperunt
2580 3804 2689 3852 me

1132 3887 1339 3977 quasi
1375 3910 1595 3956 avem.
1641 3886 1800 3957 Non
1828 3911 2035 3979 super
2061 3899 2334 3959 sanctos
2377 3889 2687 3960 volantes

1123 3993 1193 4059 in
1223 4015 1423 4064 aere:
1496 3996 1684 4086 quia,
1748 3993 2077 4068 Proverb.
2122 4020 2169 4073 1,
2246 3999 2352 4079 Π,
2396 3998 2682 4068 dicitur:

1128 4102 1426 4170 Frustra
1452 4102 1735 4193 jacitur
1761 4115 1899 4174 rete
1935 4116 2096 4174 aute
2140 4107 2375 4176 oculos
2431 4130 2689 4199 penna·

1127 4218 1379 4277 torum.
1428 4208 1686 4279 Jerem.
1736 4234 1809 4290 ν,
1851 4213 1990 4280 26;
2070 4213 2340 4284 Inventi
2387 4224 2551 4283 suut
2614 4215 2686 4283 in

1124 4315 1395 4408 populo
1425 4340 1575 4387 meo
1614 4320 1753 4388 viri
1778 4321 1985 4412 impii
2029 4321 2310 4414 laqueos
2330 4332 2682 4416 ponentes,

1126 4435 1190 4494 et
1222 4426 1511 4517 pedicas
1566 4429 1665 4497 ad
1707 4430 2075 4522 capiendos
2121 4433 2326 4502 viros.
2352 4416 2680 4524 'Sapienh

1119 4555 1264 4611 xiv,
1315 4535 1424 4614 11,
1478 4532 1789 4605 dicitur:
1842 4538 2072 4605 Factae
2106 4547 2351 4607 sunt...
2413 4539 2482 4607 in
2539 4560 2688 4607 mu-

1117 4640 1469 4731 scipulam
1488 4641 1792 4733 pedibus
1824 4644 2325 4737 insipientium.

1215 4881 1249 4921 α
1292 4859 1619 4949 Laqueus
1656 4860 1993 4929 contritus
2041 4869 2161 4930 est.
2199 4885 2233 4926 ι»
2305 4861 2433 4930 llic
2478 4884 2684 4931 mon-

1118 4973 1376 5033 stratur
1403 4967 1609 5057 plena
1649 4975 1718 5035 et
1768 4969 2058 5059 perfecta
2116 4972 2373 5062 ereptio
2405 4971 2475 5038 in
2504 4969 2682 5038 duo-

1119 5070 1273 5139 bus.
1333 5070 1411 5139 In
1480 5071 1710 5165 laquei
1776 5076 2185 5145 contritione
2241 5078 2490 5168 primo.
2553 5076 2684 5147 Se-

1118 5180 1376 5267 cundo,
1413 5181 1482 5250 in
1523 5191 1917 5274 ereptorum
1978 5182 2313 5272 libertate,
2347 5185 2464 5263 ibi,
2512 5215 2546 5251 «ι
2586 5190 2683 5256 Ει

1119 5311 1269 5357 nos.
1308 5315 1342 5355 ι
1771 5362 1774 5365 ,

1208 5395 1390 5464 Dicit
1412 5419 1577 5489 ergo
1605 5417 1622 5464 ε
1652 5394 1768 5466 Sic
1787 5396 1965 5477 dico,
1993 5398 2176 5489 quod
2197 5401 2427 5468 anima
2449 5407 2682 5468 nostra

1117 5512 1352 5596 erepta
1419 5515 1521 5575 cst
1584 5507 1763 5577 sicut
1826 5530 2084 5600 passer,
2150 5516 2220 5578 et
2278 5511 2570 5602 perfecte
2615 5519 2682 5578 et

1119 5610 1347 5704 plene,
1391 5613 1557 5705 quia
1599 5642 1629 5678 ι
1686 5615 1977 5708 laqueus
2007 5642 2042 5680 n
2120 5617 2327 5685 etiam
2361 5643 2393 5683 α
2426 5618 2680 5686 contri-

1119 5730 1231 5790 tus
1267 5733 1393 5810 est,
1430 5747 1464 5787 ι
1509 5721 1933 5808 divitiarum,
1992 5724 2362 5807 honorum,
2397 5732 2461 5794 et
2516 5724 2680 5794 deli·

4229 379 4351 445 361

2805 548 3061 614 ciarum
3116 571 3130 615 :
3186 556 3405 614 toturn
3480 549 3661 615 enim
3740 547 4005 627 transit,
4095 556 4161 614 et
4236 569 4353 614 an·

2803 652 3150 720 nihilatur.
3187 653 3215 720 1
3242 654 3445 722 Joan.
3471 677 3540 730 11,
3583 656 3660 721 17
3689 676 3704 719 :
3733 655 4041 720 Mundus
4072 655 4348 737 transit,

2803 769 2866 826 et
2895 762 3434 853 concupiscentia
3473 761 3650 850 ejus,
3688 760 3818 828 Isa.
3865 783 3936 839 x,
3981 761 4107 826 27:
4158 761 4352 828 Com-

2796 877 3136 959 putreseet
3186 868 3451 960 jupam
3505 893 3546 935 α
3608 870 3794 958 facie
3861 867 4020 934 olei.
4089 866 4346 935 Jerem.

2802 999 2966 1061 xxx,
3009 978 3090 1044 8:
3139 978 3498 1046 Conteram
3516 977 3784 1067 jupam
3842 976 3998 1065 ejus
4037 976 4122 1043 de
4166 975 4347 1042 collo

2803 1095 2947 1169 tue,
2981 1096 3042 1152 et
3081 1086 3356 1153 vincula
3403 1086 3557 1175 ejus
3621 1086 4047 1176 dirumpam.
4091 1084 4349 1152 Diabo-

2800 1189 2907 1257 lus
2939 1193 3123 1259 enim
3152 1191 3503 1260 hominem
3532 1191 3880 1282 illaqueat,
3916 1214 4073 1259 cum
4121 1190 4351 1281 dejicit

2802 1300 2872 1365 in
2899 1298 3194 1390 culpam,
3246 1301 3364 1369 sed
3431 1301 3704 1392 quando
3755 1300 4015 1369 inducit
4071 1302 4142 1368 in
4190 1324 4351 1369 con-

2800 1406 3256 1486 suetudinem,
3316 1410 3509 1499 quasi
3549 1410 3619 1476 in
3667 1430 4007 1477 carcerem
4048 1407 4345 1476 claudit:

2800 1516 2917 1585 sed
2947 1515 3284 1584 Dominus
3323 1516 3646 1607 laqueum
3687 1517 4000 1595 conterit,
4035 1524 4103 1584 et
4132 1538 4354 1585 carce-

2803 1646 2945 1691 rem
2989 1623 3258 1714 frangit.
3295 1623 3426 1690 Isa.
3480 1647 3634 1701 xcv,
3681 1626 3720 1690 2
3773 1646 3788 1691 :
3846 1627 4095 1691 Portas
4139 1648 4352 1692 aereas

2800 1740 3142 1799 conteram
3182 1741 3339 1799 ante
3376 1754 3553 1808 eum,
3589 1741 3654 1799 et
3679 1742 3890 1799 vectes
3915 1735 4177 1823 ferreos
4204 1755 4356 1798 con·

2801 1841 3140 1930 frinqam.

2901 1977 2933 2010 a
2964 1951 3058 2016 Et
3093 1973 3215 2016 nos
3249 1948 3525 2017 liberati
3567 1972 3835 2018 sumus.
3876 1974 3909 2015 a
3944 1947 3967 2015 l
4032 1946 4346 2016 Machab.

2802 2079 2873 2136 11,
2909 2057 2993 2125 60
3022 2080 3037 2124 :
3070 2056 3332 2125 Daniel
3357 2058 3425 2123 in
3490 2080 3619 2126 sua
3669 2056 4127 2147 simplicitate
4182 2056 4357 2124 libe-

2802 2175 2997 2233 ratus
3025 2176 3122 2233 est
3160 2166 3243 2233 de
3269 2189 3384 2233 ore
3423 2165 3721 2234 leonum.

2891 2507 2922 2546 ι
2975 2481 3431 2572 Adjutorium
3467 2494 3804 2552 nostrum.
3852 2513 3883 2546 n
3931 2484 4062 2553 llic
4102 2508 4352 2554 secun-

2799 2586 2993 2669 dum,
3054 2586 3307 2656 scilicet
3353 2587 3736 2657 liberatoris
3785 2588 4150 2680 descriptio
4196 2613 4213 2658 :
4276 2591 4345 2658 in

2799 2716 2934 2785 quo
2976 2695 3274 2785 tangitur
3305 2697 3523 2787 primo
3557 2697 3709 2787 quis
3756 2697 3866 2779 sit,
3903 2697 4065 2788 quia
4100 2697 4351 2767 Domi-

2798 2825 2927 2870 nus
2968 2802 3272 2871 dominio
3307 2803 3658 2896 singulari.
3707 2804 4053 2887 Secundo,
4102 2807 4346 2897 qualis,

2797 2911 2960 3001 quia
3024 2919 3265 3002 potens
3330 2914 3639 3002 potentia
3713 2911 4088 2981 universali
4146 2938 4353 3006 super

2796 3044 3072 3090 omnem
3130 3022 3549 3113 superiorem
3616 3028 3681 3089 et
3731 3021 4121 3092 inferiorem
4171 3047 4354 3092 crea-

2796 3139 3047 3212 turam,
3082 3129 3202 3210 ibi,
3239 3155 3271 3196 α
3311 3131 3449 3217 Qui
3473 3131 3641 3220 lecit
3676 3130 3952 3201 coelum.
3989 3157 4025 3196 n

2887 3239 3063 3308 Dicit
3093 3262 3296 3330 ergo:
3354 3237 3467 3306 Sic
3514 3262 3754 3306 sumus
3797 3238 4092 3320 liberati,
4146 3241 4265 3309 sed
4312 3265 4352 3310 a

2795 3349 2989 3438 quo?
3055 3348 3265 3416 Eece:
3319 3377 3351 3409 α
3398 3346 3858 3437 Adjutoriam
3935 3359 4275 3427 nostrum,
4313 3375 4345 3414 n

2793 3479 2934 3525 non
2982 3479 3021 3522 a
3058 3455 3281 3535 nobiS,
3318 3456 3538 3523 necin
3581 3455 3780 3522 nobis
3837 3455 3989 3532 suit,
4036 3485 4069 3518 «
4100 3456 4226 3524 sed
4278 3458 4348 3524 in

2792 3566 3088 3648 tionaeiue,
3118 3590 3152 3629 a
3212 3562 3281 3632 id
3353 3572 3478 3642 est,
3512 3564 3581 3631 in
3634 3564 4095 3644 invocatione,
4136 3593 4168 3628 «
4200 3568 4350 3634 Do-

2793 3674 2993 3754 mini,
3038 3699 3072 3736 »
3112 3680 3349 3742 contra
3391 3694 3594 3763 quem
3628 3672 3858 3741 nullus
3888 3680 4114 3764 potest
4167 3696 4349 3765 prae-

2792 3781 3020 3850 valere
3062 3783 3374 3852 omnino.
3449 3779 3777 3850 l‘roverb.
3849 3804 3993 3867 xxi,
4028 3783 4157 3851 30:
4193 3783 4346 3852 Non

2792 3901 2889 3958 est
2914 3890 3283 3983 sapientia,
3315 3913 3451 3957 nou
3480 3897 3577 3956 est
3612 3889 4016 3980 prudentia,
4059 3913 4196 3957 non
4251 3900 4348 3958 est

2790 3998 3156 4067 consiliam
3187 4010 3424 4066 contra
3463 3999 3868 4066 Dominum.
3905 3997 4012 4066 Ad
4048 3997 4342 4066 Roman.

2790 4122 2935 4179 vin,
2970 4102 3048 4169 31
3089 4122 3105 4168 ε
3138 4102 3222 4171 Si
3258 4103 3448 4196 Deus
3467 4123 3600 4192 pro
3646 4098 3869 4180 nobis,
3910 4102 4070 4192 quis
4105 4112 4343 4170 contra

2789 4232 2912 4277 nos
2941 4207 2984 4276 ?
3015 4207 3176 4290 Job,
3217 4232 3348 4288 xm,
3391 4211 3418 4275 1
3452 4231 3468 4276 ε
3534 4210 3706 4295 Quis
3758 4209 4066 4277 resistere
4115 4218 4344 4302 potest

2790 4317 3024 4386 vultui
3047 4340 3194 4385 meo
3219 4316 3262 4385 ?

2891 4454 2922 4492 ι
2957 4426 3095 4511 Qui
3153 4428 3319 4517 lecit
3371 4427 3643 4496 coelum.
3689 4453 3723 4493 ι
3783 4424 3998 4507 Quasi
4040 4426 4334 4497 diceret:

2792 4532 2909 4604 Sic
2946 4535 3016 4603 in
3064 4538 3344 4605 nominc
3372 4536 3737 4628 singularis
3785 4535 4069 4605 Domini
4098 4559 4340 4606 sumus

2789 4641 3030 4731 adjuti,
3065 4651 3133 4711 et
3168 4644 3490 4734 potentis,
3541 4670 3576 4710 ι
3615 4644 3765 4734 qui,
3808 4666 3845 4710 s
3898 4643 3968 4712 id
4004 4651 4133 4728 est,
4175 4644 4339 4733 quia

2789 4748 2904 4819 ille
2937 4775 2971 4815 ι
3001 4751 3166 4840 lecit
3192 4750 3465 4831 coelum,
3510 4778 3544 4815 ιι
3586 4772 3868 4821 omnem
3913 4750 4172 4821 scilicet
4218 4774 4344 4821 su-

2788 4857 3130 4948 periorem
3176 4868 3580 4940 creaturam,
3634 4888 3668 4923 «
3713 4868 3777 4927 et
3823 4869 4110 4945 terram,
4142 4889 4176 4923 n
4214 4861 4343 4930 sci-

2788 4964 2944 5035 licet
2972 4965 3383 5037 inferiorem.
3416 4968 3663 5039 Genes.
3709 4992 3757 5051 ι,
3794 4972 3825 5037 1
3866 4990 3884 5037 :
3939 4970 4024 5038 In
4061 4972 4341 5063 princi·

2775 5074 2904 5166 pio
2920 5076 3197 5154 creavit,
3218 5082 3346 5144 etc.
3371 5074 3637 5163 Esther,
3662 5078 3864 5158 x1n,9
3889 5098 3907 5144 ε
3931 5078 4342 5159 Domum...

2788 5182 2860 5249 iu
2890 5180 3149 5250 ditione
3184 5193 3305 5251 tua
3333 5196 3576 5253 cuncta
3613 5195 3775 5253 sunt
3799 5185 4063 5277 posita,
4097 5195 4162 5255 et
4207 5210 4343 5257 non

2787 5300 2886 5360 est
2911 5292 3038 5383 qui
3050 5293 3269 5384 possit
3298 5294 3603 5363 resistere
3630 5304 3764 5362 tuae
3793 5293 4168 5365 voluntati.

2876 5399 3057 5470 Nota
3088 5425 3279 5494 ergo,
3314 5403 3497 5495 quod
3538 5427 3580 5473 a
3607 5403 3754 5473 Deo
3793 5403 4174 5475 liberantur
4222 5410 4340 5500 qui

2786 5514 2947 5575 sunt
2975 5530 3308 5599 passeres,
3343 5508 3601 5579 scilicet
3634 5509 3734 5578 illi
3790 5512 3907 5603 qui
3965 5520 4130 5582 sunt
4186 5536 4343 5584 mo-

2784 5724 2927 5791 nite
2971 5723 3307 5814 parvulos
3343 5726 3571 5795 venire
3605 5726 3705 5797 ad
3742 5750 3874 5796 me.
3952 5727 4171 5798 Leves
4227 5750 4347 5821 per

4393 5411 4676 5460 uber-nm

4369 5463 4698 5582 ‚tss'ssuffi

2786 5612 2920 5684 dici
2950 5638 3074 5707 per
3116 5615 3602 5705 humilitatem,
3660 5617 3871 5690 Marc.
3916 5642 3989 5703 x,
4045 5621 4129 5689 14
4170 5622 4342 5692 :Si-
4404 5574 4663 5686 ma.
