5008 6329
305 1610 357 1653 ln
388 1606 577 1653 humilt-

299 1669 398 1707 tata
427 1661 580 1707 homi·

276 1726 602 1814 ‹iffi-:223-

277 1826 599 1879 parm-tuane.

628 343 713 411 40

626 534 659 575 a
694 520 796 579 est
833 515 1175 583 convalles
1207 518 1398 604 aquis
1443 515 1786 581 abundare
1844 517 2159 604 copiosiS,

624 642 658 684 «
693 618 1120 710 fontiumque
1151 622 1242 687 ibi
1275 641 1420 686 esse
1460 619 1911 709 frequentiam
1951 622 2167 690 maxi-

624 751 659 793 «
693 751 906 807 mam,
958 728 1074 795 ubi
1106 735 1265 794 sunt
1302 749 1463 793 arva
1492 727 1811 813 jacentia.
1852 754 1886 795 a

718 968 750 1003 α
791 941 981 1006 Inter
1008 940 1310 1007 medium
1349 946 1709 1012 montium.
1756 972 1789 1012 n
1843 949 2014 1018 Ecce
2053 974 2168 1019 se-

623 1045 951 1116 cundum.
986 1044 1194 1125 Quasi
1227 1048 1513 1121 diceret:
1551 1053 1799 1123 Reddis
1831 1058 2164 1148 originem

626 1163 693 1223 et
733 1153 1035 1222 debitum
1077 1179 1345 1226 cursum
1373 1163 1533 1252 quia
1562 1186 1756 1253 aquae
1787 1166 2072 1235 fluentes
2104 1174 2172 1234 et

626 1259 926 1330 collectae
955 1261 1037 1331 de
1068 1263 1366 1333 fontibus
1409 1293 1441 1331 α
1492 1270 2011 1357 pertransibunt
2058 1273 2171 1337 in-

628 1377 731 1434 ter
783 1369 1089 1436 medium
1134 1374 1497 1452 montium,
1543 1401 1574 1435 υ
1620 1375 1690 1440 in
1747 1376 2170 1444 convallibus

630 1472 910 1541 scilicet.
942 1474 1098 1552 Job,
1133 1498 1227 1555 v1,
1275 1479 1353 1544 15
1390 1500 1404 1543 :
1452 1481 1728 1547 Torrens
1756 1484 1878 1572 qui
1915 1485 2171 1575 raptim

632 1580 882 1645 transit
927 1580 1000 1645 in
1053 1582 1506 1650 convallibus
1540 1583 2019 1675 ‘spiritualiter
2046 1612 2174 1657 au-

630 1693 770 1753 tem
801 1686 1144 1754 convalles
1189 1698 1349 1757 sunt
1400 1690 1689 1763 humiles
1734 1706 2012 1785 propter
2051 1696 2174 1764 hu-

632 1790 991 1860 militatem
1032 1793 1401 1884 duplicem,
1446 1800 1512 1865 in
1546 1800 1794 1890 quibus
1833 1802 2170 1871 Dominus

627 1900 848 1968 sontes
875 1901 1249 1990 gratiarum
1282 1906 1550 1986 emittit,
1580 1915 1645 1974 et
1679 1908 2164 1979 doctrinarum.

622 2005 863 2074 Jacob.
900 2029 993 2086 w,
1036 2008 1076 2074 6
1120 2031 1137 2076 :
1171 2009 1359 2077 Deus
1383 2013 1694 2102 superbis
1731 2018 2006 2095 resistit,
2038 2018 2172 2085 lm·

626 2112 913 2182 milibus
964 2124 1193 2183 autem
1270 2119 1393 2185 dat
1435 2123 1767 2209 qratiam.
1834 2124 1961 2193 Isa.
2031 2150 2165 2207 xm,

633 2224 712 2291 18
744 2223 1115 2314 :Aperiam
1147 2225 1215 2291 in
1248 2227 1469 2294 medio
1488 2251 1888 2321 camporum
1915 2236 2165 2324 semea,

624 2333 693 2402 id
733 2341 861 2412 est,
895 2332 1288 2403 humilium.
1321 2336 1406 2403 Hi
1450 2339 1630 2406 enim
1671 2341 1957 2432 implent
2005 2343 2169 2412 illud

627 2440 760 2509 lsa.
802 2463 924 2521 xu,
967 2443 1007 2512 3
1061 2465 1078 2510 :
1129 2445 1481 2513 Haurietis
1525 2470 1744 2539 aquas
1799 2451 1868 2516 iu
1906 2452 2168 2541 qaudio

626 2548 712 2615 de
772 2548 1086 2638 sontibus
1146 2551 1558 2622 salvatoris.
1622 2555 1886 2625 Montes
1939 2568 2165 2628 autem

627 2661 787 2721 suut
817 2655 1119 2745 superbi,
1146 2658 1260 2747 qui
1296 2669 1650 2728 remanent
1680 2663 1873 2731 aridi.
1911 2665 1969 2731 ΙΙ
1997 2666 2165 2758 neg.

626 2783 675 2842 1,
711 2762 790 2828 21
830 2784 848 2828 :
882 2764 1147 2830 Montes
1179 2764 1451 2848 Gelboe,
1494 2790 1612 2836 nec
1648 2794 1782 2853 roa,
1841 2796 1959 2842 nee
1995 2776 2170 2866 plu-

625 2867 741 2933 via
769 2868 1044 2936 veniant
1068 2891 1275 2962 super
1311 2874 1641 2965 v05.',Sed
1680 2876 1925 2947 debent
1967 2879 2167 2949 nihil-

624 2973 901 3043 ominus
956 2978 1440 3068 curreressinter
1477 2990 1768 3065 monteS,
1820 2986 1996 3055 inter
2031 2988 2167 3058 duo

620 3077 1084 3163 Testamenta,
1117 3091 1192 3150 ut
1237 3084 1502 3155 fervore
1556 3092 1927 3180 gratiarum
1978 3116 2169 3187 rega-

622 3195 737 3255 tur
760 3187 1070 3258 doctrina
1098 3192 1609 3284 scripturarum.
1645 3197 1760 3266 lsti
1791 3208 1952 3269 sunt
1976 3224 2170 3272 mon·

623 3303 724 3362 tes
751 3297 949 3379 aeuei,
990 3297 1073 3367 de
1103 3299 1351 3390 quibus
1398 3304 1837 3393 egrediuntur
1874 3315 2169 3400 quatuor

624 3401 1037 3494 quadriga&

715 3755 750 3797 a
811 3732 1165 3803 Potabtmt
1209 3759 1458 3806 omnes.
1511 3764 1544 3804 a
1614 3740 1741 3811 llic
1767 3742 2167 3815 'secundum

622 3836 808 3907 illius
845 3842 1083 3930 partis,
1135 3843 1202 3911 in
1254 3868 1388 3936 qua
1442 3848 1896 3938 sper-iticando
1964 3875 2169 3922 mnn-

622 3951 793 4014 strat
840 3945 966 4016 Dei
1022 3951 1624 4040 magnificentiam,
1651 3978 1770 4046 per
1805 3980 2171 4050 compara-

624 4053 882 4121 tionem
939 4055 1025 4123 ad
1072 4065 1437 4127 creaturas.
1515 4059 1919 4132 Monstravit
1982 4068 2164 4135 enim

623 4161 1201 4251 magnificentiam
1242 4167 1310 4232 in
1375 4171 1882 4259 comparatione
1921 4172 2006 4240 ad
2035 4173 2171 4242 dis·

621 4265 1032 4357 positionem
1108 4280 1599 4356 creatnrarum,
1656 4283 1797 4344 tam
1859 4281 2165 4369 superio·

623 4394 778 4441 rum
827 4395 1034 4464 quam
1088 4375 1482 4448 inferiorum
1520 4402 1537 4448 ε
1573 4380 1684 4451 hic
1718 4393 2049 4476 quantum
2081 4388 2164 4457 ad

622 4483 1211 4553 conversationem
1258 4507 1275 4553 τ
1326 4496 1394 4555 et
1439 4487 1759 4558 dicuutur
1805 4490 1968 4560 duo.
2015 4493 2167 4564 Pri-

622 4610 767 4671 mo,
800 4590 1099 4660 ostendit
1149 4595 1724 4685 magnificentiam
1775 4600 1844 4667 in
1891 4621 2164 4671 conser-

619 4697 897 4764 vatione
948 4710 1406 4770 creaturarum
1454 4707 1520 4772 in
1573 4713 1772 4775 terra.
1818 4705 2160 4790 Secundo,

620 4802 691 4870 in
730 4805 929 4882 mari,
986 4805 1107 4886 ibi,
1155 4817 1221 4885 7.
1274 4812 1411 4878 25:
1471 4839 1506 4876 α
1558 4813 1705 4881 Iloc
1749 4835 1941 4881 mare
1966 4837 2164 4907 maq-

619 4930 816 4977 rmm.
853 4933 890 4975 a

708 5014 785 5084 ln
825 5018 1047 5107 prima
1076 5021 1321 5091 iterum
1354 5023 1673 5093 dicuutur
1699 5026 1862 5095 duo.
1902 5028 2159 5112 Primo,

616 5133 1038 5194 monstratur
1099 5151 1220 5220 per
1283 5153 1486 5224 quem
1562 5133 1641 5200 fit
1706 5139 2158 5206 conservatio.

619 5227 960 5315 Secundo,
1030 5236 1413 5306 ostenditur
1482 5240 1986 5328 magnificentia
2077 5267 2161 5313 ex

614 5335 734 5404 tali
781 5341 1325 5422 conservatione,
1381 5345 1501 5430 ibi,
1553 5354 1620 5424 ¹5.
1673 5347 1815 5415 24:
1866 5371 1899 5412 α
1936 5350 2161 5434 Quam

615 5446 1071 5536 maqnificata
1104 5454 1319 5518 sant!
1347 5476 1380 5516 ι

688 5674 706 5712 ¹
732 5674 818 5732 Cf.
849 5677 1092 5737 zachar.
1122 5696 1194 5752 vr,
1231 5686 1253 5740 ί
1288 5688 1350 5741 et
1376 5698 1505 5759 seq.

1614 348 1696 413 D.
1749 347 1947 413 ALB.
2002 348 2218 414 MAG.
2273 347 2477 416 ORD.
2534 350 2829 416 PRAED.

2360 517 2436 583 In
2493 518 2711 606 prima
2787 516 2938 591 tria,
3003 514 3381 580 secundum
3447 515 3576 579 tria
3659 533 3810 601 quae

2269 626 2510 715 tangit,
2543 646 2663 715 per
2687 643 2835 712 quae
2855 628 2957 687 est
2980 618 3437 686 conservatio.
3471 618 3782 685 Primum
3798 668 3813 695 ,

2270 731 2400 801 cibi
2427 739 2493 800 et
2523 726 3188 822 potusffministratio.
3228 722 3653 801 Secundum,
3688 722 3819 790 loci

2270 839 2713 931 competentis
2773 837 2858 905 ad
2916 831 3441 903 inhabitandum
3509 851 3826 920 procura-

2269 948 2389 1025 tio,
2433 948 2552 1029 ibi,
2593 954 2657 1022 ᾗ.
2707 948 2786 1012 16
2831 967 2844 1010 z
2885 970 2916 1009 α
2961 939 3513 1012 Saturabuntur.
3574 964 3606 998 n
3654 935 3825 1003 Ter-

2271 1058 2391 1135 tio,
2424 1063 2809 1143 temporum
2855 1050 3143 1117 variatio
3192 1048 3279 1114 ad
3335 1045 3679 1114 fastidium
3719 1042 3824 1111 al-

2272 1160 2686 1235 leviandum,
2728 1159 2845 1237 ibi,
2877 1164 2942 1232 δ’.
2992 1159 3070 1223 19
3117 1179 3131 1222 :
3181 1183 3213 1216 «
3248 1155 3437 1221 Fecit
3470 1154 3735 1220 lunam.
3785 1177 3818 1213 n

2364 1269 2435 1335 ln
2477 1270 2699 1359 prima
2728 1267 2886 1334 duo.
2925 1265 3185 1340 Prim0,
3230 1261 3364 1329 cibi
3408 1262 3820 1328 ministratio

2273 1376 2849 1444 irrationabilibus
2935 1370 3388 1441 silvestribuS.
3472 1367 3818 1446 Secund0,

2275 1484 2685 1558 domesticiS,
2733 1482 2850 1562 ibi,
2883 1487 2946 1555 :tn
2989 1480 3071 1546 14
3115 1502 3131 1546 ε
3189 1476 3647 1544 «Producens
3701 1476 3827 1562 soe-

2272 1614 2461 1661 num.
2495 1618 2524 1653 ι,

2362 1697 2447 1764 Et
2474 1699 2718 1788 primo,
2756 1691 3338 1763 irrationabilibus
3396 1688 3824 1758 silvestribus

2274 1804 2762 1896 gressibilibus,
2819 1801 3163 1885 Secundo,
3229 1797 3654 1875 volatilibus,
3702 1795 3820 1878 ibi,

2272 1920 2333 1989 ὴ.
2375 1915 2455 1979 12
2490 1936 2506 1980 :
2546 1941 2579 1975 «
2612 1899 2837 2003 Super
2864 1935 2943 1979 ea
2983 1910 3287 1979 volueres
3315 1906 3492 1975 coeti.
3531 1932 3566 1969 ιο

2364 2020 2439 2088 ln
2478 2023 2695 2112 prima
2744 2020 2902 2087 duo.
2955 2018 3221 2100 Primo,
3269 2013 3682 2083 ministratio
3712 2011 3826 2078 sil-

2271 2126 2607 2195 vestribus
2637 2122 3211 2194 irrationabilibus
3249 2119 3718 2189 babitantibus
3750 2117 3819 2184 in

2270 2236 2652 2325 propinquo
2694 2234 2778 2301 ad
2825 2232 3162 2301 homineS.
3219 2227 3564 2304 Secundo,
3617 2224 3822 2293 babi-

2270 2339 2570 2409 tantibus
2618 2340 2687 2407 in
2727 2347 3015 2417 remoto,
3052 2338 3171 2413 ihi.
3232 2360 3267 2400 a
3297 2331 3821 2426 Exspectabam

2271 2447 2538 2536 onaqri.
2572 2474 2602 2506 a

2358 2557 2537 2623 Dicit
2576 2578 2738 2647 ergo
2781 2577 2796 2621 :
2844 2552 2958 2620 Sic
3018 2551 3533 2643 pertransibunt
3592 2568 3817 2638 aquae,

2271 2687 2396 2732 nec
2441 2686 2565 2755 pro
2621 2660 2863 2739 nihilo,
2924 2661 3085 2751 quia
3115 2684 3150 2726 ι
3205 2657 3552 2752 potabunt
3589 2675 3822 2722 omnes

2273 2771 2496 2839 bestia?
2526 2771 2704 2860 aqri,
2742 2794 2775 2834 a
2820 2792 2959 2836 non
3016 2766 3292 2847 deserti,
3352 2773 3429 2834 ut
3473 2761 3817 2852 intelligas

2271 2879 2454 2970 quod
2493 2878 2575 2946 de
2623 2877 2841 2968 magis
2889 2875 3223 2967 proximis
3285 2872 3614 2964 loquitur,
3667 2889 3819 2960 quae

2268 2988 2700 3078 frequentant
2755 2985 2902 3052 loca
2958 2983 3043 3051 ab
3101 2979 3499 3050 hominibus
3544 2977 3730 3048 culta
3798 2999 3815 3044 τ

2270 3091 2378 3161 hae
2409 3093 2588 3160 enim
2650 3097 3039 3182 exspectant
3064 3110 3103 3155 a
3134 3096 3198 3155 te
3219 3084 3813 3154 sustentationem.

2266 3199 2442 3269 Joel.
2488 3222 2536 3277 ι,
2571 3201 2655 3267 20
2690 3220 2705 3265 :
2751 3198 2994 3266 Bestiae
3028 3196 3211 3286 aori,
3245 3193 3452 3285 quasi
3505 3214 3671 3260 area
3715 3192 3822 3258 si-

2270 3310 2442 3377 tiens
2488 3306 2796 3385 inibi-ern,
2854 3311 3311 3397 suspexerunt
3348 3300 3448 3370 ad
3480 3309 3567 3367 te.
3619 3298 3707 3368 Et
3744 3307 3820 3367 tu

2272 3414 2577 3496 exaudis,
2612 3413 2841 3482 dicens
2872 3411 3039 3479 illud
3066 3411 3323 3478 Jerem.
3357 3429 3479 3486 xn,
3525 3409 3592 3475 9.
3648 3406 3820 3474 Om-

2270 3544 2385 3589 nes
2414 3520 2641 3589 bestie
2701 3521 2882 3610 aqri,
2936 3526 3305 3610 properate
3348 3514 3449 3582 ad
3482 3513 3823 3582 devoran-

2270 3627 2463 3697 dam.

2363 3761 2398 3798 α
2441 3731 2958 3825 Exspectabam
2983 3730 3259 3820 onaqri,
3300 3757 3335 3791 n
3374 3727 3552 3796 asini
3609 3725 3820 3794 silve-

2271 3850 2466 3916 stres.
2518 3841 2632 3930 qui
2666 3837 2976 3906 habitant
3027 3836 3096 3903 in
3144 3834 3431 3903 desertis
3453 3831 3828 3901 remotissi-

2272 3948 2427 4029 mis,
2470 3974 2506 4008 α
2542 3947 2613 4014 in
2648 3946 2769 4012 siti
2801 3966 2958 4024 saa,
3004 3968 3038 4003 n
3078 3939 3331 4008 habere
3359 3961 3400 4006 a
3443 3946 3509 4007 te
3552 3946 3820 4028 potum.

2268 4053 2520 4121 Jerem.
2572 4073 2714 4134 xiv,
2758 4054 2824 4129 c,
2875 4049 2959 4116 de
3010 4046 3118 4114 his
3163 4045 3443 4136 onagris
3493 4067 3510 4112 ε
3559 4044 3830 4133 Onaqri

2269 4168 2599 4226 steterant
2646 4158 2717 4225 in
2775 4153 3090 4247 rupibus,
3133 4161 3501 4220 tra-terunt
3547 4161 3824 4218 ventum

2270 4267 2472 4359 quasi
2498 4265 2825 4332 dracones
2854 4285 2878 4330 .·
2916 4271 2994 4331 ut
3023 4260 3179 4329 inde
3210 4258 3444 4351 aliquo
3476 4257 3683 4326 modo
3725 4280 3827 4327 re-

2269 4374 2680 4454 focillentur,
2729 4371 2946 4439 donec
2975 4392 3015 4436 a
3063 4376 3129 4436 te
3175 4376 3523 4458 potentur.
3578 4365 3825 4434 Bestia,

2269 4482 2414 4571 agri
2446 4480 2747 4549 Gentiles
2774 4485 2960 4554 sunt,
2989 4474 3100 4544 vel
3125 4473 3501 4565 simplices.
3547 4473 3665 4563 qui
3696 4494 3822 4562 po·

2268 4598 2498 4659 tantur
2568 4588 2767 4677 aquis
2828 4583 3182 4651 doctrinm.
3247 4579 3378 4648 lsa.
3448 4601 3641 4657 xuu,
3689 4581 3824 4647 20:

2272 4681 2710 4783 Glarifi'cabit
2746 4711 2854 4756 me
2899 4686 3112 4755 bestia
3147 4686 3424 4776 ayri....
3455 4687 3630 4778 quia
3666 4685 3830 4752 dedi

2267 4805 2339 4872 in
2369 4803 2632 4869 deserto
2650 4820 2923 4890 aquas„
2936 4805 3069 4865 ..ut
3084 4795 3320 4865 darem
3329 4805 3578 4888 potam
3599 4815 3826 4886 popu-

2268 4912 2337 4981 lo
2375 4933 2548 4978 meo.
2600 4906 2854 4996 Onagri
2911 4926 3078 4973 vero
3125 4903 3404 4994 superbi
3455 4908 3524 4969 et
3564 4899 3820 4980 Judaei,

2268 5023 2382 5116 qui
2433 5020 2676 5087 nolunt
2723 5039 2905 5086 nunc
2946 5015 3208 5091 bibere,
3258 5012 3377 5081 sed
3423 5017 3826 5102 exspectant

2265 5148 2483 5218 usquc
2514 5124 2600 5192 ad
2629 5125 2835 5193 tinem
2884 5144 3118 5202 suuni,
3151 5118 3287 5186 hoc
3331 5126 3460 5199 est,
3490 5138 3711 5207 usque
3736 5115 3821 5184 ad

2265 5233 2783 5304 conversionem
2861 5227 3334 5318 reliquiarum.
3408 5220 3674 5290 Daniel.
3743 5245 3816 5304 v,

2264 5345 2352 5412 20
2417 5349 2486 5409 et
2550 5342 2627 5407 21
2692 5361 2708 5406 :
2791 5334 3086 5422 Quando
3148 5330 3491 5400 elevatum
3556 5338 3655 5399 est
3701 5352 3821 5398 cor

2265 5449 2446 5540 ejus.
2506 5445 2762 5514 scilicet
2799 5443 3004 5533 regis,
3038 5445 3101 5507 et
3125 5438 3416 5529 spiritus
3461 5436 3663 5506 illius
3699 5434 3820 5505 ob-
