<?xml version="1.0" encoding="UTF-8"?>
<!DOCTYPE html PUBLIC "-//W3C//DTD XHTML 1.0 Transitional//EN"
    "http://www.w3.org/TR/xhtml1/DTD/xhtml1-transitional.dtd">
<html xmlns="http://www.w3.org/1999/xhtml" xml:lang="en" lang="en">
 <head>
  <title>
</title>
<meta http-equiv="Content-Type" content="text/html;charset=utf-8" />
  <meta name='ocr-system' content='tesseract 3.04.00' />
  <meta name='ocr-capabilities' content='ocr_page ocr_carea ocr_par ocr_line ocrx_word'/>
</head>
<body>
  <div class='ocr_page' id='page_1' title='image "balbertimagnira02chgoog_0015.png"; bbox 0 0 5008 6329; ppageno 0'>
   <div class='ocr_carea' id='block_1_1' title="bbox 811 4575 1128 4622">
    <p class='ocr_par' dir='ltr' id='par_1_1' title="bbox 811 4575 1128 4622">
     <span class='ocr_line' id='line_1_1' title="bbox 811 4575 1128 4622; baseline 0.006 -2"><span class='ocrx_word' id='word_1_1' title='bbox 811 4577 951 4622; x_wconf 68' lang='lat' dir='ltr'><strong>rant·</strong></span> <span class='ocrx_word' id='word_1_2' title='bbox 976 4575 1128 4622; x_wconf 58' lang='lat' dir='ltr'><strong>mu</strong></span> 
     </span>
    </p>
   </div>
   <div class='ocr_carea' id='block_1_2' title="bbox 827 4630 1111 4731">
    <p class='ocr_par' dir='ltr' id='par_1_2' title="bbox 827 4630 1111 4731">
     <span class='ocr_line' id='line_1_2' title="bbox 827 4630 1111 4731; baseline 0.011 -2"><span class='ocrx_word' id='word_1_3' title='bbox 827 4630 1111 4731; x_wconf 51' lang='lat' dir='ltr'><strong>w·-</strong></span> 
     </span>
    </p>
   </div>
   <div class='ocr_carea' id='block_1_3' title="bbox 2032 298 4390 373">
    <p class='ocr_par' dir='ltr' id='par_1_3' title="bbox 2032 298 4390 373">
     <span class='ocr_line' id='line_1_3' title="bbox 2032 298 4390 373; baseline 0.002 -9"><span class='ocrx_word' id='word_1_4' title='bbox 2032 298 2737 370; x_wconf 74' lang='lat' dir='ltr'><strong>COMMENTARIUS</strong></span> <span class='ocrx_word' id='word_1_5' title='bbox 2786 303 2879 369; x_wconf 89' lang='lat' dir='ltr'><strong>IN</strong></span> <span class='ocrx_word' id='word_1_6' title='bbox 2929 305 3364 373; x_wconf 76' lang='lat' dir='ltr'>PSALMUM</span> <span class='ocrx_word' id='word_1_7' title='bbox 3416 304 3524 372; x_wconf 90' lang='lat' dir='ltr'><strong>Cl.</strong></span> <span class='ocrx_word' id='word_1_8' title='bbox 4354 302 4390 368; x_wconf 73' lang='lat'><strong>5</strong></span> 
     </span>
    </p>
   </div>
   <div class='ocr_carea' id='block_1_4' title="bbox 1172 465 2727 1856">
    <p class='ocr_par' dir='ltr' id='par_1_4' title="bbox 1172 465 2727 1856">
     <span class='ocr_line' id='line_1_4' title="bbox 1267 465 2718 542; baseline 0.013 -19"><span class='ocrx_word' id='word_1_9' title='bbox 1267 493 1298 523; x_wconf 88' lang='lat'>«</span> <span class='ocrx_word' id='word_1_10' title='bbox 1363 465 1460 531; x_wconf 74' lang='grc' dir='ltr'><strong>Εἰ</strong></span> <span class='ocrx_word' id='word_1_11' title='bbox 1507 487 1660 532; x_wconf 80' lang='lat' dir='ltr'><strong>ossa</strong></span> <span class='ocrx_word' id='word_1_12' title='bbox 1724 489 1898 532; x_wconf 85' lang='lat' dir='ltr'><strong>mea.</strong></span> <span class='ocrx_word' id='word_1_13' title='bbox 1966 492 1998 532; x_wconf 75' lang='grc' dir='ltr'><strong>ιι</strong></span> <span class='ocrx_word' id='word_1_14' title='bbox 2077 467 2242 537; x_wconf 85' lang='lat' dir='ltr'><strong>Ecce</strong></span> <span class='ocrx_word' id='word_1_15' title='bbox 2320 473 2718 542; x_wconf 86' lang='lat' dir='ltr'><strong>secundum.</strong></span> 
     </span>
     <span class='ocr_line' id='line_1_5' title="bbox 1181 568 2722 667; baseline 0.008 -31"><span class='ocrx_word' id='word_1_16' title='bbox 1181 568 1385 647; x_wconf 89' lang='lat' dir='ltr'><strong>Quasi</strong></span> <span class='ocrx_word' id='word_1_17' title='bbox 1420 571 1711 641; x_wconf 89' lang='lat' dir='ltr'><strong>diceret:</strong></span> <span class='ocrx_word' id='word_1_18' title='bbox 1770 572 1882 641; x_wconf 84' lang='lat' dir='ltr'><strong>Sic</strong></span> <span class='ocrx_word' id='word_1_19' title='bbox 1938 573 2203 667; x_wconf 81' lang='lat' dir='ltr'><strong>affligor</strong></span> <span class='ocrx_word' id='word_1_20' title='bbox 2258 582 2722 649; x_wconf 80' lang='lat' dir='ltr'><strong>evanescendo</strong></span> 
     </span>
     <span class='ocr_line' id='line_1_6' title="bbox 1176 682 2727 770; baseline 0.008 -25"><span class='ocrx_word' id='word_1_21' title='bbox 1176 686 1530 770; x_wconf 76' lang='lat' dir='ltr'>tamquam</span> <span class='ocrx_word' id='word_1_22' title='bbox 1563 682 1813 767; x_wconf 81' lang='lat' dir='ltr'><strong>sumuS,</strong></span> <span class='ocrx_word' id='word_1_23' title='bbox 1845 692 1909 751; x_wconf 84' lang='lat' dir='ltr'><strong>et</strong></span> <span class='ocrx_word' id='word_1_24' title='bbox 1938 687 2138 754; x_wconf 83' lang='lat' dir='ltr'><strong>etiam</strong></span> <span class='ocrx_word' id='word_1_25' title='bbox 2158 715 2189 754; x_wconf 73' lang='lat' dir='ltr'><strong>a</strong></span> <span class='ocrx_word' id='word_1_26' title='bbox 2215 713 2366 757; x_wconf 77' lang='lat' dir='ltr'><strong>ossa</strong></span> <span class='ocrx_word' id='word_1_27' title='bbox 2388 714 2536 757; x_wconf 86' lang='lat' dir='ltr'><strong>mea</strong></span> <span class='ocrx_word' id='word_1_28' title='bbox 2567 713 2727 757; x_wconf 82' lang='lat' dir='ltr'><strong>aru-</strong></span> 
     </span>
     <span class='ocr_line' id='line_1_7' title="bbox 1177 790 2725 877; baseline 0.006 -23"><span class='ocrx_word' id='word_1_29' title='bbox 1177 800 1400 868; x_wconf 83' lang='lat' dir='ltr'><strong>erunt,</strong></span> <span class='ocrx_word' id='word_1_30' title='bbox 1449 790 1805 861; x_wconf 75' lang='lat' dir='ltr'><strong>»humore</strong></span> <span class='ocrx_word' id='word_1_31' title='bbox 1853 794 2230 877; x_wconf 83' lang='lat' dir='ltr'><strong>deficiente,</strong></span> <span class='ocrx_word' id='word_1_32' title='bbox 2267 828 2297 859; x_wconf 95' lang='lat'>«</span> <span class='ocrx_word' id='word_1_33' title='bbox 2345 800 2521 864; x_wconf 77' lang='lat' dir='ltr'><strong>sicut</strong></span> <span class='ocrx_word' id='word_1_34' title='bbox 2577 822 2725 864; x_wconf 81' lang='lat' dir='ltr'><strong>cre-</strong></span> 
     </span>
     <span class='ocr_line' id='line_1_8' title="bbox 1179 896 2716 988; baseline 0.005 -29"><span class='ocrx_word' id='word_1_35' title='bbox 1179 896 1420 973; x_wconf 79' lang='lat' dir='ltr'><strong>mium,</strong></span> <span class='ocrx_word' id='word_1_36' title='bbox 1462 922 1493 961; x_wconf 79' lang='grc' dir='ltr'><strong>ιι</strong></span> <span class='ocrx_word' id='word_1_37' title='bbox 1538 899 1723 988; x_wconf 88' lang='lat' dir='ltr'><strong>quod</strong></span> <span class='ocrx_word' id='word_1_38' title='bbox 1764 900 2010 969; x_wconf 88' lang='lat' dir='ltr'><strong>dicitur</strong></span> <span class='ocrx_word' id='word_1_39' title='bbox 2061 927 2098 969; x_wconf 87' lang='lat' dir='ltr'><strong>a</strong></span> <span class='ocrx_word' id='word_1_40' title='bbox 2154 926 2399 983; x_wconf 72' lang='lat' dir='ltr'><strong>ereum,</strong></span> <span class='ocrx_word' id='word_1_41' title='bbox 2434 926 2716 969; x_wconf 78' lang='lat' dir='ltr'><strong>cremas.</strong></span> 
     </span>
     <span class='ocr_line' id='line_1_9' title="bbox 1175 1002 2724 1102; baseline 0.006 -33"><span class='ocrx_word' id='word_1_42' title='bbox 1175 1002 1358 1071; x_wconf 87' lang='lat' dir='ltr'><strong>Psal.</strong></span> <span class='ocrx_word' id='word_1_43' title='bbox 1403 1028 1546 1087; x_wconf 75' lang='lat' dir='ltr'><strong>xxi,</strong></span> <span class='ocrx_word' id='word_1_44' title='bbox 1597 1010 1711 1077; x_wconf 80' lang='lat'><strong>16:</strong></span> <span class='ocrx_word' id='word_1_45' title='bbox 1746 1013 1954 1080; x_wconf 80' lang='lat' dir='ltr'><strong>Aruit</strong></span> <span class='ocrx_word' id='word_1_46' title='bbox 1985 1021 2343 1102; x_wconf 79' lang='lat' dir='ltr'><strong>tamquam</strong></span> <span class='ocrx_word' id='word_1_47' title='bbox 2384 1023 2554 1080; x_wconf 79' lang='lat' dir='ltr'><strong>testa</strong></span> <span class='ocrx_word' id='word_1_48' title='bbox 2577 1014 2724 1079; x_wconf 81' lang='lat' dir='ltr'><strong>vir-</strong></span> 
     </span>
     <span class='ocr_line' id='line_1_10' title="bbox 1176 1115 2724 1203; baseline 0.007 -27"><span class='ocrx_word' id='word_1_49' title='bbox 1176 1119 1282 1178; x_wconf 81' lang='lat' dir='ltr'><strong>tus</strong></span> <span class='ocrx_word' id='word_1_50' title='bbox 1314 1136 1489 1184; x_wconf 85' lang='lat' dir='ltr'><strong>mea.</strong></span> <span class='ocrx_word' id='word_1_51' title='bbox 1532 1115 1634 1203; x_wconf 82' lang='lat' dir='ltr'><strong>Et,</strong></span> <span class='ocrx_word' id='word_1_52' title='bbox 1704 1118 1887 1187; x_wconf 88' lang='lat' dir='ltr'><strong>Psal.</strong></span> <span class='ocrx_word' id='word_1_53' title='bbox 1960 1142 2118 1198; x_wconf 84' lang='lat' dir='ltr'><strong>xxx,</strong></span> <span class='ocrx_word' id='word_1_54' title='bbox 2186 1122 2253 1186; x_wconf 81' lang='lat'><strong>11</strong></span> <span class='ocrx_word' id='word_1_55' title='bbox 2301 1143 2315 1187; x_wconf 76' lang='grc' dir='ltr'>ε</span> <span class='ocrx_word' id='word_1_56' title='bbox 2354 1120 2524 1189; x_wconf 78' lang='lat' dir='ltr'><strong>Ossa</strong></span> <span class='ocrx_word' id='word_1_57' title='bbox 2574 1143 2724 1187; x_wconf 87' lang='lat' dir='ltr'><strong>mea</strong></span> 
     </span>
     <span class='ocr_line' id='line_1_11' title="bbox 1174 1223 2724 1305; baseline 0.008 -19"><span class='ocrx_word' id='word_1_58' title='bbox 1174 1223 1583 1294; x_wconf 76' lang='lat' dir='ltr'><strong>conturbata</strong></span> <span class='ocrx_word' id='word_1_59' title='bbox 1618 1237 1803 1294; x_wconf 80' lang='lat' dir='ltr'><strong>sunt.</strong></span> <span class='ocrx_word' id='word_1_60' title='bbox 1839 1228 2001 1296; x_wconf 88' lang='lat' dir='ltr'><strong>Luc.</strong></span> <span class='ocrx_word' id='word_1_61' title='bbox 2045 1251 2186 1305; x_wconf 72' lang='lat' dir='ltr'><strong>xxi,</strong></span> <span class='ocrx_word' id='word_1_62' title='bbox 2229 1231 2356 1296; x_wconf 79' lang='lat'><strong>26:</strong></span> <span class='ocrx_word' id='word_1_63' title='bbox 2399 1232 2724 1298; x_wconf 77' lang='lat' dir='ltr'><strong>Arescen-</strong></span> 
     </span>
     <span class='ocr_line' id='line_1_12' title="bbox 1175 1328 2726 1428; baseline 0.008 -35"><span class='ocrx_word' id='word_1_64' title='bbox 1175 1328 1355 1397; x_wconf 77' lang='lat' dir='ltr'><strong>tibus</strong></span> <span class='ocrx_word' id='word_1_65' title='bbox 1383 1331 1778 1401; x_wconf 73' lang='lat' dir='ltr'><strong>hominibus</strong></span> <span class='ocrx_word' id='word_1_66' title='bbox 1802 1357 1950 1424; x_wconf 62' lang='lat' dir='ltr'><strong>pree</strong></span> <span class='ocrx_word' id='word_1_67' title='bbox 2007 1335 2248 1400; x_wconf 83' lang='lat' dir='ltr'><strong>timore</strong></span> <span class='ocrx_word' id='word_1_68' title='bbox 2277 1348 2341 1403; x_wconf 83' lang='lat' dir='ltr'><strong>et</strong></span> <span class='ocrx_word' id='word_1_69' title='bbox 2375 1347 2726 1428; x_wconf 73' lang='lat' dir='ltr'><strong>exspecta—</strong></span> 
     </span>
     <span class='ocr_line' id='line_1_13' title="bbox 1174 1441 2717 1534; baseline 0.006 -28"><span class='ocrx_word' id='word_1_70' title='bbox 1174 1441 1380 1519; x_wconf 82' lang='lat' dir='ltr'><strong>tione,</strong></span> <span class='ocrx_word' id='word_1_71' title='bbox 1407 1441 1697 1523; x_wconf 80' lang='lat' dir='ltr'><strong>etc.Vel,</strong></span> <span class='ocrx_word' id='word_1_72' title='bbox 1733 1466 1816 1511; x_wconf 83' lang='lat' dir='ltr'><strong>ex</strong></span> <span class='ocrx_word' id='word_1_73' title='bbox 1836 1446 2329 1534; x_wconf 82' lang='lat' dir='ltr'>compassione,</span> <span class='ocrx_word' id='word_1_74' title='bbox 2366 1445 2425 1512; x_wconf 89' lang='grc' dir='ltr'><strong>ΙΙ</strong></span> <span class='ocrx_word' id='word_1_75' title='bbox 2458 1447 2543 1514; x_wconf 87' lang='lat' dir='ltr'><strong>ad</strong></span> <span class='ocrx_word' id='word_1_76' title='bbox 2563 1447 2717 1516; x_wconf 90' lang='lat' dir='ltr'><strong>Cor.</strong></span> 
     </span>
     <span class='ocr_line' id='line_1_14' title="bbox 1172 1550 2717 1643; baseline 0.005 -28"><span class='ocrx_word' id='word_1_77' title='bbox 1172 1570 1267 1624; x_wconf 76' lang='lat' dir='ltr'><strong>xl,</strong></span> <span class='ocrx_word' id='word_1_78' title='bbox 1313 1550 1442 1615; x_wconf 81' lang='lat'><strong>29:</strong></span> <span class='ocrx_word' id='word_1_79' title='bbox 1484 1550 1654 1633; x_wconf 80' lang='lat' dir='ltr'><strong>Quis</strong></span> <span class='ocrx_word' id='word_1_80' title='bbox 1716 1551 2256 1631; x_wconf 75' lang='lat' dir='ltr'><em>scandalizatur,</em></span> <span class='ocrx_word' id='word_1_81' title='bbox 2292 1564 2354 1620; x_wconf 80' lang='lat' dir='ltr'><strong>et</strong></span> <span class='ocrx_word' id='word_1_82' title='bbox 2401 1579 2545 1643; x_wconf 77' lang='lat' dir='ltr'><strong>eqo,</strong></span> <span class='ocrx_word' id='word_1_83' title='bbox 2593 1566 2717 1622; x_wconf 83' lang='lat' dir='ltr'><strong>ete.</strong></span> 
     </span>
     <span class='ocr_line' id='line_1_15' title="bbox 1173 1652 2717 1749; baseline 0.008 -30"><span class='ocrx_word' id='word_1_84' title='bbox 1173 1652 1422 1738; x_wconf 84' lang='lat' dir='ltr'><strong>Vel‚ex</strong></span> <span class='ocrx_word' id='word_1_85' title='bbox 1443 1657 1690 1725; x_wconf 88' lang='lat' dir='ltr'><strong>timore</strong></span> <span class='ocrx_word' id='word_1_86' title='bbox 1720 1658 2076 1749; x_wconf 67' lang='lat' dir='ltr'><strong>gehennae,</strong></span> <span class='ocrx_word' id='word_1_87' title='bbox 2104 1659 2346 1729; x_wconf 85' lang='lat' dir='ltr'><strong>Genes.</strong></span> <span class='ocrx_word' id='word_1_88' title='bbox 2385 1684 2571 1742; x_wconf 77' lang='lat' dir='ltr'><strong>xxxi,</strong></span> <span class='ocrx_word' id='word_1_89' title='bbox 2599 1663 2717 1731; x_wconf 74' lang='lat'><strong>40:</strong></span> 
     </span>
     <span class='ocr_line' id='line_1_16' title="bbox 1172 1763 2025 1856; baseline 0.007 -28"><span class='ocrx_word' id='word_1_90' title='bbox 1172 1763 1386 1829; x_wconf 58' lang='lat' dir='ltr'><strong>:Esta</strong></span> <span class='ocrx_word' id='word_1_91' title='bbox 1424 1763 1697 1846; x_wconf 78' lang='lat' dir='ltr'><strong>urebar,</strong></span> <span class='ocrx_word' id='word_1_92' title='bbox 1742 1777 1806 1834; x_wconf 84' lang='lat' dir='ltr'><strong>et</strong></span> <span class='ocrx_word' id='word_1_93' title='bbox 1839 1766 2025 1856; x_wconf 79' lang='lat' dir='ltr'><strong>qelu.</strong></span> 
     </span>
    </p>
   </div>
   <div class='ocr_carea' id='block_1_5' title="bbox 1156 2090 2717 3482">
    <p class='ocr_par' dir='ltr' id='par_1_5' title="bbox 1161 2090 2717 2823">
     <span class='ocr_line' id='line_1_17' title="bbox 1261 2090 2717 2172; baseline 0.005 -18"><span class='ocrx_word' id='word_1_94' title='bbox 1261 2112 1294 2151; x_wconf 74' lang='grc' dir='ltr'><strong>α</strong></span> <span class='ocrx_word' id='word_1_95' title='bbox 1343 2090 1718 2156; x_wconf 76' lang='lat' dir='ltr'><strong>Percussus</strong></span> <span class='ocrx_word' id='word_1_96' title='bbox 1762 2112 1942 2156; x_wconf 81' lang='lat' dir='ltr'><strong>sum.</strong></span> <span class='ocrx_word' id='word_1_97' title='bbox 1987 2116 2018 2155; x_wconf 75' lang='grc' dir='ltr'><strong>ιι</strong></span> <span class='ocrx_word' id='word_1_98' title='bbox 2057 2091 2179 2157; x_wconf 85' lang='lat' dir='ltr'><strong>llic-</strong></span> <span class='ocrx_word' id='word_1_99' title='bbox 2211 2092 2612 2172; x_wconf 86' lang='lat' dir='ltr'><strong>secundum,</strong></span> <span class='ocrx_word' id='word_1_100' title='bbox 2650 2094 2717 2161; x_wconf 88' lang='lat' dir='ltr'><strong>in</strong></span> 
     </span>
     <span class='ocr_line' id='line_1_18' title="bbox 1168 2196 2711 2283; baseline 0.008 -26"><span class='ocrx_word' id='word_1_101' title='bbox 1168 2218 1305 2283; x_wconf 81' lang='lat' dir='ltr'><strong>quo</strong></span> <span class='ocrx_word' id='word_1_102' title='bbox 1393 2205 1816 2264; x_wconf 88' lang='lat' dir='ltr'><strong>monstratur</strong></span> <span class='ocrx_word' id='word_1_103' title='bbox 1884 2196 2181 2266; x_wconf 81' lang='lat' dir='ltr'><strong>defectus</strong></span> <span class='ocrx_word' id='word_1_104' title='bbox 2258 2201 2711 2270; x_wconf 75' lang='lat' dir='ltr'><strong>mortalitatis,</strong></span> 
     </span>
     <span class='ocr_line' id='line_1_19' title="bbox 1168 2300 2709 2400; baseline 0.006 -34"><span class='ocrx_word' id='word_1_105' title='bbox 1168 2300 1547 2379; x_wconf 84' lang='lat' dir='ltr'><strong>Primus‚in</strong></span> <span class='ocrx_word' id='word_1_106' title='bbox 1579 2306 2007 2394; x_wconf 81' lang='lat' dir='ltr'><strong>separatione</strong></span> <span class='ocrx_word' id='word_1_107' title='bbox 2046 2307 2291 2373; x_wconf 79' lang='lat' dir='ltr'><strong>animae</strong></span> <span class='ocrx_word' id='word_1_108' title='bbox 2333 2331 2371 2374; x_wconf 89' lang='lat' dir='ltr'><strong>a</strong></span> <span class='ocrx_word' id='word_1_109' title='bbox 2400 2332 2709 2400; x_wconf 85' lang='lat' dir='ltr'><strong>corpore.</strong></span> 
     </span>
     <span class='ocr_line' id='line_1_20' title="bbox 1165 2406 2709 2507; baseline 0.008 -34"><span class='ocrx_word' id='word_1_110' title='bbox 1165 2406 1551 2487; x_wconf 77' lang='lat' dir='ltr'><strong>Secundus,</strong></span> <span class='ocrx_word' id='word_1_111' title='bbox 1588 2409 1949 2479; x_wconf 77' lang='lat' dir='ltr'><strong>desiccatio</strong></span> <span class='ocrx_word' id='word_1_112' title='bbox 1982 2412 2065 2480; x_wconf 88' lang='lat' dir='ltr'><strong>ab</strong></span> <span class='ocrx_word' id='word_1_113' title='bbox 2102 2412 2388 2483; x_wconf 89' lang='lat' dir='ltr'><strong>humore</strong></span> <span class='ocrx_word' id='word_1_114' title='bbox 2450 2419 2709 2507; x_wconf 61' lang='lat' dir='ltr'><strong>gratiae,</strong></span> 
     </span>
     <span class='ocr_line' id='line_1_21' title="bbox 1161 2517 2712 2604; baseline 0.007 -20"><span class='ocrx_word' id='word_1_115' title='bbox 1161 2517 1280 2593; x_wconf 86' lang='lat' dir='ltr'><strong>ibi,</strong></span> <span class='ocrx_word' id='word_1_116' title='bbox 1310 2521 1403 2587; x_wconf 85' lang='lat' dir='ltr'><strong>Et</strong></span> <span class='ocrx_word' id='word_1_117' title='bbox 1435 2522 1627 2588; x_wconf 78' lang='lat' dir='ltr'><strong>aruit</strong></span> <span class='ocrx_word' id='word_1_118' title='bbox 1665 2545 1781 2589; x_wconf 85' lang='lat' dir='ltr'><strong>cor</strong></span> <span class='ocrx_word' id='word_1_119' title='bbox 1814 2546 2065 2593; x_wconf 82' lang='lat' dir='ltr'><strong>meum.</strong></span> <span class='ocrx_word' id='word_1_120' title='bbox 2112 2552 2143 2586; x_wconf 81' lang='grc' dir='ltr'><strong>ιι</strong></span> <span class='ocrx_word' id='word_1_121' title='bbox 2210 2525 2467 2604; x_wconf 86' lang='lat' dir='ltr'><strong>Terti0,</strong></span> <span class='ocrx_word' id='word_1_122' title='bbox 2542 2528 2712 2596; x_wconf 87' lang='lat' dir='ltr'><strong>ratio</strong></span> 
     </span>
     <span class='ocr_line' id='line_1_22' title="bbox 1161 2627 2713 2722; baseline 0.009 -33"><span class='ocrx_word' id='word_1_123' title='bbox 1161 2628 1547 2717; x_wconf 85' lang='lat' dir='ltr'><strong>utriusque,</strong></span> <span class='ocrx_word' id='word_1_124' title='bbox 1582 2627 1838 2697; x_wconf 91' lang='lat' dir='ltr'><strong>scilicet</strong></span> <span class='ocrx_word' id='word_1_125' title='bbox 1869 2639 2296 2722; x_wconf 85' lang='lat' dir='ltr'><strong>contemptus</strong></span> <span class='ocrx_word' id='word_1_126' title='bbox 2336 2632 2494 2699; x_wconf 86' lang='lat' dir='ltr'><strong>boni</strong></span> <span class='ocrx_word' id='word_1_127' title='bbox 2528 2642 2713 2702; x_wconf 75' lang='lat' dir='ltr'><strong>oeter·</strong></span> 
     </span>
     <span class='ocr_line' id='line_1_23' title="bbox 1161 2735 2304 2823; baseline 0.007 -24"><span class='ocrx_word' id='word_1_128' title='bbox 1161 2735 1254 2814; x_wconf 88' lang='lat' dir='ltr'><strong>ni,</strong></span> <span class='ocrx_word' id='word_1_129' title='bbox 1302 2735 1421 2813; x_wconf 88' lang='lat' dir='ltr'><strong>ibi,</strong></span> <span class='ocrx_word' id='word_1_130' title='bbox 1474 2768 1505 2797; x_wconf 76' lang='grc' dir='ltr'><strong><em>κ</em></strong></span> <span class='ocrx_word' id='word_1_131' title='bbox 1551 2738 1733 2823; x_wconf 76' lang='lat' dir='ltr'><strong>Quia</strong></span> <span class='ocrx_word' id='word_1_132' title='bbox 1774 2738 2030 2806; x_wconf 81' lang='lat' dir='ltr'><strong>oblitus</strong></span> <span class='ocrx_word' id='word_1_133' title='bbox 2055 2764 2231 2807; x_wconf 81' lang='lat' dir='ltr'><strong>sum.</strong></span> <span class='ocrx_word' id='word_1_134' title='bbox 2272 2766 2304 2806; x_wconf 75' lang='grc' dir='ltr'><strong>ιι</strong></span> 
     </span>
    </p>

    <p class='ocr_par' dir='ltr' id='par_1_6' title="bbox 1156 2843 2711 3482">
     <span class='ocr_line' id='line_1_24' title="bbox 1254 2843 2710 2941; baseline 0.007 -31"><span class='ocrx_word' id='word_1_135' title='bbox 1254 2843 1430 2912; x_wconf 79' lang='lat' dir='ltr'><strong>Dicit</strong></span> <span class='ocrx_word' id='word_1_136' title='bbox 1459 2869 1670 2937; x_wconf 84' lang='lat' dir='ltr'><strong>ergo:</strong></span> <span class='ocrx_word' id='word_1_137' title='bbox 1738 2846 1851 2915; x_wconf 84' lang='lat' dir='ltr'><strong>Sic</strong></span> <span class='ocrx_word' id='word_1_138' title='bbox 1891 2847 2154 2925; x_wconf 81' lang='lat' dir='ltr'><strong>deficio,</strong></span> <span class='ocrx_word' id='word_1_139' title='bbox 2226 2860 2557 2941; x_wconf 84' lang='lat' dir='ltr'><strong>quantum</strong></span> <span class='ocrx_word' id='word_1_140' title='bbox 2625 2852 2710 2920; x_wconf 88' lang='lat' dir='ltr'><strong>ad</strong></span> 
     </span>
     <span class='ocr_line' id='line_1_25' title="bbox 1157 2950 2704 3050; baseline 0.006 -32"><span class='ocrx_word' id='word_1_141' title='bbox 1157 2950 1608 3036; x_wconf 77' lang='lat' dir='ltr'><strong>debilitatem,</strong></span> <span class='ocrx_word' id='word_1_142' title='bbox 1643 2962 1712 3024; x_wconf 88' lang='lat' dir='ltr'><strong>et</strong></span> <span class='ocrx_word' id='word_1_143' title='bbox 1739 2957 1942 3024; x_wconf 90' lang='lat' dir='ltr'><strong>etiam</strong></span> <span class='ocrx_word' id='word_1_144' title='bbox 1986 2984 2021 3021; x_wconf 75' lang='grc' dir='ltr'><em>α</em></span> <span class='ocrx_word' id='word_1_145' title='bbox 2044 2981 2407 3050; x_wconf 79' lang='lat' dir='ltr'><strong>percussus</strong></span> <span class='ocrx_word' id='word_1_146' title='bbox 2443 2984 2625 3040; x_wconf 75' lang='lat' dir='ltr'><strong>sant,</strong></span> <span class='ocrx_word' id='word_1_147' title='bbox 2671 2985 2704 3027; x_wconf 86' lang='grc' dir='ltr'><strong>ιι</strong></span> 
     </span>
     <span class='ocr_line' id='line_1_26' title="bbox 1159 3060 2709 3155; baseline 0.006 -28"><span class='ocrx_word' id='word_1_148' title='bbox 1159 3061 1227 3127; x_wconf 82' lang='grc' dir='ltr'><strong>ἱη</strong></span> <span class='ocrx_word' id='word_1_149' title='bbox 1270 3060 1695 3141; x_wconf 76' lang='lat' dir='ltr'><strong>infirmitate,</strong></span> <span class='ocrx_word' id='word_1_150' title='bbox 1732 3089 1765 3128; x_wconf 72' lang='grc' dir='ltr'><strong><em>ι</em></strong></span> <span class='ocrx_word' id='word_1_151' title='bbox 1797 3074 1873 3131; x_wconf 80' lang='lat' dir='ltr'><strong>ut</strong></span> <span class='ocrx_word' id='word_1_152' title='bbox 1897 3067 2185 3155; x_wconf 81' lang='lat' dir='ltr'><strong>soenmn,</strong></span> <span class='ocrx_word' id='word_1_153' title='bbox 2226 3092 2258 3130; x_wconf 81' lang='grc' dir='ltr'><strong>ιι</strong></span> <span class='ocrx_word' id='word_1_154' title='bbox 2294 3075 2358 3136; x_wconf 91' lang='lat' dir='ltr'><strong>et</strong></span> <span class='ocrx_word' id='word_1_155' title='bbox 2398 3077 2709 3137; x_wconf 86' lang='lat' dir='ltr'><strong>mortuus</strong></span> 
     </span>
     <span class='ocr_line' id='line_1_27' title="bbox 1158 3169 2705 3254; baseline 0.008 -20"><span class='ocrx_word' id='word_1_156' title='bbox 1158 3190 1387 3247; x_wconf 89' lang='lat' dir='ltr'><strong>suum,</strong></span> <span class='ocrx_word' id='word_1_157' title='bbox 1425 3169 1493 3237; x_wconf 91' lang='lat' dir='ltr'><strong>id</strong></span> <span class='ocrx_word' id='word_1_158' title='bbox 1554 3179 1682 3254; x_wconf 86' lang='lat' dir='ltr'><strong>est,</strong></span> <span class='ocrx_word' id='word_1_159' title='bbox 1737 3171 2040 3240; x_wconf 85' lang='lat' dir='ltr'><strong>mortalis</strong></span> <span class='ocrx_word' id='word_1_160' title='bbox 2105 3173 2319 3243; x_wconf 81' lang='lat' dir='ltr'><strong>sactus</strong></span> <span class='ocrx_word' id='word_1_161' title='bbox 2348 3199 2526 3244; x_wconf 89' lang='lat' dir='ltr'><strong>sum.</strong></span> <span class='ocrx_word' id='word_1_162' title='bbox 2573 3175 2705 3246; x_wconf 86' lang='lat' dir='ltr'><strong>lsa.</strong></span> 
     </span>
     <span class='ocr_line' id='line_1_28' title="bbox 1157 3278 2711 3374; baseline 0.005 -30"><span class='ocrx_word' id='word_1_163' title='bbox 1157 3300 1265 3352; x_wconf 72' lang='lat' dir='ltr'><strong>xi..</strong></span> <span class='ocrx_word' id='word_1_164' title='bbox 1301 3280 1386 3346; x_wconf 79' lang='lat'><strong>6:</strong></span> <span class='ocrx_word' id='word_1_165' title='bbox 1426 3278 1669 3348; x_wconf 74' lang='lat' dir='ltr'><strong>Omnis</strong></span> <span class='ocrx_word' id='word_1_166' title='bbox 1697 3303 1856 3348; x_wconf 81' lang='lat' dir='ltr'><strong>caro</strong></span> <span class='ocrx_word' id='word_1_167' title='bbox 1883 3284 2172 3372; x_wconf 72' lang='lat' dir='ltr'><strong>soemcm,</strong></span> <span class='ocrx_word' id='word_1_168' title='bbox 2207 3293 2272 3351; x_wconf 78' lang='lat' dir='ltr'><strong>et</strong></span> <span class='ocrx_word' id='word_1_169' title='bbox 2298 3286 2520 3352; x_wconf 76' lang='lat' dir='ltr'><strong>omnis</strong></span> <span class='ocrx_word' id='word_1_170' title='bbox 2545 3284 2711 3374; x_wconf 75' lang='lat' dir='ltr'><strong>qlo-</strong></span> 
     </span>
     <span class='ocr_line' id='line_1_29' title="bbox 1156 3386 2056 3482; baseline 0.008 -29"><span class='ocrx_word' id='word_1_171' title='bbox 1156 3388 1265 3454; x_wconf 77' lang='lat' dir='ltr'><strong>ria</strong></span> <span class='ocrx_word' id='word_1_172' title='bbox 1293 3386 1452 3479; x_wconf 77' lang='lat' dir='ltr'><strong>ejus</strong></span> <span class='ocrx_word' id='word_1_173' title='bbox 1480 3390 1687 3480; x_wconf 80' lang='lat' dir='ltr'><strong>quasi</strong></span> <span class='ocrx_word' id='word_1_174' title='bbox 1710 3391 1846 3480; x_wconf 78' lang='lat' dir='ltr'><strong>flos</strong></span> <span class='ocrx_word' id='word_1_175' title='bbox 1874 3392 2056 3482; x_wconf 72' lang='lat' dir='ltr'><strong>aqrae&#39;.</strong></span> 
     </span>
    </p>
   </div>
   <div class='ocr_carea' id='block_1_6' title="bbox 1148 3603 2709 5761">
    <p class='ocr_par' dir='ltr' id='par_1_7' title="bbox 1151 3603 2709 4336">
     <span class='ocr_line' id='line_1_30' title="bbox 1249 3603 2706 3687; baseline 0.006 -18"><span class='ocrx_word' id='word_1_176' title='bbox 1249 3628 1283 3669; x_wconf 71' lang='grc' dir='ltr'><strong><em>ι</em></strong></span> <span class='ocrx_word' id='word_1_177' title='bbox 1317 3603 1414 3672; x_wconf 74' lang='lat' dir='ltr'><strong>Ee</strong></span> <span class='ocrx_word' id='word_1_178' title='bbox 1450 3605 1667 3672; x_wconf 75' lang='lat' dir='ltr'><strong>aruit.</strong></span> <span class='ocrx_word' id='word_1_179' title='bbox 1710 3633 1739 3668; x_wconf 80' lang='grc' dir='ltr'><strong><em>ι</em></strong></span> <span class='ocrx_word' id='word_1_180' title='bbox 1825 3603 1999 3674; x_wconf 84' lang='lat' dir='ltr'><strong>Ecce</strong></span> <span class='ocrx_word' id='word_1_181' title='bbox 2054 3606 2453 3675; x_wconf 87' lang='lat' dir='ltr'><strong>secundum.</strong></span> <span class='ocrx_word' id='word_1_182' title='bbox 2497 3607 2706 3687; x_wconf 80' lang='lat' dir='ltr'><strong>Quasi</strong></span> 
     </span>
     <span class='ocr_line' id='line_1_31' title="bbox 1156 3709 2709 3798; baseline 0.005 -20"><span class='ocrx_word' id='word_1_183' title='bbox 1156 3710 1450 3780; x_wconf 86' lang='lat' dir='ltr'><strong>diceret:</strong></span> <span class='ocrx_word' id='word_1_184' title='bbox 1510 3709 1624 3781; x_wconf 91' lang='lat' dir='ltr'><strong>Sic</strong></span> <span class='ocrx_word' id='word_1_185' title='bbox 1653 3711 1961 3782; x_wconf 87' lang='lat' dir='ltr'><strong>mortalis</strong></span> <span class='ocrx_word' id='word_1_186' title='bbox 1991 3737 2171 3798; x_wconf 90' lang='lat' dir='ltr'><strong>sum,</strong></span> <span class='ocrx_word' id='word_1_187' title='bbox 2206 3722 2271 3782; x_wconf 91' lang='lat' dir='ltr'><strong>et</strong></span> <span class='ocrx_word' id='word_1_188' title='bbox 2309 3712 2394 3782; x_wconf 87' lang='lat' dir='ltr'><strong>ab</strong></span> <span class='ocrx_word' id='word_1_189' title='bbox 2416 3713 2709 3786; x_wconf 82' lang='lat' dir='ltr'><strong>humore</strong></span> 
     </span>
     <span class='ocr_line' id='line_1_32' title="bbox 1154 3819 2693 3911; baseline 0.003 -24"><span class='ocrx_word' id='word_1_190' title='bbox 1154 3822 1391 3911; x_wconf 81' lang='lat' dir='ltr'><strong>gratiae</strong></span> <span class='ocrx_word' id='word_1_191' title='bbox 1467 3819 1886 3891; x_wconf 83' lang='lat' dir='ltr'><strong>desiccatum</strong></span> <span class='ocrx_word' id='word_1_192' title='bbox 1946 3830 2046 3891; x_wconf 87' lang='lat' dir='ltr'><strong>est</strong></span> <span class='ocrx_word' id='word_1_193' title='bbox 2107 3849 2138 3888; x_wconf 75' lang='grc' dir='ltr'><strong><em>ι</em></strong></span> <span class='ocrx_word' id='word_1_194' title='bbox 2193 3847 2310 3891; x_wconf 82' lang='lat' dir='ltr'><strong>cor</strong></span> <span class='ocrx_word' id='word_1_195' title='bbox 2377 3847 2630 3896; x_wconf 84' lang='lat' dir='ltr'><strong>meum.</strong></span> <span class='ocrx_word' id='word_1_196' title='bbox 2664 3856 2693 3891; x_wconf 79' lang='grc' dir='ltr'><strong><em>ι</em></strong></span> 
     </span>
     <span class='ocr_line' id='line_1_33' title="bbox 1156 3928 2704 4013; baseline 0.006 -16"><span class='ocrx_word' id='word_1_197' title='bbox 1156 3928 1443 3999; x_wconf 80' lang='lat' dir='ltr'><strong>Numer.</strong></span> <span class='ocrx_word' id='word_1_198' title='bbox 1485 3954 1582 4013; x_wconf 76' lang='lat' dir='ltr'><strong>xi,</strong></span> <span class='ocrx_word' id='word_1_199' title='bbox 1624 3933 1666 4000; x_wconf 83' lang='lat'><strong>6</strong></span> <span class='ocrx_word' id='word_1_200' title='bbox 1695 3954 1710 4000; x_wconf 92' lang='lat'><strong>:</strong></span> <span class='ocrx_word' id='word_1_201' title='bbox 1744 3934 1998 4002; x_wconf 78' lang='lat' dir='ltr'><strong>Anima</strong></span> <span class='ocrx_word' id='word_1_202' title='bbox 2037 3945 2271 4001; x_wconf 80' lang='lat' dir='ltr'><strong>nostra</strong></span> <span class='ocrx_word' id='word_1_203' title='bbox 2311 3936 2515 4004; x_wconf 79' lang='lat' dir='ltr'><strong>arida</strong></span> <span class='ocrx_word' id='word_1_204' title='bbox 2581 3948 2704 4007; x_wconf 80' lang='lat' dir='ltr'><strong>est.</strong></span> 
     </span>
     <span class='ocr_line' id='line_1_34' title="bbox 1151 4034 2703 4135; baseline 0.006 -32"><span class='ocrx_word' id='word_1_205' title='bbox 1151 4034 1355 4107; x_wconf 84' lang='lat' dir='ltr'><strong>Joan.</strong></span> <span class='ocrx_word' id='word_1_206' title='bbox 1390 4061 1509 4121; x_wconf 81' lang='lat' dir='ltr'><strong>xv,</strong></span> <span class='ocrx_word' id='word_1_207' title='bbox 1543 4041 1585 4105; x_wconf 74' lang='lat'><strong>6</strong></span> <span class='ocrx_word' id='word_1_208' title='bbox 1612 4061 1628 4107; x_wconf 72' lang='grc' dir='ltr'><strong><em>ε</em></strong></span> <span class='ocrx_word' id='word_1_209' title='bbox 1653 4039 1970 4109; x_wconf 68' lang='lat' dir='ltr'><strong>,uteretur</strong></span> <span class='ocrx_word' id='word_1_210' title='bbox 1986 4042 2182 4131; x_wconf 72' lang='lat' dir='ltr'><strong>foras</strong></span> <span class='ocrx_word' id='word_1_211' title='bbox 2207 4043 2385 4109; x_wconf 77' lang='lat' dir='ltr'><strong>sicut</strong></span> <span class='ocrx_word' id='word_1_212' title='bbox 2404 4044 2703 4135; x_wconf 78' lang='lat' dir='ltr'><strong>palmes,</strong></span> 
     </span>
     <span class='ocr_line' id='line_1_35' title="bbox 1153 4146 2705 4242; baseline 0.004 -28"><span class='ocrx_word' id='word_1_213' title='bbox 1153 4157 1218 4214; x_wconf 88' lang='lat' dir='ltr'><strong>et</strong></span> <span class='ocrx_word' id='word_1_214' title='bbox 1265 4157 1547 4227; x_wconf 81' lang='lat' dir='ltr'><strong>arescet,</strong></span> <span class='ocrx_word' id='word_1_215' title='bbox 1578 4156 1644 4214; x_wconf 87' lang='lat' dir='ltr'><strong>et</strong></span> <span class='ocrx_word' id='word_1_216' title='bbox 1671 4146 2001 4239; x_wconf 74' lang='lat' dir='ltr'><strong>colliqent</strong></span> <span class='ocrx_word' id='word_1_217' title='bbox 2030 4172 2212 4228; x_wconf 74' lang='lat' dir='ltr'><strong>ema,</strong></span> <span class='ocrx_word' id='word_1_218' title='bbox 2272 4158 2336 4217; x_wconf 84' lang='lat' dir='ltr'><strong>et</strong></span> <span class='ocrx_word' id='word_1_219' title='bbox 2366 4151 2436 4218; x_wconf 80' lang='lat' dir='ltr'><strong>in</strong></span> <span class='ocrx_word' id='word_1_220' title='bbox 2479 4152 2705 4242; x_wconf 76' lang='lat' dir='ltr'><strong>e&#39;qnem</strong></span> 
     </span>
     <span class='ocr_line' id='line_1_36' title="bbox 1158 4253 1821 4336; baseline 0.002 -14"><span class='ocrx_word' id='word_1_221' title='bbox 1158 4255 1458 4336; x_wconf 72' lang='lat' dir='ltr'><strong>mittent,</strong></span> <span class='ocrx_word' id='word_1_222' title='bbox 1499 4263 1562 4320; x_wconf 87' lang='lat' dir='ltr'><strong>et</strong></span> <span class='ocrx_word' id='word_1_223' title='bbox 1600 4253 1821 4323; x_wconf 83' lang='lat' dir='ltr'><strong>ardet.</strong></span> 
     </span>
    </p>

    <p class='ocr_par' dir='ltr' id='par_1_8' title="bbox 1148 4360 2709 5761">
     <span class='ocr_line' id='line_1_37' title="bbox 1247 4360 2707 4447; baseline 0.004 -18"><span class='ocrx_word' id='word_1_224' title='bbox 1247 4361 1330 4430; x_wconf 82' lang='lat' dir='ltr'><strong>Et</strong></span> <span class='ocrx_word' id='word_1_225' title='bbox 1349 4360 1501 4431; x_wconf 63' lang='lat' dir='ltr'><strong>haec</strong></span> <span class='ocrx_word' id='word_1_226' title='bbox 1529 4364 1765 4431; x_wconf 87' lang='lat' dir='ltr'><strong>omnia</strong></span> <span class='ocrx_word' id='word_1_227' title='bbox 1800 4385 1815 4430; x_wconf 90' lang='lat'>:</span> <span class='ocrx_word' id='word_1_228' title='bbox 1847 4362 2031 4447; x_wconf 78' lang='lat' dir='ltr'><strong>Quia</strong></span> <span class='ocrx_word' id='word_1_229' title='bbox 2060 4362 2489 4434; x_wconf 68' lang='lat' dir='ltr'><strong>obtinentem</strong></span> <span class='ocrx_word' id='word_1_230' title='bbox 2518 4390 2707 4435; x_wconf 86' lang='lat' dir='ltr'><strong>com-</strong></span> 
     </span>
     <span class='ocr_line' id='line_1_38' title="bbox 1155 4468 2708 4566; baseline 0.003 -28"><span class='ocrx_word' id='word_1_231' title='bbox 1155 4468 1352 4538; x_wconf 81' lang='lat' dir='ltr'><strong>edere</strong></span> <span class='ocrx_word' id='word_1_232' title='bbox 1370 4492 1625 4562; x_wconf 82' lang='lat' dir='ltr'><strong>panem</strong></span> <span class='ocrx_word' id='word_1_233' title='bbox 1666 4491 1921 4554; x_wconf 79' lang='lat' dir='ltr'><strong>meum,</strong></span> <span class='ocrx_word' id='word_1_234' title='bbox 1992 4498 2026 4534; x_wconf 84' lang='grc' dir='ltr'><strong>ιι</strong></span> <span class='ocrx_word' id='word_1_235' title='bbox 2071 4468 2514 4562; x_wconf 80' lang='lat' dir='ltr'><strong>multiplicem</strong></span> <span class='ocrx_word' id='word_1_236' title='bbox 2580 4496 2708 4566; x_wconf 87' lang='lat' dir='ltr'><strong>pa-</strong></span> 
     </span>
     <span class='ocr_line' id='line_1_39' title="bbox 1157 4579 2706 4677; baseline 0.004 -29"><span class='ocrx_word' id='word_1_237' title='bbox 1157 4602 1341 4649; x_wconf 87' lang='lat' dir='ltr'><strong>nem.</strong></span> <span class='ocrx_word' id='word_1_238' title='bbox 1404 4579 1670 4663; x_wconf 86' lang='lat' dir='ltr'><strong>Primo,</strong></span> <span class='ocrx_word' id='word_1_239' title='bbox 1758 4603 2004 4673; x_wconf 88' lang='lat' dir='ltr'><strong>panem</strong></span> <span class='ocrx_word' id='word_1_240' title='bbox 2070 4582 2491 4653; x_wconf 81' lang='lat' dir='ltr'><strong>materialem</strong></span> <span class='ocrx_word' id='word_1_241' title='bbox 2524 4608 2539 4653; x_wconf 90' lang='lat'><strong>:</strong></span> <span class='ocrx_word' id='word_1_242' title='bbox 2588 4587 2706 4677; x_wconf 92' lang='lat' dir='ltr'><strong>qui</strong></span> 
     </span>
     <span class='ocr_line' id='line_1_40' title="bbox 1154 4685 2702 4781; baseline 0.004 -27"><span class='ocrx_word' id='word_1_243' title='bbox 1154 4687 1340 4755; x_wconf 86' lang='lat' dir='ltr'><strong>enim</strong></span> <span class='ocrx_word' id='word_1_244' title='bbox 1372 4685 1801 4756; x_wconf 78' lang='lat' dir='ltr'><strong>obliviscitur</strong></span> <span class='ocrx_word' id='word_1_245' title='bbox 1817 4687 2172 4759; x_wconf 71' lang='lat' dir='ltr'><strong>comede-re</strong></span> <span class='ocrx_word' id='word_1_246' title='bbox 2194 4714 2437 4781; x_wconf 86' lang='lat' dir='ltr'><strong>panem</strong></span> <span class='ocrx_word' id='word_1_247' title='bbox 2471 4714 2702 4772; x_wconf 84' lang='lat' dir='ltr'><strong>suum,</strong></span> 
     </span>
     <span class='ocr_line' id='line_1_41' title="bbox 1154 4798 2709 4890; baseline 0.004 -24"><span class='ocrx_word' id='word_1_248' title='bbox 1154 4805 1221 4867; x_wconf 88' lang='lat' dir='ltr'><strong>et</strong></span> <span class='ocrx_word' id='word_1_249' title='bbox 1259 4820 1533 4890; x_wconf 78' lang='lat' dir='ltr'><strong>semper</strong></span> <span class='ocrx_word' id='word_1_250' title='bbox 1569 4798 1721 4868; x_wconf 80' lang='lat' dir='ltr'><strong>vult</strong></span> <span class='ocrx_word' id='word_1_251' title='bbox 1777 4800 2131 4869; x_wconf 87' lang='lat' dir='ltr'><strong>comedere</strong></span> <span class='ocrx_word' id='word_1_252' title='bbox 2167 4800 2493 4880; x_wconf 87' lang='lat' dir='ltr'><strong>alienum,</strong></span> <span class='ocrx_word' id='word_1_253' title='bbox 2567 4803 2709 4871; x_wconf 88' lang='lat' dir='ltr'><strong>ari-</strong></span> 
     </span>
     <span class='ocr_line' id='line_1_42' title="bbox 1149 4904 2707 5003; baseline 0.004 -30"><span class='ocrx_word' id='word_1_254' title='bbox 1149 4904 1276 4973; x_wconf 86' lang='lat' dir='ltr'><strong>dus</strong></span> <span class='ocrx_word' id='word_1_255' title='bbox 1305 4904 1597 4974; x_wconf 79' lang='lat' dir='ltr'><strong>eflicitur</strong></span> <span class='ocrx_word' id='word_1_256' title='bbox 1615 4927 1653 4974; x_wconf 92' lang='lat' dir='ltr'><strong>a</strong></span> <span class='ocrx_word' id='word_1_257' title='bbox 1674 4907 1888 4998; x_wconf 79' lang='lat' dir='ltr'><strong>gratia</strong></span> <span class='ocrx_word' id='word_1_258' title='bbox 1903 4905 2023 4974; x_wconf 87' lang='lat' dir='ltr'><strong>Dei</strong></span> <span class='ocrx_word' id='word_1_259' title='bbox 2034 4906 2158 4975; x_wconf 80' lang='lat' dir='ltr'><strong>,De</strong></span> <span class='ocrx_word' id='word_1_260' title='bbox 2178 4906 2307 4978; x_wconf 86' lang='lat' dir='ltr'><strong>hoc</strong></span> <span class='ocrx_word' id='word_1_261' title='bbox 2331 4909 2514 4980; x_wconf 90' lang='lat' dir='ltr'><strong>enim</strong></span> <span class='ocrx_word' id='word_1_262' title='bbox 2532 4934 2707 5003; x_wconf 86' lang='lat' dir='ltr'><strong>pane</strong></span> 
     </span>
     <span class='ocr_line' id='line_1_43' title="bbox 1150 5011 2704 5098; baseline 0.006 -18"><span class='ocrx_word' id='word_1_263' title='bbox 1150 5011 1423 5095; x_wconf 86' lang='lat' dir='ltr'><strong>dicitur,</strong></span> <span class='ocrx_word' id='word_1_264' title='bbox 1466 5013 1715 5083; x_wconf 85' lang='lat' dir='ltr'><strong>Genes.</strong></span> <span class='ocrx_word' id='word_1_265' title='bbox 1775 5036 1874 5098; x_wconf 84' lang='lat' dir='ltr'><strong>m,</strong></span> <span class='ocrx_word' id='word_1_266' title='bbox 1914 5017 2034 5085; x_wconf 79' lang='lat'><strong>¹9:</strong></span> <span class='ocrx_word' id='word_1_267' title='bbox 2081 5017 2160 5084; x_wconf 81' lang='lat' dir='ltr'><strong>ln</strong></span> <span class='ocrx_word' id='word_1_268' title='bbox 2198 5019 2445 5088; x_wconf 75' lang='lat' dir='ltr'><strong>satore</strong></span> <span class='ocrx_word' id='word_1_269' title='bbox 2476 5020 2704 5089; x_wconf 75' lang='lat' dir='ltr'><strong>vultus</strong></span> 
     </span>
     <span class='ocr_line' id='line_1_44' title="bbox 1151 5120 2703 5218; baseline 0.005 -30"><span class='ocrx_word' id='word_1_270' title='bbox 1151 5120 1259 5188; x_wconf 69' lang='lat' dir='ltr'><strong>tm·</strong></span> <span class='ocrx_word' id='word_1_271' title='bbox 1283 5122 1570 5189; x_wconf 77' lang='lat' dir='ltr'><strong>vesceris</strong></span> <span class='ocrx_word' id='word_1_272' title='bbox 1591 5144 1806 5215; x_wconf 81' lang='lat' dir='ltr'><strong>pane,</strong></span> <span class='ocrx_word' id='word_1_273' title='bbox 1848 5129 1976 5189; x_wconf 86' lang='lat' dir='ltr'><strong>etc.</strong></span> <span class='ocrx_word' id='word_1_274' title='bbox 2000 5122 2196 5192; x_wconf 87' lang='lat' dir='ltr'><strong>llunc</strong></span> <span class='ocrx_word' id='word_1_275' title='bbox 2239 5126 2422 5194; x_wconf 87' lang='lat' dir='ltr'><strong>enim</strong></span> <span class='ocrx_word' id='word_1_276' title='bbox 2454 5150 2703 5218; x_wconf 86' lang='lat' dir='ltr'><strong>panem</strong></span> 
     </span>
     <span class='ocr_line' id='line_1_45' title="bbox 1149 5230 2698 5324; baseline 0.005 -25"><span class='ocrx_word' id='word_1_277' title='bbox 1149 5232 1475 5310; x_wconf 87' lang='lat' dir='ltr'><strong>comedit,</strong></span> <span class='ocrx_word' id='word_1_278' title='bbox 1508 5235 1616 5301; x_wconf 92' lang='lat' dir='ltr'><strong>cui</strong></span> <span class='ocrx_word' id='word_1_279' title='bbox 1663 5231 1848 5324; x_wconf 87' lang='lat' dir='ltr'><strong>quod</strong></span> <span class='ocrx_word' id='word_1_280' title='bbox 1903 5230 2108 5301; x_wconf 86' lang='lat' dir='ltr'><strong>habet</strong></span> <span class='ocrx_word' id='word_1_281' title='bbox 2164 5235 2434 5306; x_wconf 75' lang='lat' dir='ltr'><strong>suflicit.</strong></span> <span class='ocrx_word' id='word_1_282' title='bbox 2498 5235 2698 5318; x_wconf 73' lang='lat' dir='ltr'><strong>Item,</strong></span> 
     </span>
     <span class='ocr_line' id='line_1_46' title="bbox 1150 5338 2703 5434; baseline 0.003 -30"><span class='ocrx_word' id='word_1_283' title='bbox 1150 5360 1397 5430; x_wconf 86' lang='lat' dir='ltr'><strong>panem</strong></span> <span class='ocrx_word' id='word_1_284' title='bbox 1430 5338 1826 5430; x_wconf 76' lang='lat' dir='ltr'><strong>multiplicis</strong></span> <span class='ocrx_word' id='word_1_285' title='bbox 1855 5340 2105 5430; x_wconf 71' lang='lat' dir='ltr'><strong>gratim,</strong></span> <span class='ocrx_word' id='word_1_286' title='bbox 2136 5364 2339 5434; x_wconf 87' lang='lat' dir='ltr'><strong>quem</strong></span> <span class='ocrx_word' id='word_1_287' title='bbox 2369 5342 2703 5412; x_wconf 74' lang='lat' dir='ltr'><strong>dehemus</strong></span> 
     </span>
     <span class='ocr_line' id='line_1_47' title="bbox 1150 5447 2697 5541; baseline 0.005 -25"><span class='ocrx_word' id='word_1_288' title='bbox 1150 5448 1539 5528; x_wconf 86' lang='lat' dir='ltr'><strong>comedere,</strong></span> <span class='ocrx_word' id='word_1_289' title='bbox 1572 5447 1656 5518; x_wconf 79' lang='lat' dir='ltr'><strong>«le</strong></span> <span class='ocrx_word' id='word_1_290' title='bbox 1694 5472 1833 5541; x_wconf 91' lang='lat' dir='ltr'><strong>quo</strong></span> <span class='ocrx_word' id='word_1_291' title='bbox 1876 5454 1943 5520; x_wconf 87' lang='lat' dir='ltr'><strong>in</strong></span> <span class='ocrx_word' id='word_1_292' title='bbox 2010 5450 2190 5523; x_wconf 81' lang='lat' dir='ltr'><strong>Psal.</strong></span> <span class='ocrx_word' id='word_1_293' title='bbox 2258 5477 2487 5533; x_wconf 75' lang='lat' dir='ltr'><strong>cxxxi,</strong></span> <span class='ocrx_word' id='word_1_294' title='bbox 2556 5457 2634 5525; x_wconf 76' lang='lat'><strong>¹3</strong></span> <span class='ocrx_word' id='word_1_295' title='bbox 2682 5479 2697 5524; x_wconf 91' lang='lat'>:</span> 
     </span>
     <span class='ocr_line' id='line_1_48' title="bbox 1148 5556 2702 5653; baseline 0.005 -29"><span class='ocrx_word' id='word_1_296' title='bbox 1148 5556 1503 5648; x_wconf 70' lang='lat' dir='ltr'><strong>Pauper-es</strong></span> <span class='ocrx_word' id='word_1_297' title='bbox 1541 5556 1699 5647; x_wconf 78' lang='lat' dir='ltr'><strong>ejas</strong></span> <span class='ocrx_word' id='word_1_298' title='bbox 1735 5560 2067 5629; x_wconf 74' lang='lat' dir='ltr'><strong>saturabo</strong></span> <span class='ocrx_word' id='word_1_299' title='bbox 2089 5560 2419 5653; x_wconf 77' lang='lat' dir='ltr'><strong>panibus,</strong></span> <span class='ocrx_word' id='word_1_300' title='bbox 2461 5562 2702 5632; x_wconf 91' lang='lat' dir='ltr'><strong>multi-</strong></span> 
     </span>
     <span class='ocr_line' id='line_1_49' title="bbox 1154 5660 2702 5761; baseline 0.01 -34"><span class='ocrx_word' id='word_1_301' title='bbox 1154 5660 1346 5752; x_wconf 84' lang='lat' dir='ltr'><strong>plicis</strong></span> <span class='ocrx_word' id='word_1_302' title='bbox 1375 5665 1653 5755; x_wconf 71' lang='lat' dir='ltr'><strong>gratiae:</strong></span> <span class='ocrx_word' id='word_1_303' title='bbox 1715 5662 1897 5732; x_wconf 84' lang='lat' dir='ltr'><strong>hunc</strong></span> <span class='ocrx_word' id='word_1_304' title='bbox 1963 5667 2144 5735; x_wconf 88' lang='lat' dir='ltr'><strong>enim</strong></span> <span class='ocrx_word' id='word_1_305' title='bbox 2175 5691 2426 5761; x_wconf 86' lang='lat' dir='ltr'><strong>panem</strong></span> <span class='ocrx_word' id='word_1_306' title='bbox 2464 5695 2702 5742; x_wconf 89' lang='lat' dir='ltr'><strong>come-</strong></span> 
     </span>
    </p>
   </div>
   <div class='ocr_carea' id='block_1_7' title="bbox 2816 468 4398 3277">
    <p class='ocr_par' dir='ltr' id='par_1_9' title="bbox 2816 468 4398 3277">
     <span class='ocr_line' id='line_1_50' title="bbox 2842 468 4395 568; baseline -0.006 -25"><span class='ocrx_word' id='word_1_307' title='bbox 2842 477 3090 557; x_wconf 86' lang='lat' dir='ltr'><strong>dimus,</strong></span> <span class='ocrx_word' id='word_1_308' title='bbox 3126 476 3397 568; x_wconf 86' lang='lat' dir='ltr'><strong>quaudo</strong></span> <span class='ocrx_word' id='word_1_309' title='bbox 3432 471 3830 563; x_wconf 86' lang='lat' dir='ltr'><strong>multiplicis</strong></span> <span class='ocrx_word' id='word_1_310' title='bbox 3887 472 4126 561; x_wconf 81' lang='lat' dir='ltr'><strong>gratiae</strong></span> <span class='ocrx_word' id='word_1_311' title='bbox 4167 468 4395 558; x_wconf 86' lang='lat' dir='ltr'><strong>operi-</strong></span> 
     </span>
     <span class='ocr_line' id='line_1_51' title="bbox 2839 577 4393 674; baseline -0.005 -25"><span class='ocrx_word' id='word_1_312' title='bbox 2839 584 2965 653; x_wconf 87' lang='lat' dir='ltr'><strong>bus</strong></span> <span class='ocrx_word' id='word_1_313' title='bbox 2997 608 3121 652; x_wconf 87' lang='lat' dir='ltr'><strong>nos</strong></span> <span class='ocrx_word' id='word_1_314' title='bbox 3162 587 3345 674; x_wconf 86' lang='lat' dir='ltr'><strong>ipsos</strong></span> <span class='ocrx_word' id='word_1_315' title='bbox 3376 604 3799 651; x_wconf 83' lang='lat' dir='ltr'><strong>exercemus.</strong></span> <span class='ocrx_word' id='word_1_316' title='bbox 3833 579 4030 657; x_wconf 87' lang='lat' dir='ltr'><strong>Item,</strong></span> <span class='ocrx_word' id='word_1_317' title='bbox 4068 577 4393 646; x_wconf 86' lang='lat' dir='ltr'><strong>doctrinae</strong></span> 
     </span>
     <span class='ocr_line' id='line_1_52' title="bbox 2838 683 4392 782; baseline -0.005 -25"><span class='ocrx_word' id='word_1_318' title='bbox 2838 716 3045 782; x_wconf 82' lang='lat' dir='ltr'><strong>quam</strong></span> <span class='ocrx_word' id='word_1_319' title='bbox 3113 691 3441 759; x_wconf 89' lang='lat' dir='ltr'><strong>debemus</strong></span> <span class='ocrx_word' id='word_1_320' title='bbox 3500 689 3806 781; x_wconf 91' lang='lat' dir='ltr'><strong>quotidie</strong></span> <span class='ocrx_word' id='word_1_321' title='bbox 3878 687 4249 767; x_wconf 89' lang='lat' dir='ltr'><strong>ruminare,</strong></span> <span class='ocrx_word' id='word_1_322' title='bbox 4312 683 4392 750; x_wconf 90' lang='lat' dir='ltr'><strong>de</strong></span> 
     </span>
     <span class='ocr_line' id='line_1_53' title="bbox 2838 798 4394 887; baseline -0.006 -22"><span class='ocrx_word' id='word_1_323' title='bbox 2838 820 2974 887; x_wconf 88' lang='lat' dir='ltr'><strong>quo</strong></span> <span class='ocrx_word' id='word_1_324' title='bbox 3006 798 3225 865; x_wconf 87' lang='lat' dir='ltr'><strong>Eccle.</strong></span> <span class='ocrx_word' id='word_1_325' title='bbox 3262 822 3355 878; x_wconf 75' lang='lat' dir='ltr'><strong>xi,</strong></span> <span class='ocrx_word' id='word_1_326' title='bbox 3405 800 3432 863; x_wconf 83' lang='lat'>1</span> <span class='ocrx_word' id='word_1_327' title='bbox 3467 820 3481 863; x_wconf 91' lang='lat'>:</span> <span class='ocrx_word' id='word_1_328' title='bbox 3519 799 3722 864; x_wconf 81' lang='lat' dir='ltr'><strong>Mitte</strong></span> <span class='ocrx_word' id='word_1_329' title='bbox 3745 816 4000 885; x_wconf 81' lang='lat' dir='ltr'><strong>panem</strong></span> <span class='ocrx_word' id='word_1_330' title='bbox 4039 803 4234 860; x_wconf 84' lang='lat' dir='ltr'><strong>tuum</strong></span> <span class='ocrx_word' id='word_1_331' title='bbox 4271 812 4394 856; x_wconf 83' lang='lat' dir='ltr'><strong>su-</strong></span> 
     </span>
     <span class='ocr_line' id='line_1_54' title="bbox 2824 902 4394 995; baseline -0.007 -23"><span class='ocrx_word' id='word_1_332' title='bbox 2824 929 2956 995; x_wconf 73' lang='lat' dir='ltr'><strong>pet·</strong></span> <span class='ocrx_word' id='word_1_333' title='bbox 2995 914 3422 972; x_wconf 75' lang='lat' dir='ltr'><strong>transeuntes</strong></span> <span class='ocrx_word' id='word_1_334' title='bbox 3452 927 3699 994; x_wconf 69' lang='lat' dir='ltr'><strong>aqua-5,</strong></span> <span class='ocrx_word' id='word_1_335' title='bbox 3776 902 3944 992; x_wconf 81' lang='lat' dir='ltr'><strong>quia</strong></span> <span class='ocrx_word' id='word_1_336' title='bbox 3995 907 4154 990; x_wconf 81' lang='lat' dir='ltr'><strong>post</strong></span> <span class='ocrx_word' id='word_1_337' title='bbox 4217 906 4394 965; x_wconf 84' lang='lat' dir='ltr'><strong>tem-</strong></span> 
     </span>
     <span class='ocr_line' id='line_1_55' title="bbox 2829 1007 4398 1105; baseline -0.005 -26"><span class='ocrx_word' id='word_1_338' title='bbox 2829 1038 3006 1105; x_wconf 75' lang='lat' dir='ltr'><strong>pora</strong></span> <span class='ocrx_word' id='word_1_339' title='bbox 3037 1015 3260 1080; x_wconf 78' lang='lat' dir='ltr'><strong>malta</strong></span> <span class='ocrx_word' id='word_1_340' title='bbox 3301 1014 3596 1079; x_wconf 77' lang='lat' dir='ltr'><strong>invenies</strong></span> <span class='ocrx_word' id='word_1_341' title='bbox 3657 1010 3893 1078; x_wconf 79' lang='lat' dir='ltr'><strong>illum.</strong></span> <span class='ocrx_word' id='word_1_342' title='bbox 3927 1007 4130 1075; x_wconf 89' lang='lat' dir='ltr'><strong>Hunc</strong></span> <span class='ocrx_word' id='word_1_343' title='bbox 4174 1027 4398 1074; x_wconf 85' lang='lat' dir='ltr'><strong>come·</strong></span> 
     </span>
     <span class='ocr_line' id='line_1_56' title="bbox 2835 1116 4394 1210; baseline -0.007 -21"><span class='ocrx_word' id='word_1_344' title='bbox 2835 1122 3084 1198; x_wconf 80' lang='lat' dir='ltr'><strong>dimuS,</strong></span> <span class='ocrx_word' id='word_1_345' title='bbox 3146 1120 3419 1210; x_wconf 87' lang='lat' dir='ltr'><strong>quando</strong></span> <span class='ocrx_word' id='word_1_346' title='bbox 3487 1120 3723 1187; x_wconf 85' lang='lat' dir='ltr'><strong>audita</strong></span> <span class='ocrx_word' id='word_1_347' title='bbox 3781 1116 4134 1186; x_wconf 83' lang='lat' dir='ltr'><strong>memoriae</strong></span> <span class='ocrx_word' id='word_1_348' title='bbox 4201 1135 4394 1180; x_wconf 87' lang='lat' dir='ltr'><strong>com-</strong></span> 
     </span>
     <span class='ocr_line' id='line_1_57' title="bbox 2837 1222 4391 1310; baseline -0.009 -11"><span class='ocrx_word' id='word_1_349' title='bbox 2837 1230 3261 1299; x_wconf 87' lang='lat' dir='ltr'><strong>mendamus.</strong></span> <span class='ocrx_word' id='word_1_350' title='bbox 3386 1229 3583 1307; x_wconf 86' lang='lat' dir='ltr'><strong>Item,</strong></span> <span class='ocrx_word' id='word_1_351' title='bbox 3708 1223 4179 1299; x_wconf 86' lang='lat' dir='ltr'><strong>Eucharistiae,</strong></span> <span class='ocrx_word' id='word_1_352' title='bbox 4274 1222 4391 1310; x_wconf 90' lang='lat' dir='ltr'><strong>qui</strong></span> 
     </span>
     <span class='ocr_line' id='line_1_58' title="bbox 2835 1327 4393 1423; baseline -0.008 -15"><span class='ocrx_word' id='word_1_353' title='bbox 2835 1340 3165 1408; x_wconf 72' lang='lat' dir='ltr'><strong>oblivioni</strong></span> <span class='ocrx_word' id='word_1_354' title='bbox 3208 1361 3347 1407; x_wconf 86' lang='lat' dir='ltr'><strong>non</strong></span> <span class='ocrx_word' id='word_1_355' title='bbox 3414 1338 3614 1406; x_wconf 91' lang='lat' dir='ltr'><strong>debet</strong></span> <span class='ocrx_word' id='word_1_356' title='bbox 3685 1334 3885 1416; x_wconf 85' lang='lat' dir='ltr'><strong>tradi,</strong></span> <span class='ocrx_word' id='word_1_357' title='bbox 3938 1334 4019 1401; x_wconf 93' lang='lat' dir='ltr'><strong>de</strong></span> <span class='ocrx_word' id='word_1_358' title='bbox 4077 1354 4216 1423; x_wconf 91' lang='lat' dir='ltr'><strong>quo</strong></span> <span class='ocrx_word' id='word_1_359' title='bbox 4259 1327 4393 1396; x_wconf 84' lang='lat' dir='ltr'><strong>Sa-</strong></span> 
     </span>
     <span class='ocr_line' id='line_1_59' title="bbox 2833 1435 4391 1536; baseline -0.007 -24"><span class='ocrx_word' id='word_1_360' title='bbox 2833 1448 3043 1536; x_wconf 88' lang='lat' dir='ltr'><strong>pient.</strong></span> <span class='ocrx_word' id='word_1_361' title='bbox 3089 1470 3229 1527; x_wconf 73' lang='lat' dir='ltr'><strong>xvi,</strong></span> <span class='ocrx_word' id='word_1_362' title='bbox 3273 1446 3401 1513; x_wconf 84' lang='lat'><strong>20:</strong></span> <span class='ocrx_word' id='word_1_363' title='bbox 3439 1448 3785 1514; x_wconf 83' lang='lat' dir='ltr'><strong>Paratum</strong></span> <span class='ocrx_word' id='word_1_364' title='bbox 3810 1464 4066 1533; x_wconf 83' lang='lat' dir='ltr'><strong>panem</strong></span> <span class='ocrx_word' id='word_1_365' title='bbox 4107 1439 4191 1506; x_wconf 86' lang='lat' dir='ltr'><strong>de</strong></span> <span class='ocrx_word' id='word_1_366' title='bbox 4227 1435 4391 1504; x_wconf 85' lang='lat' dir='ltr'><strong>coelo</strong></span> 
     </span>
     <span class='ocr_line' id='line_1_60' title="bbox 2820 1550 4391 1646; baseline -0.007 -26"><span class='ocrx_word' id='word_1_367' title='bbox 2820 1556 3212 1646; x_wconf 57' lang='lat' dir='ltr'><strong>praestitisti</strong></span> <span class='ocrx_word' id='word_1_368' title='bbox 3252 1555 3399 1621; x_wconf 79' lang='lat' dir='ltr'><em>illis</em></span> <span class='ocrx_word' id='word_1_369' title='bbox 3454 1556 3604 1621; x_wconf 82' lang='lat' dir='ltr'><strong>sine</strong></span> <span class='ocrx_word' id='word_1_370' title='bbox 3674 1551 3932 1628; x_wconf 84' lang='lat' dir='ltr'><strong>labore,</strong></span> <span class='ocrx_word' id='word_1_371' title='bbox 3971 1550 4041 1616; x_wconf 82' lang='lat' dir='ltr'><strong>in</strong></span> <span class='ocrx_word' id='word_1_372' title='bbox 4085 1569 4157 1615; x_wconf 83' lang='lat' dir='ltr'><strong>se</strong></span> <span class='ocrx_word' id='word_1_373' title='bbox 4194 1567 4391 1614; x_wconf 84' lang='lat' dir='ltr'><strong>omne</strong></span> 
     </span>
     <span class='ocr_line' id='line_1_61' title="bbox 2832 1656 4389 1738; baseline -0.008 -7"><span class='ocrx_word' id='word_1_374' title='bbox 2832 1664 3403 1733; x_wconf 76' lang='lat' dir='ltr'><strong>delectamentum</strong></span> <span class='ocrx_word' id='word_1_375' title='bbox 3463 1661 3851 1738; x_wconf 77' lang='lat' dir='ltr'><strong>habentem,</strong></span> <span class='ocrx_word' id='word_1_376' title='bbox 3905 1668 3969 1725; x_wconf 86' lang='lat' dir='ltr'><strong>et</strong></span> <span class='ocrx_word' id='word_1_377' title='bbox 4007 1656 4230 1725; x_wconf 80' lang='lat' dir='ltr'><strong>omnis</strong></span> <span class='ocrx_word' id='word_1_378' title='bbox 4280 1676 4389 1720; x_wconf 82' lang='lat' dir='ltr'><strong>sa·</strong></span> 
     </span>
     <span class='ocr_line' id='line_1_62' title="bbox 2823 1762 4383 1862; baseline -0.006 -26"><span class='ocrx_word' id='word_1_379' title='bbox 2823 1774 3015 1862; x_wconf 70' lang='lat' dir='ltr'><strong>poris</strong></span> <span class='ocrx_word' id='word_1_380' title='bbox 3103 1773 3543 1851; x_wconf 75' lang='lat' dir='ltr'><strong>suavitatem.</strong></span> <span class='ocrx_word' id='word_1_381' title='bbox 3644 1769 3847 1836; x_wconf 86' lang='lat' dir='ltr'><strong>Hunc</strong></span> <span class='ocrx_word' id='word_1_382' title='bbox 3931 1762 4383 1845; x_wconf 77' lang='lat' dir='ltr'><strong>comedimuS,</strong></span> 
     </span>
     <span class='ocr_line' id='line_1_63' title="bbox 2830 1866 4390 1969; baseline -0.008 -23"><span class='ocrx_word' id='word_1_383' title='bbox 2830 1879 3102 1969; x_wconf 90' lang='lat' dir='ltr'><strong>quando</strong></span> <span class='ocrx_word' id='word_1_384' title='bbox 3135 1901 3290 1946; x_wconf 90' lang='lat' dir='ltr'><strong>cum</strong></span> <span class='ocrx_word' id='word_1_385' title='bbox 3330 1876 3823 1945; x_wconf 85' lang='lat' dir='ltr'><strong>deliberatione</strong></span> <span class='ocrx_word' id='word_1_386' title='bbox 3853 1873 4140 1940; x_wconf 87' lang='lat' dir='ltr'><strong>firmiter</strong></span> <span class='ocrx_word' id='word_1_387' title='bbox 4167 1866 4390 1938; x_wconf 83' lang='lat' dir='ltr'><strong>credi-</strong></span> 
     </span>
     <span class='ocr_line' id='line_1_64' title="bbox 2829 1977 4389 2079; baseline -0.008 -24"><span class='ocrx_word' id='word_1_388' title='bbox 2829 2012 3005 2055; x_wconf 90' lang='lat' dir='ltr'><strong>mus.</strong></span> <span class='ocrx_word' id='word_1_389' title='bbox 3070 1988 3546 2079; x_wconf 74' lang='lat' dir='ltr'><strong>Augustinus:</strong></span> <span class='ocrx_word' id='word_1_390' title='bbox 3594 2013 3629 2050; x_wconf 81' lang='lat'>«</span> <span class='ocrx_word' id='word_1_391' title='bbox 3665 1983 3906 2062; x_wconf 86' lang='lat' dir='ltr'><strong>Crede,</strong></span> <span class='ocrx_word' id='word_1_392' title='bbox 3975 1988 4043 2050; x_wconf 85' lang='lat' dir='ltr'><strong>et</strong></span> <span class='ocrx_word' id='word_1_393' title='bbox 4089 1977 4389 2047; x_wconf 84' lang='lat' dir='ltr'><strong>mandu-</strong></span> 
     </span>
     <span class='ocr_line' id='line_1_65' title="bbox 2831 2084 4386 2186; baseline -0.006 -26"><span class='ocrx_word' id='word_1_394' title='bbox 2831 2123 2862 2160; x_wconf 74' lang='grc' dir='ltr'><strong>α</strong></span> <span class='ocrx_word' id='word_1_395' title='bbox 2894 2098 3083 2164; x_wconf 87' lang='lat' dir='ltr'><strong>casti.</strong></span> <span class='ocrx_word' id='word_1_396' title='bbox 3123 2121 3154 2160; x_wconf 80' lang='grc' dir='ltr'><strong>ιι</strong></span> <span class='ocrx_word' id='word_1_397' title='bbox 3199 2095 3282 2163; x_wconf 86' lang='lat' dir='ltr'><strong>Et</strong></span> <span class='ocrx_word' id='word_1_398' title='bbox 3319 2094 3769 2186; x_wconf 84' lang='lat' dir='ltr'><strong>poenitentiae,</strong></span> <span class='ocrx_word' id='word_1_399' title='bbox 3801 2112 4008 2182; x_wconf 88' lang='lat' dir='ltr'><strong>quem</strong></span> <span class='ocrx_word' id='word_1_400' title='bbox 4038 2089 4173 2157; x_wconf 90' lang='lat' dir='ltr'><strong>cito</strong></span> <span class='ocrx_word' id='word_1_401' title='bbox 4205 2084 4386 2153; x_wconf 86' lang='lat' dir='ltr'><strong>obli-</strong></span> 
     </span>
     <span class='ocr_line' id='line_1_66' title="bbox 2823 2196 4375 2295; baseline -0.008 -22"><span class='ocrx_word' id='word_1_402' title='bbox 2823 2206 3009 2273; x_wconf 77' lang='lat' dir='ltr'><strong>vioui</strong></span> <span class='ocrx_word' id='word_1_403' title='bbox 3042 2205 3398 2280; x_wconf 79' lang='lat' dir='ltr'><strong>tradimus..</strong></span> <span class='ocrx_word' id='word_1_404' title='bbox 3436 2204 3518 2272; x_wconf 89' lang='lat' dir='ltr'><strong>de</strong></span> <span class='ocrx_word' id='word_1_405' title='bbox 3547 2226 3685 2295; x_wconf 91' lang='lat' dir='ltr'><strong>quo</strong></span> <span class='ocrx_word' id='word_1_406' title='bbox 3714 2204 3782 2269; x_wconf 90' lang='lat' dir='ltr'><strong>in</strong></span> <span class='ocrx_word' id='word_1_407' title='bbox 3818 2198 3999 2271; x_wconf 84' lang='lat' dir='ltr'><strong>Psal.</strong></span> <span class='ocrx_word' id='word_1_408' title='bbox 4025 2218 4258 2276; x_wconf 60' lang='lat' dir='ltr'><strong>mxxix,</strong></span> <span class='ocrx_word' id='word_1_409' title='bbox 4292 2196 4332 2262; x_wconf 82' lang='lat'><strong>6</strong></span> <span class='ocrx_word' id='word_1_410' title='bbox 4360 2217 4375 2261; x_wconf 75' lang='grc' dir='ltr'>ε</span> 
     </span>
     <span class='ocr_line' id='line_1_67' title="bbox 2827 2313 4374 2402; baseline -0.009 -19"><span class='ocrx_word' id='word_1_411' title='bbox 2827 2313 3109 2383; x_wconf 76' lang='lat' dir='ltr'><strong>cibabis</strong></span> <span class='ocrx_word' id='word_1_412' title='bbox 3137 2338 3258 2381; x_wconf 82' lang='lat' dir='ltr'><strong>nos</strong></span> <span class='ocrx_word' id='word_1_413' title='bbox 3279 2335 3467 2402; x_wconf 82' lang='lat' dir='ltr'><strong>pane</strong></span> <span class='ocrx_word' id='word_1_414' title='bbox 3496 2313 4000 2400; x_wconf 77' lang='lat' dir='ltr'><strong>lacrymarum,</strong></span> <span class='ocrx_word' id='word_1_415' title='bbox 4043 2318 4108 2375; x_wconf 88' lang='lat' dir='ltr'><strong>et</strong></span> <span class='ocrx_word' id='word_1_416' title='bbox 4126 2315 4374 2398; x_wconf 83' lang='lat' dir='ltr'><strong>potum</strong></span> 
     </span>
     <span class='ocr_line' id='line_1_68' title="bbox 2822 2417 4376 2507; baseline -0.007 -18"><span class='ocrx_word' id='word_1_417' title='bbox 2822 2422 3021 2490; x_wconf 78' lang='lat' dir='ltr'><strong>dabis</strong></span> <span class='ocrx_word' id='word_1_418' title='bbox 3086 2420 3280 2488; x_wconf 82' lang='lat' dir='ltr'><strong>nobis</strong></span> <span class='ocrx_word' id='word_1_419' title='bbox 3340 2422 3410 2487; x_wconf 80' lang='lat' dir='ltr'><strong>in</strong></span> <span class='ocrx_word' id='word_1_420' title='bbox 3473 2418 3805 2507; x_wconf 77' lang='lat' dir='ltr'><strong>lacrymis</strong></span> <span class='ocrx_word' id='word_1_421' title='bbox 3881 2417 3953 2484; x_wconf 81' lang='lat' dir='ltr'><strong>in</strong></span> <span class='ocrx_word' id='word_1_422' title='bbox 4029 2435 4376 2481; x_wconf 78' lang='lat' dir='ltr'><strong>mensura.</strong></span> 
     </span>
     <span class='ocr_line' id='line_1_69' title="bbox 2824 2522 4383 2617; baseline -0.007 -19"><span class='ocrx_word' id='word_1_423' title='bbox 2824 2531 3021 2598; x_wconf 85' lang='lat' dir='ltr'><strong>Hunc</strong></span> <span class='ocrx_word' id='word_1_424' title='bbox 3061 2530 3513 2608; x_wconf 87' lang='lat' dir='ltr'><strong>comedimus,</strong></span> <span class='ocrx_word' id='word_1_425' title='bbox 3558 2524 3837 2617; x_wconf 88' lang='lat' dir='ltr'><strong>quando</strong></span> <span class='ocrx_word' id='word_1_426' title='bbox 3895 2544 4104 2615; x_wconf 89' lang='lat' dir='ltr'><strong>opera</strong></span> <span class='ocrx_word' id='word_1_427' title='bbox 4168 2522 4383 2589; x_wconf 90' lang='lat' dir='ltr'><strong>mise-</strong></span> 
     </span>
     <span class='ocr_line' id='line_1_70' title="bbox 2822 2631 4379 2732; baseline -0.009 -20"><span class='ocrx_word' id='word_1_428' title='bbox 2822 2645 3129 2712; x_wconf 79' lang='lat' dir='ltr'><strong>ricordioe</strong></span> <span class='ocrx_word' id='word_1_429' title='bbox 3162 2641 3665 2732; x_wconf 89' lang='lat' dir='ltr'><strong>amplectimur.</strong></span> <span class='ocrx_word' id='word_1_430' title='bbox 3704 2637 3903 2713; x_wconf 88' lang='lat' dir='ltr'><strong>Item,</strong></span> <span class='ocrx_word' id='word_1_431' title='bbox 3937 2631 4379 2703; x_wconf 84' lang='lat' dir='ltr'><strong>beatitudinis</strong></span> 
     </span>
     <span class='ocr_line' id='line_1_71' title="bbox 2821 2738 4376 2840; baseline -0.01 -20"><span class='ocrx_word' id='word_1_432' title='bbox 2821 2762 3122 2833; x_wconf 64' lang='lat' dir='ltr'><strong>aeternae,</strong></span> <span class='ocrx_word' id='word_1_433' title='bbox 3193 2750 3308 2840; x_wconf 91' lang='lat' dir='ltr'><strong>qui</strong></span> <span class='ocrx_word' id='word_1_434' title='bbox 3368 2748 3568 2815; x_wconf 77' lang='lat' dir='ltr'><strong>valde</strong></span> <span class='ocrx_word' id='word_1_435' title='bbox 3626 2754 3728 2814; x_wconf 86' lang='lat' dir='ltr'><strong>est</strong></span> <span class='ocrx_word' id='word_1_436' title='bbox 3783 2739 4233 2834; x_wconf 77' lang='lat' dir='ltr'><strong>appetenduS,</strong></span> <span class='ocrx_word' id='word_1_437' title='bbox 4293 2738 4376 2806; x_wconf 88' lang='lat' dir='ltr'><strong>de</strong></span> 
     </span>
     <span class='ocr_line' id='line_1_72' title="bbox 2818 2847 4379 2951; baseline -0.01 -23"><span class='ocrx_word' id='word_1_438' title='bbox 2818 2884 2956 2951; x_wconf 84' lang='lat' dir='ltr'><strong>quo</strong></span> <span class='ocrx_word' id='word_1_439' title='bbox 2992 2857 3194 2927; x_wconf 80' lang='lat' dir='ltr'><strong>Eccli.</strong></span> <span class='ocrx_word' id='word_1_440' title='bbox 3238 2881 3354 2934; x_wconf 80' lang='lat' dir='ltr'><strong>xv,</strong></span> <span class='ocrx_word' id='word_1_441' title='bbox 3400 2857 3485 2924; x_wconf 86' lang='lat'><strong>3:</strong></span> <span class='ocrx_word' id='word_1_442' title='bbox 3524 2852 3806 2924; x_wconf 73' lang='lat' dir='ltr'><strong>cibabit</strong></span> <span class='ocrx_word' id='word_1_443' title='bbox 3835 2851 4046 2920; x_wconf 81' lang='lat' dir='ltr'><strong>illum</strong></span> <span class='ocrx_word' id='word_1_444' title='bbox 4071 2872 4254 2941; x_wconf 82' lang='lat' dir='ltr'><strong>pane</strong></span> <span class='ocrx_word' id='word_1_445' title='bbox 4283 2847 4379 2914; x_wconf 76' lang='lat' dir='ltr'><strong>ei-</strong></span> 
     </span>
     <span class='ocr_line' id='line_1_73' title="bbox 2816 2957 4378 3044; baseline -0.008 -8"><span class='ocrx_word' id='word_1_446' title='bbox 2816 2982 2903 3036; x_wconf 77' lang='lat' dir='ltr'><strong>1ae</strong></span> <span class='ocrx_word' id='word_1_447' title='bbox 2938 2977 3005 3035; x_wconf 86' lang='lat' dir='ltr'><strong>et</strong></span> <span class='ocrx_word' id='word_1_448' title='bbox 3034 2965 3443 3034; x_wconf 78' lang='lat' dir='ltr'><strong>intellectus.</strong></span> <span class='ocrx_word' id='word_1_449' title='bbox 3489 2962 3600 3042; x_wconf 86' lang='lat' dir='ltr'><strong>Et,</strong></span> <span class='ocrx_word' id='word_1_450' title='bbox 3634 2961 3800 3032; x_wconf 85' lang='lat' dir='ltr'><strong>Luc.</strong></span> <span class='ocrx_word' id='word_1_451' title='bbox 3831 2983 3974 3044; x_wconf 76' lang='lat' dir='ltr'><strong>xw,</strong></span> <span class='ocrx_word' id='word_1_452' title='bbox 4014 2959 4095 3026; x_wconf 80' lang='lat'><strong>15</strong></span> <span class='ocrx_word' id='word_1_453' title='bbox 4132 2979 4148 3025; x_wconf 91' lang='lat'><strong>:</strong></span> <span class='ocrx_word' id='word_1_454' title='bbox 4192 2957 4378 3025; x_wconf 84' lang='lat' dir='ltr'><strong>Bea-</strong></span> 
     </span>
     <span class='ocr_line' id='line_1_74' title="bbox 2816 3065 4371 3170; baseline -0.01 -23"><span class='ocrx_word' id='word_1_455' title='bbox 2816 3090 2929 3147; x_wconf 78' lang='lat' dir='ltr'><strong>tus</strong></span> <span class='ocrx_word' id='word_1_456' title='bbox 2956 3079 3081 3170; x_wconf 75' lang='lat' dir='ltr'><strong>qui</strong></span> <span class='ocrx_word' id='word_1_457' title='bbox 3119 3072 3569 3144; x_wconf 80' lang='lat' dir='ltr'><strong>manducabit</strong></span> <span class='ocrx_word' id='word_1_458' title='bbox 3581 3092 3838 3164; x_wconf 66' lang='lat' dir='ltr'><strong>partem</strong></span> <span class='ocrx_word' id='word_1_459' title='bbox 3870 3071 3941 3137; x_wconf 75' lang='lat' dir='ltr'><strong>in</strong></span> <span class='ocrx_word' id='word_1_460' title='bbox 3983 3088 4190 3158; x_wconf 77' lang='lat' dir='ltr'><strong>reqno</strong></span> <span class='ocrx_word' id='word_1_461' title='bbox 4214 3065 4371 3133; x_wconf 78' lang='lat' dir='ltr'><strong>Dei.</strong></span> 
     </span>
     <span class='ocr_line' id='line_1_75' title="bbox 2817 3173 4373 3277; baseline -0.012 -20"><span class='ocrx_word' id='word_1_462' title='bbox 2817 3189 3017 3257; x_wconf 87' lang='lat' dir='ltr'><strong>llunc</strong></span> <span class='ocrx_word' id='word_1_463' title='bbox 3063 3186 3294 3277; x_wconf 87' lang='lat' dir='ltr'><strong>aliquo</strong></span> <span class='ocrx_word' id='word_1_464' title='bbox 3330 3181 3537 3251; x_wconf 89' lang='lat' dir='ltr'><strong>modo</strong></span> <span class='ocrx_word' id='word_1_465' title='bbox 3595 3179 4052 3260; x_wconf 75' lang='lat' dir='ltr'><strong>comedimuS,</strong></span> <span class='ocrx_word' id='word_1_466' title='bbox 4097 3173 4373 3265; x_wconf 86' lang='lat' dir='ltr'><strong>quando</strong></span> 
     </span>
    </p>
   </div>
   <div class='ocr_carea' id='block_1_8' title="bbox 2816 3298 3481 3367">
    <p class='ocr_par' dir='ltr' id='par_1_10' title="bbox 2816 3298 3481 3367">
     <span class='ocr_line' id='line_1_76' title="bbox 2816 3298 3481 3367; baseline -0.009 -1"><span class='ocrx_word' id='word_1_467' title='bbox 2816 3298 3108 3367; x_wconf 85' lang='lat' dir='ltr'><strong>orationi</strong></span> <span class='ocrx_word' id='word_1_468' title='bbox 3133 3316 3481 3363; x_wconf 84' lang='lat' dir='ltr'><strong>vacamus.</strong></span> 
     </span>
    </p>
   </div>
   <div class='ocr_carea' id='block_1_9' title="bbox 2800 3613 4378 5762">
    <p class='ocr_par' dir='ltr' id='par_1_11' title="bbox 2810 3613 4371 3932">
     <span class='ocr_line' id='line_1_77' title="bbox 2907 3613 4371 3710; baseline -0.007 -22"><span class='ocrx_word' id='word_1_469' title='bbox 2907 3650 2940 3688; x_wconf 74' lang='grc' dir='ltr'><strong>ιι</strong></span> <span class='ocrx_word' id='word_1_470' title='bbox 2984 3626 3035 3692; x_wconf 74' lang='grc' dir='ltr'><em>Α</em></span> <span class='ocrx_word' id='word_1_471' title='bbox 3082 3645 3236 3689; x_wconf 79' lang='lat' dir='ltr'><strong>voce</strong></span> <span class='ocrx_word' id='word_1_472' title='bbox 3269 3620 3596 3710; x_wconf 74' lang='lat' dir='ltr'><strong>yemitus.</strong></span> <span class='ocrx_word' id='word_1_473' title='bbox 3631 3646 3665 3679; x_wconf 79' lang='grc' dir='ltr'><strong>ιι</strong></span> <span class='ocrx_word' id='word_1_474' title='bbox 3731 3613 3861 3685; x_wconf 82' lang='lat' dir='ltr'><strong>Hic</strong></span> <span class='ocrx_word' id='word_1_475' title='bbox 3900 3613 4179 3684; x_wconf 86' lang='lat' dir='ltr'><strong>tertium</strong></span> <span class='ocrx_word' id='word_1_476' title='bbox 4217 3633 4371 3679; x_wconf 89' lang='lat' dir='ltr'><strong>ma-</strong></span> 
     </span>
     <span class='ocr_line' id='line_1_78' title="bbox 2810 3719 4371 3822; baseline -0.01 -22"><span class='ocrx_word' id='word_1_477' title='bbox 2810 3731 2981 3809; x_wconf 87' lang='lat' dir='ltr'><strong>lum,</strong></span> <span class='ocrx_word' id='word_1_478' title='bbox 3024 3728 3205 3822; x_wconf 86' lang='lat' dir='ltr'><strong>quod</strong></span> <span class='ocrx_word' id='word_1_479' title='bbox 3243 3725 3580 3819; x_wconf 83' lang='lat' dir='ltr'><strong>deplorat,</strong></span> <span class='ocrx_word' id='word_1_480' title='bbox 3637 3722 3895 3793; x_wconf 83' lang='lat' dir='ltr'><strong>scilicet</strong></span> <span class='ocrx_word' id='word_1_481' title='bbox 3939 3719 4264 3791; x_wconf 67' lang='lat' dir='ltr'><strong>cecitatis</strong></span> <span class='ocrx_word' id='word_1_482' title='bbox 4304 3728 4371 3787; x_wconf 79' lang='lat' dir='ltr'><strong>et</strong></span> 
     </span>
     <span class='ocr_line' id='line_1_79' title="bbox 2813 3839 3239 3932; baseline -0.007 -23"><span class='ocrx_word' id='word_1_483' title='bbox 2813 3839 3239 3932; x_wconf 79' lang='lat' dir='ltr'><strong>ignorantiae.</strong></span> 
     </span>
    </p>

    <p class='ocr_par' dir='ltr' id='par_1_12' title="bbox 2800 3937 4378 5762">
     <span class='ocr_line' id='line_1_80' title="bbox 2899 3937 4370 4015; baseline -0.008 -1"><span class='ocrx_word' id='word_1_484' title='bbox 2899 3948 3017 4014; x_wconf 80' lang='lat' dir='ltr'><strong>Ait</strong></span> <span class='ocrx_word' id='word_1_485' title='bbox 3062 3946 3300 4014; x_wconf 86' lang='lat' dir='ltr'><strong>enim:</strong></span> <span class='ocrx_word' id='word_1_486' title='bbox 3372 3941 3490 4010; x_wconf 89' lang='lat' dir='ltr'><strong>Sic</strong></span> <span class='ocrx_word' id='word_1_487' title='bbox 3549 3937 3864 4009; x_wconf 82' lang='lat' dir='ltr'><strong>mortalis</strong></span> <span class='ocrx_word' id='word_1_488' title='bbox 3911 3937 4131 4006; x_wconf 74' lang='lat' dir='ltr'><strong>sactus</strong></span> <span class='ocrx_word' id='word_1_489' title='bbox 4185 3956 4370 4015; x_wconf 77' lang='lat' dir='ltr'><strong>sum,</strong></span> 
     </span>
     <span class='ocr_line' id='line_1_81' title="bbox 2809 4048 4373 4136; baseline -0.01 -10"><span class='ocrx_word' id='word_1_490' title='bbox 2809 4065 2878 4126; x_wconf 89' lang='lat' dir='ltr'><strong>et</strong></span> <span class='ocrx_word' id='word_1_491' title='bbox 2915 4058 3121 4125; x_wconf 87' lang='lat' dir='ltr'><strong>etiam</strong></span> <span class='ocrx_word' id='word_1_492' title='bbox 3172 4078 3207 4120; x_wconf 75' lang='grc' dir='ltr'><strong><em>ι</em></strong></span> <span class='ocrx_word' id='word_1_493' title='bbox 3248 4077 3324 4120; x_wconf 83' lang='lat' dir='ltr'><strong>os</strong></span> <span class='ocrx_word' id='word_1_494' title='bbox 3370 4073 3630 4130; x_wconf 80' lang='lat' dir='ltr'><strong>meum,</strong></span> <span class='ocrx_word' id='word_1_495' title='bbox 3683 4074 3719 4115; x_wconf 70' lang='grc' dir='ltr'><strong><em>ι</em></strong></span> <span class='ocrx_word' id='word_1_496' title='bbox 3773 4048 3948 4116; x_wconf 88' lang='lat' dir='ltr'><strong>ratio</strong></span> <span class='ocrx_word' id='word_1_497' title='bbox 3994 4068 4176 4125; x_wconf 86' lang='lat' dir='ltr'><strong>mea,</strong></span> <span class='ocrx_word' id='word_1_498' title='bbox 4218 4064 4373 4136; x_wconf 68' lang='lat' dir='ltr'><strong>qum</strong></span> 
     </span>
     <span class='ocr_line' id='line_1_82' title="bbox 2807 4152 4367 4235; baseline -0.01 -2"><span class='ocrx_word' id='word_1_499' title='bbox 2807 4174 3030 4233; x_wconf 89' lang='lat' dir='ltr'><strong>totum</strong></span> <span class='ocrx_word' id='word_1_500' title='bbox 3090 4161 3367 4229; x_wconf 84' lang='lat' dir='ltr'><strong>deberet</strong></span> <span class='ocrx_word' id='word_1_501' title='bbox 3431 4164 3843 4235; x_wconf 83' lang='lat' dir='ltr'><strong>sustentare,</strong></span> <span class='ocrx_word' id='word_1_502' title='bbox 3908 4184 3944 4219; x_wconf 69' lang='lat' dir='ltr'><strong>a</strong></span> <span class='ocrx_word' id='word_1_503' title='bbox 3977 4152 4294 4228; x_wconf 56' lang='lat' dir='ltr'><strong>adhaesit,</strong></span> <span class='ocrx_word' id='word_1_504' title='bbox 4334 4174 4367 4217; x_wconf 70' lang='lat' dir='ltr'><strong>s</strong></span> 
     </span>
     <span class='ocr_line' id='line_1_83' title="bbox 2808 4269 4378 4358; baseline -0.01 -17"><span class='ocrx_word' id='word_1_505' title='bbox 2808 4277 3163 4347; x_wconf 63' lang='lat' dir='ltr'><strong>excaecata.</strong></span> <span class='ocrx_word' id='word_1_506' title='bbox 3187 4277 3254 4337; x_wconf 90' lang='lat' dir='ltr'><strong>et</strong></span> <span class='ocrx_word' id='word_1_507' title='bbox 3274 4269 3523 4336; x_wconf 84' lang='lat' dir='ltr'><strong>misera</strong></span> <span class='ocrx_word' id='word_1_508' title='bbox 3552 4288 3677 4358; x_wconf 82' lang='lat' dir='ltr'><strong>per</strong></span> <span class='ocrx_word' id='word_1_509' title='bbox 3702 4283 4142 4337; x_wconf 82' lang='lat' dir='ltr'><strong>consensum,</strong></span> <span class='ocrx_word' id='word_1_510' title='bbox 4172 4290 4205 4324; x_wconf 71' lang='grc' dir='ltr'><strong>ιι</strong></span> <span class='ocrx_word' id='word_1_511' title='bbox 4228 4280 4378 4328; x_wconf 83' lang='lat' dir='ltr'><strong>car-</strong></span> 
     </span>
     <span class='ocr_line' id='line_1_84' title="bbox 2807 4368 4374 4459; baseline -0.008 -12"><span class='ocrx_word' id='word_1_512' title='bbox 2807 4381 2883 4447; x_wconf 79' lang='lat' dir='ltr'><strong>ni</strong></span> <span class='ocrx_word' id='word_1_513' title='bbox 2920 4401 3106 4447; x_wconf 72' lang='lat' dir='ltr'><strong>meae.</strong></span> <span class='ocrx_word' id='word_1_514' title='bbox 3142 4403 3178 4441; x_wconf 88' lang='grc' dir='ltr'><strong>ιι</strong></span> <span class='ocrx_word' id='word_1_515' title='bbox 3228 4373 3412 4445; x_wconf 86' lang='lat' dir='ltr'><strong>Psal.</strong></span> <span class='ocrx_word' id='word_1_516' title='bbox 3444 4393 3680 4452; x_wconf 81' lang='lat' dir='ltr'><strong>cxvm,</strong></span> <span class='ocrx_word' id='word_1_517' title='bbox 3724 4372 3811 4441; x_wconf 71' lang='lat'><strong>25</strong></span> <span class='ocrx_word' id='word_1_518' title='bbox 3844 4391 3863 4441; x_wconf 73' lang='grc' dir='ltr'><strong><em>ε</em></strong></span> <span class='ocrx_word' id='word_1_519' title='bbox 3904 4368 4214 4441; x_wconf 69' lang='lat' dir='ltr'><strong>Adhaesit</strong></span> <span class='ocrx_word' id='word_1_520' title='bbox 4233 4390 4374 4459; x_wconf 85' lang='lat' dir='ltr'><strong>pa-</strong></span> 
     </span>
     <span class='ocr_line' id='line_1_85' title="bbox 2810 4479 4367 4556; baseline -0.008 0"><span class='ocrx_word' id='word_1_521' title='bbox 2810 4488 3103 4556; x_wconf 74' lang='lat' dir='ltr'><strong>vimento</strong></span> <span class='ocrx_word' id='word_1_522' title='bbox 3132 4486 3372 4554; x_wconf 77' lang='lat' dir='ltr'><strong>anima</strong></span> <span class='ocrx_word' id='word_1_523' title='bbox 3421 4506 3599 4551; x_wconf 82' lang='lat' dir='ltr'><strong>mea.</strong></span> <span class='ocrx_word' id='word_1_524' title='bbox 3652 4479 4170 4555; x_wconf 72' lang='lat' dir='ltr'><strong>pavimentum,</strong></span> <span class='ocrx_word' id='word_1_525' title='bbox 4209 4496 4367 4544; x_wconf 81' lang='lat' dir='ltr'><strong>caro</strong></span> 
     </span>
     <span class='ocr_line' id='line_1_86' title="bbox 2807 4586 4365 4684; baseline -0.008 -19"><span class='ocrx_word' id='word_1_526' title='bbox 2807 4605 2907 4665; x_wconf 80' lang='lat' dir='ltr'><strong>est</strong></span> <span class='ocrx_word' id='word_1_527' title='bbox 2947 4604 3216 4664; x_wconf 87' lang='lat' dir='ltr'><strong>terrena</strong></span> <span class='ocrx_word' id='word_1_528' title='bbox 3254 4593 3575 4684; x_wconf 79' lang='lat' dir='ltr'><strong>diligens,</strong></span> <span class='ocrx_word' id='word_1_529' title='bbox 3610 4598 3677 4659; x_wconf 90' lang='lat' dir='ltr'><strong>et</strong></span> <span class='ocrx_word' id='word_1_530' title='bbox 3718 4589 3788 4658; x_wconf 88' lang='lat' dir='ltr'><strong>in</strong></span> <span class='ocrx_word' id='word_1_531' title='bbox 3821 4586 3958 4656; x_wconf 88' lang='lat' dir='ltr'><strong>illis</strong></span> <span class='ocrx_word' id='word_1_532' title='bbox 3995 4591 4365 4680; x_wconf 79' lang='lat' dir='ltr'><strong>prostrata.</strong></span> 
     </span>
     <span class='ocr_line' id='line_1_87' title="bbox 2809 4697 4366 4786; baseline -0.008 -16"><span class='ocrx_word' id='word_1_533' title='bbox 2809 4701 2895 4771; x_wconf 81' lang='lat' dir='ltr'><strong>Et</strong></span> <span class='ocrx_word' id='word_1_534' title='bbox 2941 4701 3075 4771; x_wconf 86' lang='lat' dir='ltr'><strong>hoc</strong></span> <span class='ocrx_word' id='word_1_535' title='bbox 3104 4726 3138 4767; x_wconf 71' lang='grc' dir='ltr'><strong><em>ι</em></strong></span> <span class='ocrx_word' id='word_1_536' title='bbox 3172 4724 3216 4769; x_wconf 84' lang='grc' dir='ltr'><em>α</em></span> <span class='ocrx_word' id='word_1_537' title='bbox 3237 4722 3418 4780; x_wconf 76' lang='lat' dir='ltr'><strong>voce,</strong></span> <span class='ocrx_word' id='word_1_538' title='bbox 3457 4697 3587 4767; x_wconf 83' lang='lat' dir='ltr'><strong>»id</strong></span> <span class='ocrx_word' id='word_1_539' title='bbox 3619 4705 3748 4777; x_wconf 79' lang='lat' dir='ltr'><strong>est,</strong></span> <span class='ocrx_word' id='word_1_540' title='bbox 3790 4700 4072 4786; x_wconf 84' lang='lat' dir='ltr'><strong>propter</strong></span> <span class='ocrx_word' id='word_1_541' title='bbox 4098 4713 4366 4776; x_wconf 81' lang='lat' dir='ltr'><strong>vocem,</strong></span> 
     </span>
     <span class='ocr_line' id='line_1_88' title="bbox 2812 4796 4365 4900; baseline -0.006 -26"><span class='ocrx_word' id='word_1_542' title='bbox 2812 4835 2845 4874; x_wconf 71' lang='grc' dir='ltr'><strong><em>ι</em></strong></span> <span class='ocrx_word' id='word_1_543' title='bbox 2885 4810 3186 4900; x_wconf 74' lang='lat' dir='ltr'><strong>qemitus</strong></span> <span class='ocrx_word' id='word_1_544' title='bbox 3215 4806 3373 4885; x_wconf 76' lang='lat' dir='ltr'><strong>mei,</strong></span> <span class='ocrx_word' id='word_1_545' title='bbox 3409 4831 3445 4869; x_wconf 88' lang='grc' dir='ltr'><strong>ιι</strong></span> <span class='ocrx_word' id='word_1_546' title='bbox 3495 4802 3564 4873; x_wconf 87' lang='lat' dir='ltr'><strong>id</strong></span> <span class='ocrx_word' id='word_1_547' title='bbox 3607 4809 3737 4882; x_wconf 85' lang='lat' dir='ltr'><strong>est,</strong></span> <span class='ocrx_word' id='word_1_548' title='bbox 3775 4822 3930 4893; x_wconf 80' lang='lat' dir='ltr'><strong>quae</strong></span> <span class='ocrx_word' id='word_1_549' title='bbox 3971 4806 4256 4892; x_wconf 80' lang='lat' dir='ltr'><strong>generat</strong></span> <span class='ocrx_word' id='word_1_550' title='bbox 4293 4796 4365 4865; x_wconf 87' lang='lat' dir='ltr'><strong>ia</strong></span> 
     </span>
     <span class='ocr_line' id='line_1_89' title="bbox 2809 4905 4366 5007; baseline -0.009 -23"><span class='ocrx_word' id='word_1_551' title='bbox 2809 4938 2920 4985; x_wconf 86' lang='lat' dir='ltr'><strong>me</strong></span> <span class='ocrx_word' id='word_1_552' title='bbox 2973 4916 3337 5007; x_wconf 82' lang='lat' dir='ltr'><strong>gemitum,</strong></span> <span class='ocrx_word' id='word_1_553' title='bbox 3405 4920 3474 4982; x_wconf 87' lang='lat' dir='ltr'><strong>et</strong></span> <span class='ocrx_word' id='word_1_554' title='bbox 3530 4908 3873 4988; x_wconf 84' lang='lat' dir='ltr'><strong>dolorem,</strong></span> <span class='ocrx_word' id='word_1_555' title='bbox 3952 4905 4087 4976; x_wconf 80' lang='lat' dir='ltr'><strong>hoc</strong></span> <span class='ocrx_word' id='word_1_556' title='bbox 4144 4912 4273 4984; x_wconf 84' lang='lat' dir='ltr'><strong>est,</strong></span> <span class='ocrx_word' id='word_1_557' title='bbox 4323 4926 4366 4971; x_wconf 87' lang='lat' dir='ltr'><strong>a</strong></span> 
     </span>
     <span class='ocr_line' id='line_1_90' title="bbox 2806 5010 4361 5112; baseline -0.008 -19"><span class='ocrx_word' id='word_1_558' title='bbox 2806 5046 2999 5099; x_wconf 78' lang='lat' dir='ltr'><strong>voce,</strong></span> <span class='ocrx_word' id='word_1_559' title='bbox 3046 5020 3110 5090; x_wconf 89' lang='lat' dir='ltr'><strong>id</strong></span> <span class='ocrx_word' id='word_1_560' title='bbox 3149 5029 3275 5097; x_wconf 86' lang='lat' dir='ltr'><strong>est,</strong></span> <span class='ocrx_word' id='word_1_561' title='bbox 3308 5018 3755 5112; x_wconf 79' lang='lat' dir='ltr'><strong>suggestione</strong></span> <span class='ocrx_word' id='word_1_562' title='bbox 3783 5013 4069 5085; x_wconf 87' lang='lat' dir='ltr'><strong>diaboli.</strong></span> <span class='ocrx_word' id='word_1_563' title='bbox 4107 5010 4361 5082; x_wconf 72' lang='lat' dir='ltr'><strong>Thi-eu.</strong></span> 
     </span>
     <span class='ocr_line' id='line_1_91' title="bbox 2806 5124 4363 5223; baseline -0.007 -21"><span class='ocrx_word' id='word_1_564' title='bbox 2806 5158 2855 5216; x_wconf 84' lang='lat'><strong>1,</strong></span> <span class='ocrx_word' id='word_1_565' title='bbox 2898 5134 2984 5201; x_wconf 85' lang='lat'><strong>22</strong></span> <span class='ocrx_word' id='word_1_566' title='bbox 3013 5154 3029 5202; x_wconf 73' lang='grc' dir='ltr'><strong><em>ε</em></strong></span> <span class='ocrx_word' id='word_1_567' title='bbox 3063 5132 3280 5202; x_wconf 66' lang='lat' dir='ltr'><strong>Multa·</strong></span> <span class='ocrx_word' id='word_1_568' title='bbox 3302 5130 3607 5223; x_wconf 71' lang='lat' dir='ltr'><strong>qemt‘tus</strong></span> <span class='ocrx_word' id='word_1_569' title='bbox 3635 5128 3795 5197; x_wconf 80' lang='lat' dir='ltr'><strong>mei.</strong></span> <span class='ocrx_word' id='word_1_570' title='bbox 3829 5125 3916 5195; x_wconf 84' lang='lat' dir='ltr'><strong>Et</strong></span> <span class='ocrx_word' id='word_1_571' title='bbox 3944 5124 4078 5194; x_wconf 85' lang='lat' dir='ltr'><strong>hoc</strong></span> <span class='ocrx_word' id='word_1_572' title='bbox 4124 5145 4164 5192; x_wconf 80' lang='lat' dir='ltr'><strong>a</strong></span> <span class='ocrx_word' id='word_1_573' title='bbox 4193 5145 4363 5192; x_wconf 77' lang='lat' dir='ltr'><strong>voce</strong></span> 
     </span>
     <span class='ocr_line' id='line_1_92' title="bbox 2806 5233 4361 5331; baseline -0.004 -22"><span class='ocrx_word' id='word_1_574' title='bbox 2806 5238 3087 5319; x_wconf 87' lang='lat' dir='ltr'><strong>diaboli,</strong></span> <span class='ocrx_word' id='word_1_575' title='bbox 3120 5262 3273 5331; x_wconf 82' lang='lat' dir='ltr'><strong>quoe</strong></span> <span class='ocrx_word' id='word_1_576' title='bbox 3303 5236 3692 5307; x_wconf 79' lang='lat' dir='ltr'><strong>inflammat</strong></span> <span class='ocrx_word' id='word_1_577' title='bbox 3723 5259 3833 5303; x_wconf 89' lang='lat' dir='ltr'><strong>me</strong></span> <span class='ocrx_word' id='word_1_578' title='bbox 3863 5233 3948 5302; x_wconf 90' lang='lat' dir='ltr'><strong>ad</strong></span> <span class='ocrx_word' id='word_1_579' title='bbox 3980 5239 4361 5325; x_wconf 84' lang='lat' dir='ltr'><strong>peccatum.</strong></span> 
     </span>
     <span class='ocr_line' id='line_1_93' title="bbox 2801 5341 4369 5434; baseline -0.004 -19"><span class='ocrx_word' id='word_1_580' title='bbox 2801 5349 3056 5419; x_wconf 82' lang='lat' dir='ltr'><strong>Jerem.</strong></span> <span class='ocrx_word' id='word_1_581' title='bbox 3089 5372 3186 5428; x_wconf 74' lang='lat' dir='ltr'><strong>xi,</strong></span> <span class='ocrx_word' id='word_1_582' title='bbox 3227 5349 3345 5415; x_wconf 71' lang='lat' dir='ltr'><strong>tn:</strong></span> <span class='ocrx_word' id='word_1_583' title='bbox 3382 5345 3497 5416; x_wconf 75' lang='lat' dir='ltr'><strong>Ad</strong></span> <span class='ocrx_word' id='word_1_584' title='bbox 3532 5366 3756 5413; x_wconf 74' lang='lat' dir='ltr'><strong>rocem</strong></span> <span class='ocrx_word' id='word_1_585' title='bbox 3800 5341 4119 5434; x_wconf 66' lang='lat' dir='ltr'><strong>loquelae,</strong></span> <span class='ocrx_word' id='word_1_586' title='bbox 4156 5362 4369 5430; x_wconf 72' lang='lat' dir='ltr'><strong>yron-</strong></span> 
     </span>
     <span class='ocr_line' id='line_1_94' title="bbox 2804 5449 4365 5548; baseline -0.005 -22"><span class='ocrx_word' id='word_1_587' title='bbox 2804 5459 2914 5528; x_wconf 78' lang='lat' dir='ltr'><strong>dis</strong></span> <span class='ocrx_word' id='word_1_588' title='bbox 2931 5459 3190 5527; x_wconf 73' lang='lat' dir='ltr'><strong>esar-sit</strong></span> <span class='ocrx_word' id='word_1_589' title='bbox 3227 5457 3411 5548; x_wconf 75' lang='lat' dir='ltr'><strong>iym‘s</strong></span> <span class='ocrx_word' id='word_1_590' title='bbox 3441 5456 3512 5524; x_wconf 80' lang='grc' dir='ltr'><strong>ιἰι</strong></span> <span class='ocrx_word' id='word_1_591' title='bbox 3539 5478 3649 5534; x_wconf 88' lang='lat' dir='ltr'><strong>ea,</strong></span> <span class='ocrx_word' id='word_1_592' title='bbox 3680 5462 3747 5522; x_wconf 93' lang='lat' dir='ltr'><strong>et</strong></span> <span class='ocrx_word' id='word_1_593' title='bbox 3782 5449 4140 5520; x_wconf 82' lang='lat' dir='ltr'><strong>combusta</strong></span> <span class='ocrx_word' id='word_1_594' title='bbox 4201 5459 4365 5519; x_wconf 78' lang='lat' dir='ltr'><strong>stmt</strong></span> 
     </span>
     <span class='ocr_line' id='line_1_95' title="bbox 2800 5557 4360 5659; baseline -0.007 -23"><span class='ocrx_word' id='word_1_595' title='bbox 2800 5570 3066 5659; x_wconf 80' lang='lat' dir='ltr'><strong>fruteta</strong></span> <span class='ocrx_word' id='word_1_596' title='bbox 3130 5564 3311 5655; x_wconf 75' lang='lat' dir='ltr'><strong>ejus.</strong></span> <span class='ocrx_word' id='word_1_597' title='bbox 3359 5566 3454 5633; x_wconf 82' lang='lat' dir='ltr'><strong>Os</strong></span> <span class='ocrx_word' id='word_1_598' title='bbox 3518 5563 3728 5633; x_wconf 88' lang='lat' dir='ltr'><strong>etiam</strong></span> <span class='ocrx_word' id='word_1_599' title='bbox 3759 5559 4083 5628; x_wconf 82' lang='lat' dir='ltr'><strong>dicuntur</strong></span> <span class='ocrx_word' id='word_1_600' title='bbox 4126 5557 4360 5637; x_wconf 74' lang='lat' dir='ltr'><strong>sortes,</strong></span> 
     </span>
     <span class='ocr_line' id='line_1_96' title="bbox 2803 5663 4362 5762; baseline -0.006 -20"><span class='ocrx_word' id='word_1_601' title='bbox 2803 5696 2963 5742; x_wconf 80' lang='lat' dir='ltr'><strong>earo</strong></span> <span class='ocrx_word' id='word_1_602' title='bbox 3013 5671 3288 5741; x_wconf 79' lang='lat' dir='ltr'><strong>infirmi.</strong></span> <span class='ocrx_word' id='word_1_603' title='bbox 3369 5669 3466 5741; x_wconf 89' lang='lat' dir='ltr'><strong>Os</strong></span> <span class='ocrx_word' id='word_1_604' title='bbox 3519 5691 3686 5762; x_wconf 85' lang='lat' dir='ltr'><strong>ergo</strong></span> <span class='ocrx_word' id='word_1_605' title='bbox 3744 5666 3943 5736; x_wconf 85' lang='lat' dir='ltr'><strong>dehet</strong></span> <span class='ocrx_word' id='word_1_606' title='bbox 4010 5663 4362 5735; x_wconf 80' lang='lat' dir='ltr'><strong>adhaerere</strong></span> 
     </span>
    </p>
   </div>
  </div>
 </body>
</html>
