5008 6329
373 4614 433 4681 4

286 4709 510 4756 Saeuum

240 4776 354 4821 para
366 4764 554 4813 Paskai.

629 330 760 398 364

629 501 812 564 enim
872 498 1236 588 aliquando
1303 521 1506 587 super
1570 523 1731 568 suos
1770 511 2181 591 potestatem

1621 330 1704 397 D.
1758 331 1960 400 ALB.
2018 333 2235 402 MAG.
2289 334 2495 403 ORD.
2550 337 2849 405 PRAED.

2289 503 2428 568 lum
2461 506 2939 572 sustinendum
2970 529 2984 571 :
3031 507 3149 573 sed
3179 509 3340 599 quia
3362 530 3499 575 non
3565 517 3847 598 possunt

627 605 970 674 malorum
1011 606 1310 685 dimittit,
1345 615 1421 673 ut
1459 608 1542 675 ab
1575 609 1706 677 illis
1746 619 2102 701 tamquam
2144 632 2183 676 a
2288 610 2420 678 hoc
2456 634 2540 679 ex
2574 634 2672 692 se,
2707 636 2746 680 0
2792 638 2823 677 «
2875 615 3201 698 Domine,
3237 640 3269 680 >2
3324 639 3518 707 rogo,
3556 644 3589 679 «
3648 615 3845 682 bene-

624 713 921 803 quadam
981 716 1174 804 virga
1240 716 1693 808 corrigantur.
1753 719 1885 786 Isa.
1960 743 2030 797 x,
2091 720 2173 786 5:

633 821 738 886 Vae
756 821 974 888 Assur
1008 823 1038 887 !
1065 822 1260 912 vir-qa
1297 825 1565 912 suroris
1595 827 1732 891 mei
1784 835 1848 892 et
1884 824 2179 892 baculus

620 928 763 1018 ipse
792 938 929 997 est:
961 930 1030 996 in
1060 953 1271 998 manu
1297 954 1534 998 eorum
1565 932 1959 1021 indiqizatio
1993 956 2170 1000 mea.

620 1032 757 1102 Sed
797 1034 973 1104 hanc
1010 1040 1271 1128 virgam
1303 1037 1642 1106 Dominus
1682 1063 1824 1107 non
1857 1041 2179 1131 relinquit

616 1150 733 1218 diu
808 1170 1011 1237 super
1035 1170 1219 1226 suOS,
1300 1147 1419 1214 sed
1446 1158 1720 1218 amovet
1751 1149 1964 1218 illam.
2038 1149 2170 1217 lsa.

613 1281 757 1339 xiv,
791 1259 830 1324 5
858 1278 872 1322 ε
915 1255 1250 1323 Contrivit
1278 1258 1621 1326 Dominus
1682 1257 2016 1326 baculum
2050 1260 2177 1325 im-

606 1366 916 1456 piorum,
943 1365 1213 1454 vityam
1234 1364 1771 1436 dominantium.
1790 1366 2095 1444 Nahum,
2123 1390 2168 1446 1,

619 1472 700 1539 13
730 1496 745 1540 z
786 1473 1150 1542 Conteram
1180 1473 1451 1564 virqam
1481 1473 1639 1562 ejus
1668 1475 1750 1540 de
1790 1474 1992 1541 dorso
2024 1483 2167 1539 tuo.

614 1581 749 1651 Isa.
792 1604 959 1660 xxx,
995 1583 1120 1649 32:
1162 1583 1315 1648 Erit
1334 1584 1669 1649 transitus
1690 1584 1903 1672 virqoe
1920 1582 2172 1671 sunda·

612 1700 749 1757 tus,

705 1822 739 1862 α
788 1797 876 1865 Ut
912 1818 1048 1864 non
1078 1796 1471 1864 extendant.
1511 1822 1543 1862 n
1588 1796 1715 1866 Hic
1745 1798 2081 1888 protectio
2131 1820 2170 1865 a

610 1905 833 1995 culpa.

698 2011 912 2093 Quasi
967 2013 1262 2082 diceret:
1321 2013 1435 2083 Sic
1485 2015 1749 2105 virgam
1784 2038 1925 2083 non
1955 2015 2169 2084 relin-

606 2128 794 2212 quet,
833 2146 865 2183 α
902 2129 979 2187 ut
1020 2146 1050 2185 ι
1094 2119 1263 2209 justi
1317 2149 1350 2184 «
1382 2145 1521 2189 non
1576 2122 1954 2190 extendant
2011 2144 2170 2189 ma-

604 2248 739 2294 nus
772 2249 940 2295 suas
968 2225 1066 2294 ad
1092 2227 1548 2317 iniquitatem,
1593 2255 1625 2292 s
1668 2227 1779 2296 Ad
1830 2228 2168 2319 iniquita-

606 2341 746 2402 tem
779 2355 1024 2402 manus
1054 2356 1212 2401 suas
1240 2333 1470 2436 justus
1509 2336 1840 2416 extendit,
1887 2335 2165 2427 quando

602 2442 674 2509 in
705 2442 1289 2532 persecutionibus
1336 2466 1458 2534 per
1508 2443 2008 2533 impatientiam
2060 2466 2169 2513 ca-

601 2548 741 2617 dit:
777 2548 895 2617 sed
934 2571 1072 2618 non
1120 2548 1446 2629 extendit,
1510 2549 1786 2642 quando
1836 2553 2155 2630 sustinet,

598 2665 667 2725 et
695 2655 982 2726 attendit
1029 2656 1212 2746 quod
1268 2656 1453 2725 utilis
1482 2658 1568 2725 sit
1623 2657 1741 2726 illa
1776 2658 2154 2739 tribulatiO,

598 2764 1035 2835 considerans
1065 2764 1223 2833 illud
1254 2764 1596 2856 Apostoli,
1629 2765 1692 2833 11
1724 2766 1811 2835 ad
1840 2766 2153 2837 Corinth.

597 2896 691 2954 ιν,
742 2873 821 2940 Π
852 2894 867 2939 :
912 2871 1002 2939 Id
1036 2871 1227 2963 quod
1260 2872 1331 2940 in
1351 2874 1684 2964 praesenti
1719 2884 1819 2942 est
1848 2897 2160 2945 momen-

597 2988 878 3048 taneum
917 2987 981 3045 et
1023 2977 1161 3046 leve
1200 2977 1676 3048 tribulationis
1703 2991 1978 3064 nostrae,
2026 3005 2156 3052 su·-

586 3111 723 3181 pra
754 3086 1037 3154 modum
1066 3086 1136 3154 in
1164 3085 1598 3157 sublimitate
1630 3099 1968 3159 aeternum
2004 3092 2156 3183 qlo-

592 3195 715 3262 riae
745 3191 1023 3285 pondus
1084 3202 1410 3284 operatur
1464 3195 1536 3261 in
1563 3193 1783 3264 nobis.
1846 3195 1935 3264 Et
1981 3196 2151 3268 illud

591 3300 926 3388 ejusdem,
956 3299 1040 3367 ad
1079 3298 1288 3368 llebr.
1318 3322 1438 3380 ιιι,
1489 3302 1561 3369 11
1595 3323 1611 3368 :
1660 3303 1903 3372 Omnis
1950 3304 2154 3374 disci-

583 3408 791 3499 plina
832 3408 903 3474 in
959 3408 1280 3498 praesenti
1330 3408 1608 3499 quidem
1674 3410 1949 3480 videtur
2011 3436 2149 3482 non

589 3536 729 3582 esse
787 3511 1063 3606 qaudii,
1100 3513 1225 3581 sed
1249 3516 1601 3585 moeroris:
1636 3514 1884 3608 ῥυεῖσα
1911 3529 2147 3587 autem

584 3626 896 3713 fructum
961 3622 1486 3716 pacatissimum
1556 3625 1945 3694 exercitatis
2020 3651 2148 3720 per

585 3754 740 3799 eam
785 3728 1021 3798 reddet
1062 3728 1389 3821 justitiae.
1462 3729 1550 3799 Et
1618 3729 1786 3799 illud
1838 3731 2141 3816 Nahum,

586 3861 633 3917 1,
668 3841 757 3906 9:
800 3839 954 3908 Non
993 3848 1348 3929 cotisurqet
1411 3838 1677 3931 duplex
1748 3840 2141 3914 tribulatio.

586 3947 696 4016 Ad
734 3946 1164 4039 iniquitatem
1205 3948 1409 4016 etiam
1471 3969 1755 4016 manum
1823 3973 1964 4019 non
2031 3975 2147 4022 ex·

583 4055 901 4136 tendunt,
931 4054 1046 4123 sed
1077 4053 1347 4146 fugiunt
1377 4062 1729 4148 tamquam
1760 4080 1801 4125 a
1830 4067 2144 4151 serpente

586 4184 964 4232 venenoso.
1031 4161 1236 4230 Eccli.
1288 4184 1431 4244 xxi,
1466 4164 1549 4231 2:
1597 4163 1819 4249 Quasi
1853 4188 1898 4233 a
1959 4167 2147 4257 [acie

588 4269 860 4343 colubri
881 4271 1054 4363 [αρε
1080 4280 1384 4363 peecata.

680 4625 716 4664 ι
779 4595 1100 4688 Benelac,
1156 4595 1476 4667 Domine.
1534 4622 1568 4663 a
1636 4597 1770 4668 1110
1839 4599 2142 4670 secunda

586 4729 747 4799 pars
777 4705 987 4774 totius
1024 4701 1229 4793 hujus
1257 4701 1541 4785 Psalmi,
1585 4704 1656 4774 in
1686 4727 1824 4797 qua
1842 4705 2141 4797 subjun-

585 4818 772 4910 gitur
808 4813 1210 4906 supplicatio
1238 4836 1365 4905 pro
1406 4814 1623 4906 gratia
1680 4815 2135 4907 impetranda,

585 4926 669 4996 ad
736 4923 871 4995 hoc
926 4934 1002 4992 ut
1063 4923 1380 5015 praedicta
1445 4923 1729 4994 firmitas
1795 4933 2134 4996 teneatur.

581 5035 741 5105 Duo
799 5055 963 5125 ergo
1007 5034 1202 5124 petit.
1252 5030 1520 5116 Primo,
1581 5033 1767 5125 quod
1794 5032 2140 5104 Dominus

580 5140 963 5210 benefaciat
1023 5137 1222 5208 bonis
1314 5138 1386 5207 in
1460 5162 1689 5230 opere.
1783 5139 2134 5227 Secunde,

581 5243 768 5336 quod
806 5244 1017 5313 etiam
1046 5245 1243 5314 rectis
1275 5243 1347 5312 in
1383 5243 1864 5337 intelligentia.

669 5354 786 5422 Ait
841 5353 1085 5422 enim:
1148 5351 1262 5423 Sic
1318 5352 1432 5445 qui
1502 5354 1882 5435 confidunt,
1952 5353 2136 5424 firmi

575 5468 760 5539 sunt,
795 5465 865 5529 et
900 5458 987 5528 ad
1011 5457 1273 5528 bonum
1308 5458 1722 5547 faciendum,
1764 5470 1835 5532 et
1872 5463 1961 5532 ad
1988 5485 2137 5531 ma·

646 5700 664 5738 ¹
695 5700 863 5775 vulg.
898 5695 1078 5756 babet
1103 5697 1372 5767 infirmati
1399 5702 1549 5755 tamt.

2284 721 2428 808 sac,
2462 748 2490 784 2>
2555 722 2844 811 gratiam
2893 721 3341 802 infundendO,
3392 722 3500 791 vel
3549 723 3839 790 infusam

2287 829 2827 918 augmentando,
2867 856 2899 891 ι(
2945 828 3162 908 bonis,
3201 856 3233 895 n
3295 830 3368 896 in
3421 830 3835 920 operatione.

2283 932 2347 999 11
2382 932 2699 1001 Machab.
2726 957 2772 1018 1,
2801 935 2864 1013 2,
2919 935 3164 1003 similis
3193 943 3294 1004 est
3328 938 3546 1004 oratio
3574 959 3589 1002 :
3624 938 3842 1004 Bene-

2282 1041 2510 1132 faciat
2567 1040 2758 1109 vobis
2799 1045 3011 1120 Deus,
3070 1053 3134 1110 et
3207 1045 3592 1112 meminerit
3634 1053 3842 1111 testa-

2281 1149 2496 1215 menti
2550 1149 2666 1215 sui
2719 1150 2909 1239 quod
2973 1149 3242 1217 locutus
3310 1160 3408 1217 est
3462 1151 3558 1218 ad
3615 1150 3841 1218 Abra-

2281 1255 2469 1335 ham,
2516 1257 2741 1336 Isaac,
2791 1265 2856 1324 et
2897 1258 3137 1326 Jacob.
3177 1255 3367 1326 Sicut
3412 1260 3612 1327 etiam
3655 1258 3833 1336 lacit,

2280 1360 2562 1430 Zachar.
2607 1364 2911 1445 v111,15:
2967 1365 3342 1433 Con-versus
3401 1366 3721 1456 coyitavi,
3769 1366 3836 1431 in

2280 1472 2520 1541 diebus
2562 1474 2734 1553 istis,
2771 1485 2848 1542 ut
2888 1473 3312 1557 benefaciam
3343 1474 3584 1544 domui
3616 1475 3825 1543 Juda.

2281 1603 2315 1642 a
2359 1579 2454 1644 Et
2485 1578 2685 1645 rectis
2722 1578 2944 1659 corde,
2991 1604 3025 1645 a
3068 1580 3375 1648 interiori
3423 1579 3675 1648 scilicet
3724 1580 3831 1646 in-

2277 1685 2622 1751 tentione:
2707 1693 2889 1752 recta
2954 1685 3137 1753 enim
3205 1685 3492 1755 intentio
3568 1685 3653 1753 ad
3702 1683 3832 1752 hoc

2278 1790 2599 1880 exigitur,
2639 1799 2712 1859 ut
2751 1791 3102 1861 meritoria
3141 1794 3229 1861 sit
3274 1792 3600 1884 operatio,
3658 1792 3830 1859 Pro-

2277 1894 2465 1964 verb.
2509 1919 2654 1982 xxi,
2689 1898 2818 1966 29:
2886 1899 3027 1982 Qui
3075 1910 3293 1968 rectus
3348 1909 3470 1980 est,
3548 1900 3831 1989 corriqit

2277 2006 2460 2072 viam
2495 2028 2726 2076 suam.
2763 2006 3024 2077 Cantic.
3061 2032 3107 2088 1,
3152 2010 3236 2078 3:
3279 2010 3471 2080 Recti
3528 2009 3832 2100 diliqunt

2275 2122 2361 2179 te.
2407 2113 2759 2184 Benel'acit
2807 2116 2906 2184 eis
2951 2115 3142 2185 Deus
3201 2117 3270 2184 in
3316 2119 3630 2208 praesenti
3669 2140 3832 2208 gra-

2275 2220 2440 2288 tiam
2469 2222 3011 2313 augmentandO,
3058 2222 3432 2293 benefaciet
3477 2224 3547 2291 in
3598 2223 3826 2292 futuro

2270 2350 2394 2418 pro
2429 2329 2807 2399 intentione
2839 2340 3048 2411 recta,
3084 2333 3155 2399 in
3186 2331 3457 2399 anima:
3491 2355 3616 2423 pro
3647 2330 3827 2400 bono

2273 2459 2506 2528 opere,
2554 2439 2623 2506 in
2655 2461 2941 2530 corpore
2979 2438 3455 2532 glorificando.
3518 2439 3822 2531 Sapient.

2272 2565 2343 2627 x,
2383 2545 2502 2613 17:
2551 2545 2884 2614 Reddidit
2938 2548 3129 2615 Deus
3172 2544 3396 2638 justis
3459 2547 3823 2616 mercedem

2274 2651 2593 2721 laborum
2629 2677 2941 2725 suorum.
2977 2654 3088 2737 Et,
3123 2678 3246 2747 pro
3305 2665 3620 2747 utroque,
3689 2655 3818 2724 lsa.

2266 2783 2402 2843 cxi,
2439 2762 2527 2829 7:
2570 2761 2653 2829 In
2713 2771 2897 2830 terra
2969 2785 3097 2832 sua
3153 2762 3468 2855 duplicia
3522 2763 3825 2855 posside-

2271 2866 2464 2940 bunt.

2354 3219 2389 3258 κ
2417 3192 2863 3261 Declinantes
2918 3200 3176 3261 autem.
3243 3217 3276 3258 »
3330 3192 3457 3261 llic
3514 3193 3812 3271 tertium,
3969 3214 4034 3275 5

2257 3301 2329 3368 in
2361 3321 2496 3391 quo
2530 3300 2919 3368 insinuatur
2956 3297 3039 3368 dc
3071 3301 3352 3390 praemio
3384 3297 3719 3369 bonorum
3750 3311 3815 3370 et
3844 3313 4169 3415 '‘3313‘'

2256 3405 2643 3475 malorum:
2676 3427 2799 3498 per
2844 3403 2978 3476 hoc
3031 3407 3214 3476 enim
3272 3430 3412 3476 non
3471 3407 3811 3477 modicum

2253 3515 2748 3587 confirmantur
2768 3513 3028 3584 Sancti.
3048 3515 3381 3608 Tangitur
3397 3540 3561 3609 ergo
3590 3517 3811 3607 primo

2254 3622 2597 3693 malorum
2673 3622 2968 3714 punitio.
3062 3620 3407 3705 Secunde,
3472 3622 3805 3692 bonorum

2254 3734 2746 3815 remuneratio,
2789 3730 2908 3810 ibi,
2947 3755 2982 3798 ι
3024 3734 3186 3801 Pax
3219 3754 3429 3824 super
3470 3732 3734 3800 Israel!
3771 3760 3805 3794 n

2345 3838 2424 3908 In
2451 3840 2677 3931 prima
2706 3845 2939 3908 autem
2969 3838 3274 3929 tangitur
3314 3837 3647 3907 malorum
3690 3861 3809 3929 pu·

2253 3947 2423 4016 nitio
2507 3944 2937 4039 peccantium
3028 3951 3307 4036 peccato
3391 3939 3801 4013 omissionis.

2255 4052 2602 4137 Secunde,
2633 4053 3065 4145 peccantium
3087 4060 3365 4144 peccato
3385 4052 3808 4120 commissio-

2253 4164 2385 4245 nis,
2419 4163 2542 4243 ibi,
2588 4189 2623 4229 ι
2668 4162 2841 4231 Cum
2871 4158 3339 4254 operantibus.
3378 4187 3412 4227 ι

2340 4269 2526 4341 Dicit
2570 4291 2738 4360 ergo
2783 4290 2801 4336 ε
2836 4267 2956 4337 Sic
2985 4265 3219 4337 Sancti
3264 4267 3680 4338 confidentes
3739 4269 3802 4336 in

2250 4378 2398 4449 Deo
2427 4373 2961 4468 eruntptabiles,
3005 4380 3071 4445 et
3107 4396 3303 4467 roge,
3350 4382 3423 4442 ut
3470 4374 3628 4461 illis,
3661 4375 3807 4445 Do-

2251 4487 2462 4569 mine,
2496 4485 2617 4556 des
2644 4486 2937 4578 gratiam
2966 4482 3415 4576 persistendi:
3450 4493 3516 4554 et
3545 4483 3802 4554 bonum

2250 4606 2355 4668 est
2382 4604 2589 4675 stare,
2624 4593 2787 4688 quia
2819 4617 2854 4660 ι
2894 4594 3243 4662 Dominus
3260 4592 3556 4662 adducet
3592 4594 3806 4664 decli-

2249 4714 2490 4775 nantes
2530 4704 2605 4772 in
2658 4701 3142 4792 obligationes,
3187 4727 3221 4767 »
3266 4701 3334 4772 id
3371 4711 3498 4789 est,
3541 4704 3656 4796 qui
3721 4702 3804 4771 ab

2252 4813 2334 4881 iis
2381 4810 2730 4881 declinant
2783 4807 2870 4878 ad
2909 4830 3066 4902 quae
3102 4831 3179 4879 se
3207 4807 3709 4901 obligaverunt,
3740 4819 3807 4881 et

2249 4919 2348 4988 sic
2414 4924 2695 5010 peccato
2769 4914 3166 4985 omissionis
3234 4925 3544 5008 peccant.
3619 4915 3799 4986 Psal.

2247 5047 2438 5107 xxvi,
2461 5025 2502 5093 2
2528 5046 2547 5094 ε
2570 5022 2720 5115 Ipsi
2735 5019 3036 5114 obliqati
3049 5029 3214 5090 sunt
3232 5022 3282 5107 ¹,
3315 5031 3380 5090 et
3397 5022 3800 5092 ceciderunt.

2252 5129 2543 5223 Propter
2569 5126 2704 5198 hoc
2731 5134 2972 5197 monet
3003 5126 3192 5215 Elin,
3213 5127 3372 5208 Job,
3405 5150 3643 5209 xxxvi,
3674 5130 3748 5196 21
3780 5149 3798 5199 t

2255 5240 2435 5310 Cave
2461 5262 2549 5309 ne
2574 5236 2875 5306 declines
2926 5235 3027 5304 ad
3085 5237 3523 5329 iniquitatem
3545 5260 3569 5306 .·
3627 5237 3805 5306 lianc

2247 5348 2429 5417 enim
2459 5344 2726 5437 caepisti
2771 5353 2999 5414 tenere
3034 5353 3196 5439 post
3253 5344 3625 5413 miseriam.
3680 5341 3805 5411 Je-

2248 5478 2419 5526 rem.
2450 5477 2524 5537 v,
2558 5454 2685 5523 25:
2745 5453 3163 5546 Iniquitate-5
3203 5461 3437 5521 vestrae
3491 5451 3803 5521 declina-
