5008 6329
899 575 1015 644 88

1891 362 2607 440 COMMENTARIUS
2658 360 2753 427 IN
2801 361 3240 439 PSALMUM
3291 371 3598 441 CXVIII.

1234 585 1265 618 α
1298 553 1690 624 Secundum
1724 546 2294 618 misericordiam.
2324 569 2354 606 ι)
2407 538 2537 606 Hie
2593 554 2708 599 se-

1137 662 1463 733 cundum.
1509 659 1723 740 Quasi
1754 659 2012 727 diceret
2047 677 2062 721 :
2101 653 2216 720 Sic
2245 669 2464 738 usque
2495 640 2701 711 modo

1136 771 1592 865 perseveravi,
1632 769 1750 837 sed
1777 775 1855 833 ut
1917 763 2202 832 ulterius
2241 758 2502 849 possim
2535 773 2704 820 con-

1139 884 1429 962 tinuare,
1467 907 1502 944 «
1537 878 1814 966 vivifica
1864 895 1973 941 me
2003 896 2025 938 .·
2068 895 2103 937 ι)
2138 877 2204 937 et
2257 867 2389 934 hoe
2419 887 2560 931 non
2591 884 2704 929 se-

1139 990 1439 1058 eundum
1495 988 1741 1055 merita
1813 1003 1992 1060 mea,
2072 977 2193 1045 sed
2252 1001 2285 1042 ιι
2326 972 2701 1042 secundum

1140 1096 1686 1168 misericordiam
1717 1102 1915 1159 tuam
1950 1112 1972 1156 .·
2007 1115 2040 1151 n
2075 1109 2249 1179 opus
2282 1084 2466 1153 enim
2504 1090 2700 1149 tuum

1140 1232 1317 1287 sum,
1361 1203 1696 1297 quidquid
1734 1224 1888 1269 sum
1927 1207 2210 1276 naturae,
2273 1217 2393 1263 seu
2431 1192 2695 1282 gratiae.

1141 1315 1398 1384 IIabae.
1462 1337 1559 1394 ιιι,
1596 1314 1685 1379 2:
1731 1310 2053 1388 Domine,
2113 1326 2287 1396 opus
2352 1312 2576 1376 tuum,
2632 1298 2704 1363 in

1141 1427 1364 1494 medio
1383 1444 1726 1492 annorum
1747 1419 2024 1508 vivifico
2046 1413 2257 1484 illud.
2287 1411 2475 1502 Opus
2507 1416 2703 1476 tuum

1140 1542 1331 1615 extra
1368 1541 1433 1600 te
1475 1531 1591 1620 qui
1633 1531 1774 1595 vita
1803 1549 1902 1610 οε,
1946 1546 2087 1592 non
2126 1526 2532 1612 potestesse
2572 1512 2704 1581 nisi

1142 1649 1515 1710 mortuum.
1546 1637 1696 1704 Aet.
1722 1656 1892 1715 xvn,
1919 1630 2154 1700 28:122
2196 1629 2342 1719 ipso
2382 1625 2700 1698 viciniae,

1143 1762 1204 1819 cc
1247 1768 1625 1830 movemur,
1678 1754 1740 1812 et
1775 1759 2045 1810 sumus.
2100 1737 2306 1821 Osee,
2334 1758 2428 1812 vt,
2475 1734 2514 1799 3
2559 1732 2708 1799 :Et

1142 1860 1444 1928 vivemus
1484 1855 1556 1921 in
1622 1858 1981 1943 conspectu
2012 1845 2193 1936 ejus,
2237 1842 2494 1911 scilieet
2533 1840 2710 1906 inter

1145 1971 1419 2039 Gentes.
1453 1965 1612 2043 Job,
1655 1986 1727 2040 x,
1776 1963 1857 2028 12
1892 1977 1910 2028 z
1969 1959 2192 2027 Vitam
2231 1965 2296 2022 et
2326 1950 2712 2020 misericor-

1147 2079 1337 2147 diam
1369 2072 1678 2142 tribuisti
1706 2068 1905 2138 milti.

1240 2323 1273 2364 α
1306 2299 1402 2364 Et
1430 2292 1843 2363 custodiam.
1873 2317 1907 2353 »
1966 2287 2094 2356 Hic
2150 2284 2456 2354 tertium.
2500 2279 2712 2361 Quasi

1146 2407 1396 2475 diceret
1431 2426 1446 2471 :
1505 2401 1621 2470 Sic
1648 2421 1792 2468 non
1841 2396 2175 2487 dereliqui
2225 2413 2442 2482 usque
2473 2387 2706 2467 mode,

1143 2525 1209 2584 et
1272 2515 1460 2605 petii,
1523 2518 1599 2578 ut
1675 2510 1884 2577 etiam
1944 2526 2130 2573 nunc
2178 2523 2287 2570 me
2347 2497 2707 2589 justifices,

1142 2653 1176 2689 α
1217 2634 1280 2691 el
1326 2649 1358 2688 ιο
1413 2623 1510 2689 sie
1573 2645 1606 2685 e
1640 2615 2058 2694 custodiam,
2105 2637 2140 2679 ι)
2206 2604 2707 2703 perseverando

1138 2732 1207 2798 in
1238 2729 1369 2813 his,
1409 2756 1442 2793 α
1479 2725 1875 2794 testimonia
1915 2721 2056 2789 oris
2102 2719 2234 2797 tui,
2281 2740 2316 2783 n
2351 2723 2708 2803 tamquam

1135 2839 1320 2910 cordi
1363 2861 1519 2906 meo
1553 2836 1794 2927 ligata,
1847 2841 1915 2901 et
1963 2831 2033 2899 in
2086 2825 2357 2896 Christo
2409 2823 2704 2913 signata,

1131 2947 1511 3019 seeundum
1543 2944 1714 3012 illud
1753 2942 1887 3010 lsa.
1930 2962 2078 3024 vm,
2128 2939 2210 3005 1ss
2246 2958 2263 3003 :
2307 2936 2487 3025 Liqa
2527 2931 2710 2998 testi·

1137 3057 1474 3142 monium,
1506 3055 1712 3144 siqua
1744 3050 1966 3141 lcqem
2007 3048 2081 3115 in
2109 3041 2482 3135 discipulis
2511 3039 2705 3107 meis.

1132 3162 1534 3235 Custodiam
1598 3159 1809 3228 etiam
1858 3155 2257 3225 testimonia
2304 3159 2448 3236 tua,
2521 3171 2709 3216 mar-

1132 3275 1307 3367 tyria
1338 3268 1664 3347 amande,
1701 3274 1769 3336 et
1806 3264 2241 3344 sustinendo,
2284 3262 2340 3330 si
2374 3281 2548 3351 opus
2586 3258 2701 3339 sit,

1132 3382 1423 3452 libenter
1452 3378 1598 3447 illa.

1219 3602 1391 3670 vide
1422 3623 1589 3693 ergo
1640 3595 1994 3691 quomodo
2043 3595 2115 3662 in
2161 3591 2297 3662 hoc
2341 3588 2693 3660 octonario

1125 3738 1196 3782 se
1226 3709 1610 3780 desiderare
1638 3706 2110 3799 cognitionem
2158 3709 2414 3771 certam
2455 3706 2694 3768 osten-

1127 3821 1250 3903 dit,
1283 3826 1350 3887 et
1379 3817 1465 3886 ad
1495 3816 1628 3886 hoc
1665 3816 1830 3884 totis
1868 3811 2131 3880 viribus
2163 3807 2590 3891 inclinatum,
2624 3812 2690 3873 et

1126 3934 1611 4024 praeparatum‚
1654 3931 1723 3993 et
1775 3919 1954 3991 velle
2010 3916 2411 4008 adimplere,
2445 3922 2511 3984 et
2538 3936 2689 4007 per·

1126 4060 1437 4109 severare
1469 4036 1537 4104 in
1575 4032 2089 4125 adimpletione.
2126 4026 2325 4097 Unde
2372 4023 2531 4094 huic
2562 4045 2688 4092 oc-

1124 4144 1393 4217 tonario
1425 4150 1602 4211 recte
1633 4139 2062 4233 praeponitur
2089 4136 2313 4206 littera
2353 4131 2687 4201 llebraica

1123 4276 1288 4325 cun
1326 4249 1678 4351 0),quod
1716 4252 2204 4341 interpretatur
2259 4246 2683 4321 incurvatur,

1125 4363 1592 4435 incurvatione
1655 4359 1867 4440 bona,
1920 4380 2078 4451 quae
2152 4363 2259 4426 eat
2302 4351 2681 4430 humilitas,

1124 4498 1264 4545 non
1292 4480 1557 4543 erectus
1596 4470 1939 4540 erectione
1968 4464 2307 4558 superbiai
2344 4471 2412 4533 et
2439 4459 2689 4532 elatio-

1128 4583 1254 4660 nis,
1286 4580 1371 4650 ‹le
1393 4601 1555 4673 qua,
1587 4576 1748 4657 Job,
1782 4599 1901 4656 xv,
1925 4577 2012 4643 25
2048 4596 2063 4641 :
2101 4571 2423 4643 Cucurrit
2450 4567 2688 4637 adoer-

1125 4713 1241 4760 sus
1275 4712 1457 4769 cum,
1489 4686 1746 4757 scilicet
1771 4684 2021 4766 Deum,
2056 4689 2268 4751 erecto
2304 4676 2515 4748 collo.

1702 5219 1957 5289 Lmen
2006 5187 2117 5321 (ᾖ)

1123 5639 1237 5721 89.
1291 5635 1376 5708 In
1470 5653 1852 5719 aeternum,
1941 5636 2281 5721 Domine,
2374 5637 2679 5710 verbum

1481 5763 1697 5815 tuum
1744 5763 2121 5839 permanet
2158 5746 2233 5819 in
2259 5746 2470 5818 coelo.

1403 5896 1522 5940 ΧΥΙΙ

4230 374 4358 441 289

2815 558 2929 627 90.
2988 541 3073 608 In
3123 544 3658 632 generationem
3707 561 3775 613 et
3823 541 4363 634 generationem

3095 647 3353 746 veritas
3394 667 3515 719 tua
3549 671 3565 719 :
3603 649 3917 719 fundasti
3961 667 4248 728 terram,
4295 664 4364 716 et

3080 777 3472 847 permanet.

2811 884 2925 952 9¹·
2982 860 3462 936 Ordinatione
3518 885 3636 935 tua
3696 881 4101 957 perseverat
4170 862 4353 946 dies,

3079 975 3428 1064 quoniam
3459 974 3705 1045 omnia
3737 974 4061 1044 serviunt
4104 971 4264 1042 tibi.

2810 1103 2928 1173 92.
2984 1082 3145 1152 Nisi
3196 1085 3392 1174 quod
3444 1085 3551 1153 lex
3603 1103 3725 1154 tua
3773 1083 4151 1153 meditatio
4198 1103 4359 1151 mea

3079 1208 3211 1273 est,
3264 1209 3435 1261 tunc
3475 1191 3653 1261 forte
3689 1190 4038 1283 perissem
4098 1190 4174 1259 in
4227 1190 4362 1258 hu-

3081 1298 3385 1369 militate
3417 1321 3599 1369 mea.

2812 1404 2928 1496 93.
2985 1405 3069 1474 In
3120 1422 3468 1476 aeternum
3529 1428 3671 1475 non
3727 1406 4112 1476 obliviscar
4162 1406 4371 1496 justi-

3084 1514 3449 1584 ficationes
3494 1534 3680 1597 tuas,
3727 1516 3895 1607 quia
3949 1515 4019 1584 in
4065 1514 4203 1607 ipsi
4262 1513 4372 1584 vi-

3088 1624 3390 1696 vificasti
3422 1648 3561 1695 me.

2817 1755 2934 1826 94.
2987 1734 3196 1803 Tuus
3237 1757 3400 1804 sum
3450 1759 3580 1827 ego
3638 1758 3654 1804 ε
3715 1737 3997 1806 salvum
4063 1757 4179 1805 me
4228 1735 4366 1820 fac,

3084 1843 3430 1935 quoniam
3473 1843 4011 1933 justificationes
4051 1861 4212 1913 tuas
4244 1865 4370 1912 ex-

3088 1973 3382 2043 quisivi.

2817 2064 2936 2153 95.
2979 2059 3098 2129 Me
3166 2076 3752 2150 exspectaverunt
3822 2075 4229 2149 peccatores
4266 2067 4371 2128 ‘ut

3088 2168 3470 2260 perderent
3543 2189 3682 2250 me,
3763 2167 4179 2238 testimonia
4247 2184 4370 2236 tua

3092 2275 3433 2346 intellexi.

2820 2385 2937 2477 96.
2992 2381 3260 2455 Omnis
3284 2381 3931 2453 consummationis
3955 2381 4099 2452 vidi
4122 2383 4369 2464 finem,

3089 2490 3317 2562 latum
3381 2491 3804 2561 mandatum
3858 2509 4068 2561 tuum
4118 2490 4365 2561 nimis.

3420 2999 3757 3126 mene>

2899 3501 2932 3537 «
2966 3473 3050 3541 In
3085 3479 3440 3542 aeternum,
3470 3466 3780 3533 Domine.
3829 3489 3863 3528 ι
3898 3463 3975 3532 1η
4003 3463 4134 3534 hoe
4161 3487 4360 3556 quar·

2802 3591 2872 3652 to
2947 3578 3325 3660 octonario,
3376 3578 3547 3643 sicut
3600 3571 3858 3641 dictum
3931 3573 4053 3641 fuit
4119 3595 4353 3664 supra,

2799 3691 3026 3782 agitur
3056 3686 3140 3757 de
3170 3686 3413 3755 merito
3452 3682 3951 3775 proficientium
3994 3682 4062 3748 in
4110 3679 4357 3770 cogui-

2792 3800 2980 3868 tione
3011 3797 3260 3866 divinae
3288 3791 3583 3862 charitis.
3622 3790 3724 3857 Ad
3756 3788 3930 3857 lianc
3960 3798 4191 3856 autem
4230 3812 4346 3856 as-

2791 3906 3104 3976 cenditur
3138 3925 3262 3995 per
3316 3896 3964 3989 contemplationem
3995 3905 4345 3964 creatura-

2792 4035 2975 4097 rum,
3005 4018 3071 4080 et
3100 4031 3223 4102 per
3250 4005 3761 4076 meditationem
3804 4002 4336 4094 Scripturarum.

2788 4121 2947 4190 Tria
3021 4140 3185 4210 ergo
3242 4115 3559 4184 dicuntur
3623 4113 3690 4179 in
3756 4110 3886 4180 hoc
3963 4110 4340 4179 octonario.

2794 4229 3055 4309 Primo,
3085 4228 3311 4319 agitur
3339 4223 3421 4292 de
3460 4217 4035 4311 contemplatione
4072 4226 4345 4286 oeternae

2791 4338 2963 4431 legis
2993 4337 3064 4405 in
3102 4331 3456 4404 creaturis.
3527 4326 3869 4404 Secundo,
3931 4325 4016 4395 tle
4054 4325 4351 4395 medita-

2791 4449 2977 4515 tione
3006 4444 3078 4512 in
3146 4438 3539 4531 Scripturis,
3593 4457 3799 4527 quam
3846 4435 3934 4501 sit
3973 4434 4187 4514 utilia,
4223 4433 4343 4513 ibi,

2789 4565 2852 4638 5.
2886 4558 3034 4627 92:
3094 4581 3130 4620 α
3171 4552 3327 4623 Nisi
3388 4548 3575 4642 quod
3640 4547 3751 4615 lca·
3815 4556 3963 4613 tua.
3996 4572 4027 4609 ι»
4085 4546 4342 4624 Terti0,

2794 4659 3205 4753 relinquitur
3239 4679 3324 4725 ex
3354 4653 3462 4721 his
3488 4651 3789 4743 cognitio
3818 4650 4169 4719 charitatis
4196 4673 4352 4720 ccr-

2797 4772 3058 4842 tissima
3114 4768 3187 4835 in
3265 4761 3509 4833 ultimo
3574 4781 3801 4841 versu,
3881 4759 4000 4838 ibi,
4070 4766 4138 4836 ς.
4196 4762 4282 4827 96
4326 4780 4344 4826 :

2798 4898 2832 4945 ἰ
2870 4873 3115 4946 Omnis
3140 4865 3769 4940 consummationi&
3807 4890 3842 4931 ι

2885 4985 2964 5053 Ῑιι
3001 4982 3226 5075 prima
3277 4976 3593 5047 dicuntur
3645 4974 3805 5043 duo.
3865 4972 4129 5050 Primo,
4178 4993 4351 5039 con-

2792 5090 3151 5185 templatio
3179 5085 3352 5178 legis
3386 5092 3652 5152 aeternae
3692 5081 3762 5149 in
3794 5081 3958 5172 ipsis
3987 5078 4341 5149 creaturis.

2799 5199 3145 5283 SecundO,
3185 5195 3387 5275 ratio,
3419 5199 3487 5262 et
3530 5213 3759 5270 causa,
3810 5211 4019 5280 quare
4050 5188 4139 5254 sit
4168 5187 4239 5255 in
4270 5186 4351 5255 il·

2792 5311 2902 5390 lis,
2936 5307 3057 5388 ibi,
3089 5306 3161 5374 in
3192 5302 3419 5373 medio
3449 5309 3511 5378 ὲ.
3544 5301 3621 5367 91
3664 5319 3680 5368 :
3737 5323 3770 5363 α
3818 5296 4163 5382 Quoniam
4194 5318 4351 5363 om-

2790 5423 2914 5491 nia
2939 5415 3252 5488 serviunt
3289 5409 3442 5478 tibi.
3479 5434 3513 5473 ι

2882 5527 2962 5596 ln
2989 5526 3217 5619 prima
3245 5527 3563 5613 quatuor.
3615 5514 3878 5599 Primo,
3924 5512 4355 5604 contempla..

2790 5639 2886 5710 tio
2923 5635 3099 5726 Iegis
3129 5638 3401 5701 aeternae
3454 5628 3522 5696 in
3588 5621 3976 5693 rationabili
4036 5630 4350 5691 creatura

2782 5741 3148 5839 superiori,
3193 5735 3447 5809 scilicet
3492 5732 3820 5824 angelica.
3884 5728 4235 5809 Secundo,
4276 5728 4350 5796 in

3999 5866 4066 5920 ss)
