5008 6329
2137 334 2846 405 COMMENTARIUS
2897 338 2987 404 IN
3039 337 3477 406 PSALMUM
3527 335 3633 405 CI.
4461 334 4501 398 9

921 533 1054 578 va·
1095 536 1257 580 ιιοιιη
1284 511 1529 572 nostrae
1560 504 1860 572 brevitas
1892 504 2179 573 umbrae.
2227 506 2486 587 Primo,
2525 511 2680 599 quia
2723 509 2844 574 sie·

800 625 805 630 .
911 592 1125 633 umbra
1150 585 1256 632 eot-

1042 641 1162 687 leta.

1283 623 1355 682 ut
1399 615 1644 684 umbra
1676 616 1751 683 sit
1815 638 1900 683 ex
1956 619 2393 708 oppositione
2442 621 2632 709 opaci
2700 640 2844 685 cor·

1282 724 1467 812 poris
1534 721 1619 790 ad
1678 720 2132 803 luminosum,
2187 726 2284 794 sie
2344 725 2641 792 brevitas
2691 725 2844 788 vitae

1282 838 1532 895 nostrae
1582 828 1757 897 facta
1817 839 2044 899 estex
2101 832 2538 923 oppositione
2588 829 2838 919 peccati

1281 933 1361 1003 ad
1394 935 1639 1002 Deum.
1685 936 1817 1008 Isa.
1855 961 1989 1019 ux,
2025 941 2065 1006 2
2101 958 2118 1007 :
2165 938 2575 1027 Iniquitates
2613 946 2844 1002 vestrae

1281 1042 1659 1111 diuiserunt
1721 1046 1903 1114 inter
1942 1069 2059 1114 vos
2127 1053 2190 1112 et
2234 1046 2461 1112 Deum
2524 1055 2836 1111 vestrum.

1277 1151 1473 1232 Item,
1527 1152 1688 1244 quia
1753 1155 1999 1222 umbra
2065 1173 2246 1219 vana
2311 1174 2443 1232 res,
2504 1162 2568 1220 et
2623 1175 2836 1221 vacua

1282 1270 1379 1330 est
1413 1285 1427 1330 :
1474 1264 1571 1332 sic
1611 1264 1755 1332 dies
1785 1264 2090 1332 hominis
2137 1262 2324 1344 vani,
2359 1272 2426 1331 et
2467 1266 2685 1331 vacui.
2743 1263 2840 1330 De

1281 1374 1598 1457 vanitate,
1633 1370 1857 1440 Eccle.
1886 1394 1934 1455 1,
1971 1372 2010 1437 2
2049 1393 2063 1436 :
2115 1370 2396 1438 Vanitas
2423 1372 2835 1449 vanitatum,

1279 1486 1403 1546 etc.
1439 1480 1539 1546 De
1570 1479 1939 1555 vacuitate,
1971 1474 2134 1555 Job‚
2165 1499 2287 1556 vn,
2334 1477 2374 1546 3
2405 1478 2598 1567 :qu
2627 1474 2843 1544 habui

1275 1606 1529 1652 memes
1566 1606 1843 1667 vacuoS,
1879 1593 1942 1650 et
1980 1595 2208 1653 noctes
2258 1583 2640 1651 laboriosos
2667 1606 2836 1649 euu-

1276 1693 1534 1758 meravi
1598 1690 1795 1757 mihi.
1880 1689 2082 1771 Item,
2147 1714 2254 1760 res
2319 1688 2606 1757 obscura
2691 1712 2837 1755 um-

1272 1800 1392 1866 bra
1429 1822 1443 1866 :
1480 1801 1577 1868 sio
1605 1800 1749 1868 vita
1786 1809 2027 1869 nostra
2059 1801 2451 1892 ignorantia
2483 1808 2547 1865 et
2589 1798 2840 1864 obscu-

1273 1904 1465 1972 ritate
1495 1904 1724 1993 plena‚
1763 1907 1913 1973 imo
1946 1904 2329 1973 obscuritas
2366 1912 2533 1972 tota.
2556 1900 2713 1981 Job,
2739 1925 2835 1981 ιιι,

1275 2012 1358 2079 23
1402 2035 1418 2078 :
1486 2013 1641 2080 Viro
1699 2012 1909 2103 cujus
1957 2013 2367 2082 abscondita
2422 2022 2519 2079 est
2595 2012 2729 2091 υιά,
2777 2021 2840 2076 et

1273 2118 1725 2188 circumdedit
1779 2144 1936 2188 eum
1986 2123 2178 2189 Deus
2227 2119 2538 2187 tenebris.
2580 2118 2841 2207 Grego-

1271 2229 1410 2295 rius
1453 2250 1468 2298 :
1518 2257 1549 2290 «
1597 2227 1820 2297 Valde
1882 2253 2078 2298 mens
2133 2229 2441 2298 humana
2489 2228 2836 2318 affiligitur,

1274 2361 1305 2401 ι
1350 2336 1510 2426 quia
1572 2335 1654 2403 ad
1718 2335 2164 2429 intelligenda
2233 2358 2387 2427 qua:
2464 2333 2586 2403 llei
2652 2341 2836 2413 sunt,

1271 2472 1300 2503 «
1338 2452 1786 2513 excaecatur.»
1817 2442 2017 2526 ltem,
2049 2444 2446 2511 citotransit
2472 2443 2641 2509 sicut
2684 2462 2841 2507 um-

1272 2549 1391 2619 bra
1417 2553 1563 2620 vita
1593 2562 1849 2621 nostra.
1884 2550 2046 2633 Job‚
2081 2575 2202 2636 vu,
2235 2553 2276 2620 6
2320 2570 2338 2623 ε
2374 2552 2539 2620 Dies
2576 2551 2708 2616 mei
2739 2570 2840 2616 re-

1277 2660 1491 2729 locius
1548 2665 1974 2732 transierunt
2019 2685 2234 2755 quam
2282 2687 2327 2728 α
2393 2671 2657 2729 test-ute
2699 2660 2837 2727 tela

1269 2768 1675 2847 succiditur.
1711 2780 1776 2837 e!
1798 2770 2198 2861 consumpti
2217 2777 2383 2836 sunt
2401 2766 2654 2858 absque
2683 2768 2836 2835 ullo

1267 2895 1404 2964 spe.
1458 2872 1568 2953 Et,
1604 2873 1888 2958 ibidem,
1935 2898 2029 2955 ix,
2090 2877 2177 2943 25
2210 2895 2228 2945 ε
2262 2874 2428 2942 Dies
2484 2874 2620 2941 mei
2649 2874 2838 2941 eelo-

1268 2981 1476 3050 ciores
1520 2985 1815 3072 luerem!
1851 3006 2155 3052 cursore.
2196 2981 2330 3052 lsa.
2364 3005 2651 3061 xxxviii,
2700 2984 2778 3050 ¹2
2814 3005 2829 3050 :

1267 3090 1452 3157 Dum
1510 3091 1743 3160 adhue
1796 3090 2091 3173 ordin-er,
2130 3091 2423 3160 succidit
2459 3115 2594 3175 me,
2635 3088 2830 3168 Hem,

1268 3199 1542 3266 retineri
1575 3209 1926 3293 nequeunt
1964 3198 2134 3279 dies.
2186 3199 2361 3269 sicut
2391 3223 2515 3269 nee
2562 3197 2828 3267 umbra.

1268 3304 1487 3377 Eccle.
1521 3331 1667 3387 viu,
1701 3311 1743 3376 8
1785 3334 1808 3378 .·
1839 3311 1995 3379 Non
2034 3318 2133 3378 es!
2196 3309 2267 3377 in
2297 3308 2596 3378 hominis
2643 3319 2835 3405 pote·

1264 3421 1442 3482 state
1468 3413 1840 3507 prohibere
1865 3417 2225 3509 spiritum,
2268 3440 2387 3484 nec
2410 3414 2617 3484 habet
2636 3426 2835 3507 pote-

1259 3533 1504 3591 statem
1548 3525 1619 3593 in
1658 3524 1775 3594 die
1800 3524 2280 3603 mortae'them,
2313 3523 2831 3592 similitudinem

1263 3632 1566 3722 corporis
1584 3629 1983 3715 habet,cum
2005 3641 2237 3703 tamen
2264 3655 2515 3725 eorpus
2536 3655 2673 3701 non
2704 3634 2825 3718 sit:

1263 3740 1357 3809 sic
1394 3741 1535 3809 vita
1555 3748 1787 3811 nostra
1808 3743 1969 3812 vitae
2025 3740 2549 3811 similitudinem
2590 3740 2826 3825 habet,

1267 3859 1588 3922 ettamen
1623 3875 1811 3922 mors
1861 3861 1991 3922 est.
2061 3852 2499 3946 Augustinus
2535 3876 2552 3921 ε
2592 3883 2623 3915 ι
2645 3850 2831 3919 ldem

1266 3984 1299 4024 ι
1330 3959 1477 4052 ipse
1503 3957 1719 4029 bomo
1747 3958 1956 4029 simul
1978 3968 2084 4029 est
2118 3961 2360 4029 vivens
2391 3968 2459 4029 et
2486 3961 2827 4028 moriens:

1265 4092 1300 4133 ι
1337 4075 1407 4136 et
1433 4068 1702 4148 vivens,
1734 4068 1856 4138 sed
1887 4070 2101 4139 morti
2131 4066 2490 4149 secedens,
2524 4078 2587 4137 et
2616 4090 2657 4135 a
2692 4069 2832 4136 vita

1263 4200 1296 4240 ι
1327 4172 1711 4245 discedens.
1756 4201 1791 4243 s
1843 4175 2026 4257 Quid
2073 4176 2259 4246 enim
2316 4184 2420 4245 est
2483 4174 2667 4245 aliud
2698 4198 2833 4244 no·

1261 4293 1476 4357 strum
1503 4287 1905 4370 vivere,nisi
1931 4285 2019 4357 ‹le
2056 4288 2201 4357 vita
2217 4287 2562 4357 transire?
2590 4287 2673 4356 Et
2701 4285 2832 4358 boe

1264 4401 1363 4462 est
1390 4394 1593 4465 mori.
1629 4393 1923 4487 Propter
1956 4393 2092 4465 boe
2142 4394 2415 4475 dieitur,
2462 4394 2710 4467 Genes.
2754 4418 2827 4477 ιι,

1270 4500 1342 4568 Π
1375 4523 1394 4570 :
1433 4500 1518 4570 In
1546 4523 1981 4595 quocumque
2006 4501 2121 4572 die
2144 4501 2517 4571 comederis
2576 4527 2663 4571 es
2723 4526 2825 4583 eo,

1261 4621 1476 4678 morte
1502 4610 1841 4679 morieris.
1912 4609 2111 4692 Item,
2155 4609 2401 4679 umbra
2431 4611 2501 4679 in
2532 4608 2663 4680 fine
2693 4608 2825 4679 diei

1259 4712 1533 4809 longior
1567 4727 1853 4812 apparet
1896 4740 1915 4790 ι
1946 4720 2047 4789 sie
2074 4715 2319 4799 homo,
2361 4741 2500 4812 quo
2529 4716 2690 4811 plus
2727 4740 2830 4786 se·

1259 4825 1494 4911 nescit,
1517 4848 1602 4896 eo
1620 4825 1779 4919 plus
1808 4849 1881 4896 se
1902 4828 2138 4897 vivere
2176 4826 2415 4897 credit.
2440 4825 2694 4898 Jerem.
2728 4850 2823 4904 vi,

1261 4931 1347 5002 l:
1396 4935 1502 5004 Vae
1526 4932 1753 5017 nobis,
1804 4936 1977 5029 qm'a
2015 4934 2392 5005 declinavi!
2438 4934 2608 5014 dies.
2657 4936 2826 5027 quio

1269 5041 1609 5135 lonqiores
1641 5047 1852 5138 [σεῖε
1867 5053 2035 5114 sunt
2064 5043 2329 5115 nnibrae
2366 5046 2672 5138 vesperi!

1350 5284 1385 5325 ι
1426 5258 1526 5328 Ee
1550 5281 1701 5350 eqo.
1736 5285 1773 5323 ιι
1824 5254 2000 5327 Eece
2048 5256 2355 5337 tertium,
2415 5255 2668 5326 scilieet
2715 5277 2831 5325 ne·

1265 5366 1540 5435 cessitas
1567 5363 1939 5435 moriendi.

1356 5473 1466 5541 Ait
1495 5471 1676 5541 enim
1716 5495 1733 5540 ε
1772 5471 1886 5541 Sic
1918 5471 2289 5566 ‹lejectusssa
2344 5469 2698 5560 dignitate.
2734 5473 2826 5539 sio

1338 5714 1353 5749 ¹
1385 5671 1469 5761 Cf.
1502 5702 1578 5762 ad
1609 5702 1788 5763 nebr.
1825 5721 1898 5773 vu,
1936 5707 2002 5763 ¹8
2030 5713 2091 5764 et
2123 5713 2210 5766 ¹⁹.

2949 512 3016 574 in
3071 509 3401 575 brevitate
3495 507 3635 574 vita
3701 504 4013 593 positus:
4101 527 4134 565 α
4178 510 4240 566 et
4295 521 4416 588 eqo
4462 525 4494 559 »

2948 618 3147 682 etiam
3187 641 3218 679 α
3255 615 3417 681 arui
3441 617 3617 682 sicut
3664 613 3958 703 foenum,
3998 635 4030 674 ιι
4096 606 4161 675 id
4221 613 4346 684 est,
4392 604 4502 670 sa·-

2947 730 3090 787 ctus
3137 744 3287 788 sum
3318 721 3489 788 sicut
3524 721 3778 787 foenum
3810 715 4101 792 aridum,
4153 711 4339 803 quod
4378 732 4504 776 ne·-

2945 830 3236 895 cessario
3294 830 3646 902 morietur,
3708 834 3772 892 et
3811 824 4038 891 statim
4140 818 4494 887 evelletur.

2950 936 3130 1003 l‘sal.
3166 959 3445 1015 cxxviii,
3482 936 3521 1001 6
3567 956 3580 1000 :
3618 935 3830 1001 Fiant
3864 931 4042 997 sicut
4077 929 4344 1019 soenum
4392 936 4497 992 le-

2949 1055 3237 1125 ctorum,
3280 1041 3468 1134 quod
3516 1043 3928 1133 priusquam
3986 1035 4330 1104 evellatur
4374 1056 4498 1100 ex·-

2949 1154 3162 1221 aruit.
3236 1151 3371 1218 Isa.
3443 1172 3550 1228 XL,
3599 1149 3690 1216 7:
3741 1146 4185 1215 Exsiccatum
4234 1150 4331 1210 est
4358 1142 4498 1231 soe-

2947 1280 3137 1336 num,
3180 1267 3244 1325 et
3270 1253 3507 1323 cecidit
3533 1253 3692 1342 flos.

3034 1613 3068 1648 α
3107 1588 3202 1654 Tu
3248 1595 3504 1666 autem,
3555 1586 3869 1654 Domine.
3909 1609 3940 1648 ιι
4013 1582 4138 1649 Hic
4194 1580 4491 1649 secunda
4612 1605 4738 1674 23

2942 1717 3097 1784 pars
3173 1693 3564 1784 principalis
3641 1691 3842 1781 liujus
3904 1690 4183 1767 Psalmi,
4238 1691 4304 1755 in
4354 1711 4489 1779 qua
4519 1706 4840 1819 uffan-23¹2&

2941 1809 3298 1891 postquam
3330 1801 3467 1892 egit
3494 1799 3577 1868 de
3641 1800 3901 1868 delectu
3935 1799 4255 1867 humanae
4297 1819 4490 1864 mor-

2941 1912 3245 1996 talitatis,
3288 1914 3426 2006 agit
3490 1914 3574 1982 de
3616 1910 4163 1981 immutabilitate
4221 1909 4488 1978 aeterni·

2943 2022 3122 2099 tatis,
3190 2020 3274 2089 ad
3343 2043 3545 2111 quam
3600 2020 3919 2088 transitus
3949 2042 4066 2109 per
4114 2015 4484 2085 Christum.

3031 2126 3369 2195 Dividitur
3387 2151 3549 2220 ergo
3580 2126 3727 2195 haee
3744 2149 3899 2218 pars
3927 2127 3994 2193 in
4025 2123 4487 2203 duas.Prim0,

2941 2237 3164 2325 agitur
3201 2234 3281 2303 de
3321 2235 3871 2303 immutabilitate
3925 2232 4201 2308 Christi,
4247 2252 4494 2298 secun-

2942 2345 3101 2411 dum
3142 2343 3325 2434 quod
3372 2344 3577 2412 Deus,
3640 2342 3986 2423 Secundo,
4047 2340 4129 2408 de
4169 2339 4326 2406 data
4364 2336 4494 2406 ho·

2941 2451 3104 2518 mini
3155 2448 3703 2518 immutabilitate
3751 2473 3869 2540 per
3924 2446 4300 2523 Christum,
4366 2443 4488 2523 ibi,

2940 2568 3005 2637 5.
3048 2561 3121 2626 Η
3159 2583 3174 2628 :
3222 2588 3255 2622 ιι
3294 2561 3389 2627 Tu
3425 2582 3817 2648 exsurqetzs.
3852 2586 3885 2619 ιι

3031 2668 3103 2737 ln
3134 2671 3353 2760 prima
3384 2668 3542 2737 duo.
3566 2666 3824 2740 Primo,
3867 2666 4091 2756 agitur
4127 2664 4212 2733 de
4246 2664 4494 2731 immu-

2940 2777 3266 2845 tabilitate
3352 2776 3601 2844 Christi
3683 2773 4019 2853 absolute,
4115 2771 4492 2842 secundum

2938 2889 3120 2980 quod
3153 2888 3359 2957 Deus.
3433 2887 3776 2965 Secundo,
3820 2885 3901 2955 de
3941 2884 4494 2953 immutabilitate

2937 3000 3084 3087 ”jus
3128 2997 3196 3064 in
3252 2998 3760 3087 comparatione
3826 2993 3912 3061 ad
3959 3014 4113 3075 noS,
4181 2990 4299 3069 ibi,
4330 3015 4365 3056 ι
4400 2991 4495 3057 E!

2938 3103 3358 3176 menmriale.
3398 3131 3430 3168 ιι

3024 3216 3203 3283 Dicit
3246 3236 3410 3305 ergo
3453 3235 3471 3281 ε
3514 3213 3654 3293 Sic,
3679 3211 3999 3293 Domine,
4051 3212 4257 3277 miser
4302 3230 4485 3284 sum,

2936 3330 3000 3390 et
3031 3319 3197 3389 nihil
3232 3321 3359 3389 nisi
3390 3320 3735 3389 miseriam
3766 3317 3985 3387 habeo
4007 3340 4023 3385 :
4048 3344 4082 3382 α
4117 3328 4195 3385 tu
4225 3324 4485 3394 autem,

2936 3431 3254 3511 Domine,
3280 3430 3350 3496 in
3377 3438 3702 3498 aelemum
3724 3450 4111 3520 permanes.
4139 3454 4172 3487 n
4219 3422 4349 3491 lsa.
4373 3445 4484 3502 xa,

2938 3538 2978 3603 8
3014 3559 3029 3603 ε
3087 3534 3369 3603 Verbum
3403 3537 3694 3605 Domini
3731 3544 3959 3603 manet
4015 3536 4089 3602 in
4122 3542 4482 3600 eternum.

2932 3642 3180 3712 Thren.
3222 3667 3292 3723 v,
3366 3645 3497 3713 ¹9:
3580 3644 3677 3713 Tu
3722 3652 3978 3721 ααίεηι,
4033 3642 4352 3718 Domine,
4412 3640 4487 3706 in

2932 3761 3261 3821 aeternnm
3318 3749 3777 3845 permanebis,
3843 3751 4103 3820 solium
4157 3757 4358 3817 tuum
4412 3746 4485 3813 ιἰι

2931 3860 3433 3950 qenerau'onem
3461 3869 3527 3928 et
3559 3859 4062 3950 quaer-ationem
4103 3868 4151 3926 ¹.
4173 3852 4488 3925 AEterni·

2937 3976 3038 4035 tas
3067 3991 3230 4060 ergo
3260 3976 3378 4038 tua
3402 3990 3625 4039 meam
3645 3968 3919 4037 labilem
3952 3967 4203 4035 relevet
4223 3973 4489 4054 tempo·

2936 4074 3292 4145 ralitatem.

3026 4313 3060 4351 ι
3101 4287 3197 4355 ΕΙ
3260 4286 3680 4355 memoriale.
3716 4313 3753 4351 ιι
3840 4284 4009 4355 Eece
4074 4283 4479 4355 secundum.

2935 4398 3143 4478 Quasi
3183 4396 3436 4467 diceret
3486 4422 3502 4468 ε
3538 4397 3751 4469 sicin
3782 4406 3849 4467 te
3890 4405 4277 4490 permanet,
4316 4404 4384 4465 et
4412 4395 4485 4463 in

2931 4507 3440 4598 comparatione
3469 4516 3696 4576 autem
3726 4503 3812 4575 ad
3840 4528 3978 4588 me,
4018 4533 4051 4569 ι
4079 4502 4486 4573 memoriale

2935 4625 3159 4698 tuum,
3197 4644 3230 4677 ιι
3298 4613 3384 4682 de
3437 4636 3576 4708 quo
3642 4612 3843 4696 Osee,
3876 4614 4138 4693 xn·,8:
4210 4614 4484 4680 Memo-

2931 4722 3110 4791 riale
3150 4721 3309 4812 ejus
3368 4723 3548 4792 sicut
3601 4723 3835 4791 vinum
3889 4718 4169 4800 Libani,
4225 4718 4484 4788 seilicet

2931 4841 3307 4926 permanet,
3346 4862 3378 4896 κ
3420 4833 3489 4900 iu
3523 4833 4030 4924 generationem
4087 4841 4151 4900 ee
4185 4853 4486 4923 qenero-

2931 4942 3208 5021 tae‘onem,
3243 4968 3278 5005 ιι
3335 4938 3467 5009 Ιιοο
3512 4947 3638 5020 est,
3704 4937 3775 5006 in
3830 4946 4190 5008 eternum.
4268 4936 4483 5019 Quasi

2930 5048 3238 5118 diceret:
3292 5045 3425 5116 Mei
3491 5053 3885 5139 perpetuam
3941 5042 4155 5116 habes
4222 5066 4488 5114 memo-

2932 5158 3127 5237 riam,
3170 5163 3245 5225 ut
3295 5152 3618 5224 exhibeas
3664 5152 4221 5223 misericordiam.
4293 5150 4481 5223 Psal.

2931 5285 3157 5344 mxxvi,
3230 5263 3310 5331 10
3346 5284 3362 5329 ε
3417 5265 3560 5331 Aut
3647 5261 4085 5330 obliviscetur
4175 5257 4487 5327 misereri

2929 5372 3116 5441 Deus
3140 5369 3182 5440 Ρ
3207 5367 3413 5439 Nullo
3450 5367 3684 5452 modo,
3726 5370 3852 5439 etsi
3890 5369 4104 5437 iratus
4140 5365 4481 5441 videatur.

2934 5481 3185 5553 ltaliae.
3220 5504 3317 5564 ιιι,
3351 5482 3391 5549 2
3425 5503 3442 5550 :
3480 5481 3655 5551 Cum
3707 5481 3931 5549 iratus
3972 5478 4219 5570 luetis,
4278 5479 4489 5548 mise-
