5008 6329
894 1318 1018 1383 88

1906 376 2619 449 COMMENTARIUS
2667 374 2763 442 IN
2807 373 3244 446 PSALMUM
3291 377 3595 447 CXVIII.

1142 546 1286 616 tua,
1320 564 1348 602 »
1396 539 1465 606 in
1508 540 1657 633 lege
1698 551 1837 630 tua,
1893 569 2044 637 quae
2104 549 2216 615 via
2248 555 2350 614 est
2380 544 2584 614 eundi
2614 541 2700 609 ad

1142 653 1228 720 te,
1275 653 1341 711 et
1367 647 1510 715 vita
1541 659 1664 721 est.
1704 652 2033 724 Proverb.
2070 679 2167 733 ιιι,
2202 656 2286 720 22
2336 675 2350 720 :
2417 649 2703 720 Custodi

1143 751 1359 841 leqem
1412 778 1662 837 meam,
1726 770 1790 827 et
1841 764 1971 828 erit
2017 763 2160 828 vita
2228 761 2479 827 animae
2538 769 2695 826 tute.

1140 857 1303 943 Lex,
1339 864 1652 953 inquam,
1709 867 2106 957 spiritualis,
2144 869 2329 957 quia,
2363 866 2567 934 Joan.
2600 889 2695 944 vl,

1140 967 1250 1052 64,
1285 968 1533 1039 dicitur
1566 994 1581 1054 ς
1617 974 1927 1063 Spiritus
1956 982 2052 1040 est
2108 975 2232 1065 qui
2276 974 2604 1062 vivificat.

1228 1321 1262 1362 ι
1303 1298 1549 1365 Statue
1583 1320 1773 1366 servo
1833 1307 1975 1366 tuo.
2014 1325 2045 1359 ιο
2113 1297 2242 1365 Hic
2289 1296 2695 1380 secundum,

1135 1408 1203 1473 in
1234 1429 1371 1497 quo
1400 1408 1572 1498 petit
1600 1408 1817 1477 averti
1857 1407 1942 1476 ab
2000 1406 2321 1489 elatione,
2369 1404 2553 1496 quod
2600 1411 2702 1472 est

1132 1513 1335 1579 statui
1378 1514 1449 1579 in
1490 1511 1766 1603 eloquio
1832 1513 1958 1581 Dei
1993 1533 2010 1580 ε
2058 1520 2124 1580 et
2172 1511 2493 1579 dicuntur
2532 1510 2692 1578 duo.

1132 1618 1393 1699 Primo,
1439 1621 1611 1710 petit
1667 1621 1875 1688 statui
1933 1627 2003 1687 et
2060 1618 2346 1698 firmari,
2415 1640 2501 1686 ne
2556 1617 2700 1685 ele-

1130 1732 1353 1793 vetur.
1428 1723 1777 1805 Secundo,
1831 1725 2129 1794 ostendit
2187 1747 2310 1817 per
2375 1722 2540 1815 quid
2566 1721 2699 1792 hoc

1131 1830 1279 1900 fieri
1310 1834 1581 1923 poterit,
1615 1834 1777 1925 quia
1828 1855 1953 1924 per
2006 1832 2298 1924 gratiam
2349 1831 2566 1899 divini
2607 1833 2700 1898 ti-

1131 1940 1369 2020 moris,
1405 1939 1527 2020 ibi,
1574 1965 1608 2006 ι
1642 1941 1730 2008 In
1768 1941 2013 2008 timore
2033 1949 2178 2008 tuo.
2224 1965 2261 2003 n

1220 2046 1400 2115 Dicit
1447 2070 1663 2139 ergo:
1714 2045 1831 2115 Sic
1877 2054 2108 2116 averte
2164 2069 2205 2114 a
2237 2045 2566 2129 vanitate,
2631 2052 2699 2113 et

1131 2155 1339 2224 etiam
1400 2182 1433 2220 ι
1466 2179 1658 2225 servo
1715 2167 1834 2225 tuo
1870 2181 1902 2222 n
1951 2178 2191 2225 averso
2253 2178 2294 2223 a
2365 2155 2689 2232 vanitate,

1134 2289 1168 2330 ι
1201 2273 1429 2333 statue
1459 2264 1815 2356 eloquium
1839 2274 2062 2332 tuum.
2093 2290 2129 2327 ι)
2152 2260 2536 2354 Hypallage
2565 2269 2691 2342 est,

1131 2375 1193 2443 id
1228 2383 1353 2457 est,
1377 2377 1449 2444 in
1472 2375 1749 2466 eloquio
1786 2383 1905 2445 tuo
1928 2383 2149 2444 statue
2169 2396 2447 2443 servum
2465 2380 2692 2455 tuum,

1128 2510 1213 2555 ne
1233 2486 1581 2556 efferatur.
1611 2486 1909 2564 Baruch,
1937 2510 2010 2566 ιι,
2038 2487 2124 2554 24
2160 2507 2176 2553 :
2203 2486 2537 2557 Statuisti
2554 2507 2698 2553 ver-

1129 2594 1215 2663 ba
1246 2604 1397 2682 tua,
1429 2619 1585 2687 quae
1614 2595 1888 2664 loeutus
1924 2619 2017 2676 eS,
2052 2604 2183 2665 etc.
2227 2593 2365 2664 Sed
2395 2594 2696 2686 quibus?

1128 2701 1359 2773 Servis
1391 2706 1559 2773 suis.
1598 2703 1847 2773 Genes.
1880 2728 1976 2789 lx,
2024 2705 2099 2772 11
2149 2724 2167 2774 ε
2209 2704 2544 2774 Statuam
2565 2726 2695 2795 pa-

1123 2822 1306 2881 etum
1337 2834 1569 2882 meum
1597 2812 1968 2881 vobiscum.

1214 2919 1353 2989 Sed
1371 2919 1508 2990 hoc
1536 2920 1666 3002 fac,
1725 2946 1760 2988 ι
1786 2920 1861 2988 in
1889 2921 2136 2988 timore
2164 2930 2311 3001 tuo,
2347 2945 2383 2983 n
2428 2941 2692 3010 ponens

1123 3051 1259 3110 me,
1294 3030 1413 3121 qui
1442 3051 1555 3099 me
1584 3027 1950 3109 custodiat,
1983 3050 2096 3098 me
2125 3027 2475 3120 reprimat.
2510 3026 2692 3096 Pro-

1122 3136 1310 3208 verb.
1344 3161 1487 3219 xiv,
1522 3139 1609 3208 26
1644 3159 1661 3208 :
1697 3137 1785 3207 In
1812 3138 2058 3207 timore
2099 3136 2392 3207 Domini
2422 3132 2687 3227 fiducia

1118 3248 1590 3339 fortitudinis.
1621 3246 1733 3333 Et,
1775 3244 1984 3315 Eccli.
2025 3270 2075 3330 ι,
2119 3246 2204 3314 25
2242 3265 2259 3314 t
2318 3245 2690 3314 Radix-sa-

1110 3357 1421 3449 pientise,
1463 3378 1618 3448 quae
1649 3363 1922 3424 tenetur
1961 3355 2031 3423 in
2080 3353 2311 3434 corde,
2353 3376 2441 3423 ne
2470 3352 2691 3423 advo-

1119 3461 1238 3544 let,
1278 3462 1522 3530 timere
1540 3463 1952 3541 Dominum,
1982 3458 2096 3529 vel
2127 3460 2340 3529 timor
2371 3459 2680 3529 Domini.

1121 3568 1412 3662 Propter
1440 3567 1576 3639 hoc
1617 3568 1890 3649 dicitur,
1942 3566 2149 3637 Eccli.
2215 3589 2430 3648 xxvn,
2466 3568 2510 3635 4
2550 3588 2569 3636 :
2601 3568 2686 3638 Si

1119 3704 1259 3750 non
1314 3682 1388 3749 in
1454 3681 1703 3750 timore
1755 3680 2047 3749 Domini
2110 3680 2409 3748 tenueris
2481 3688 2549 3747 te
2585 3678 2687 3747 in·

1116 3796 1405 3872 stanter,
1428 3788 1566 3857 cito
1592 3785 2029 3857 subvertetur
2062 3785 2312 3855 domus
2339 3795 2491 3855 tua.

1214 4110 1249 4152 e
1281 4086 1593 4178 Amputa
1623 4082 2099 4177 opprobrium.
2145 4109 2181 4148 ιο
2207 4081 2336 4152 Ilic
2374 4082 2678 4165 tertium,

1120 4197 1193 4266 in
1232 4219 1370 4290 quo
1400 4198 1569 4288 petit
1596 4196 1890 4289 gratiam
1929 4191 2390 4264 retrahentem
2420 4217 2461 4264 a
2496 4194 2683 4265 malo

1119 4307 1529 4400 suspicionis
1563 4329 1580 4375 ε
1623 4304 2056 4398 proficientes
2119 4305 2307 4373 enim
2343 4305 2684 4398 suspicio-

1119 4442 1240 4488 nes
1277 4441 1317 4488 a
1345 4417 1664 4488 cordibus
1703 4417 1848 4486 suis
1892 4413 2186 4485 avellere
2225 4414 2374 4486 sine
2429 4439 2684 4510 magna

1115 4529 1242 4598 Dei
1272 4532 1496 4623 gratia
1526 4551 1670 4598 non
1715 4536 2004 4621 possunt
2037 4536 2155 4597 :et
2202 4526 2529 4597 dicuntur
2571 4526 2685 4598 hic

1118 4638 1271 4708 tria.
1315 4636 1579 4713 Primo,
1612 4637 1783 4727 petit
1809 4636 2151 4727 amputari
2180 4657 2222 4704 a
2262 4658 2335 4705 se
2363 4634 2534 4705 [alsa
2560 4635 2686 4726 ju-

1117 4745 1294 4815 dicia
1320 4752 1391 4815 et
1418 4742 1871 4836 suspiciones.
1932 4741 2279 4824 Secundo,
2322 4766 2684 4814 commen-

1118 4853 1234 4923 dat
1285 4852 1550 4934 divina,
1601 4875 1755 4944 quae
1803 4853 2091 4921 omnino
2142 4860 2304 4921 sunt
2363 4853 2684 4923 infallibi-

1118 4962 1235 5049 lia,
1260 4960 1383 5042 ibi,
1422 4988 1460 5026 σε
1486 4961 1671 5047 Quia
1686 4959 1973 5050 judicia
1996 4970 2147 5031 tua.
2186 4988 2220 5025 ιο
2250 4960 2506 5045 Tertio,
2528 4986 2681 5054 per-

1119 5068 1359 5139 suadet
1389 5075 1463 5136 ut
1493 5066 1623 5136 sibi
1679 5065 1879 5136 detur
1921 5065 2243 5149 charitas,
2304 5091 2459 5161 quae
2515 5092 2683 5140 eva-

1119 5185 1273 5248 cuet
1313 5175 1604 5247 omnino
1656 5172 1845 5254 talia,
1901 5172 2022 5258 ibi,
2080 5182 2146 5254 ᾖ.
2216 5176 2358 5247 ⁴0:
2441 5201 2476 5243 ι
2507 5179 2684 5248 Eece

1119 5286 1501 5381 concupivi.
1547 5309 1582 5353 »

1207 5393 1325 5462 Ait
1353 5415 1522 5485 ergo
1563 5414 1580 5461 ε
1622 5390 1740 5460 Sic
1762 5387 2002 5459 oculos
2020 5397 2255 5461 averte
2276 5413 2318 5460 a
2343 5393 2569 5477 vanis,
2611 5402 2681 5465 et

1119 5510 1426 5572 statuens
1455 5497 1628 5568 mihi
1664 5497 1967 5591 eloquia,
2008 5521 2211 5568 serva
2250 5523 2362 5570 me
2399 5500 2486 5570 ab
2532 5501 2681 5572 ela-

1118 5612 1307 5683 tione
1348 5630 1367 5678 :
1411 5615 1480 5678 et
1500 5609 1709 5677 etiam
1743 5634 1781 5672 «
1812 5617 2131 5701 amputa,
2175 5631 2210 5675 »
2242 5607 2414 5678 falce
2441 5611 2677 5702 gratim

1118 5731 1283 5806 tuae,
1320 5748 1356 5785 α
1397 5718 1590 5814 quod
1610 5720 2006 5813 suspicatus
2039 5741 2223 5801 sum,
2256 5745 2290 5783 n
2328 5718 2398 5788 id
2430 5728 2560 5806 est,
2590 5720 2677 5791 da

4223 368 4348 437 261

2804 545 3092 633 gratiam
3157 553 3232 611 ut
3278 545 3424 631 jam
3509 568 3648 612 non
3706 546 3836 612 sim
3905 541 4345 631 suspiciosuS‚

2820 678 2849 715 α
2886 651 3325 742 opprobrium
3365 652 3616 719 scilicet
3655 675 3904 720 meum.
3941 647 4206 728 »Quasi
4243 646 4352 712 di-

2806 767 3025 827 ceret:
3062 758 3214 848 Ipsa
3251 760 3543 848 suspicio
3576 760 3960 828 nasciturin
3981 780 4116 835 me,
4159 779 4244 823 ex
4266 776 4345 823 eo

2806 866 2989 958 quod
3009 867 3196 935 estin
3219 890 3325 935 me
3347 868 3784 957 opprobrium
3803 875 3872 935 et
3899 867 4156 934 malum
4185 887 4199 931 :
4224 863 4348 930 ho·
4375 895 4597 951 Suspicio
4629 895 4695 940 vt-

2805 996 2921 1042 mo
2953 976 3134 1042 enim
3164 975 3421 1042 malum
3455 975 3636 1066 quod
3663 973 3872 1044 habet
3914 975 3986 1042 in
4014 995 4112 1051 se,
4145 972 4345 1060 citius

2804 1081 2876 1148 in
2906 1080 3039 1149 alio
3078 1082 3475 1172 suspicatur.
3501 1081 3745 1172 Supra,
3780 1081 3852 1149 in
3881 1079 4064 1150 Psal.
4113 1101 4342 1156 cxvnt,

2806 1192 2889 1256 22
2926 1213 2942 1257 :
2983 1192 3203 1280 Auser
3257 1216 3299 1259 a
3329 1214 3434 1259 me
3462 1191 3906 1283 opprobrium
3946 1198 4010 1258 et
4045 1198 4350 1257 contem-

2793 1307 3022 1388 ptum.
3064 1296 3298 1377 Josue,
3331 1321 3402 1383 v,
3443 1300 3482 1365 9
3518 1320 3532 1367 :
3567 1299 3789 1367 Hodie
3818 1296 4081 1366 abstuli
4108 1317 4352 1387 oppro-

2808 1403 3033 1471 brium
3097 1405 3398 1495 AEqypti
3467 1430 3510 1473 a
3555 1404 3742 1473 vobis
3777 1428 3799 1472 .·
3859 1403 4344 1495 suspicionem,

2805 1535 2958 1603 quae
2988 1511 3244 1581 malum
3283 1520 3383 1582 est
3418 1513 3613 1582 valde
3643 1513 4027 1593 adhaerens,
4063 1503 4131 1581 e‘t
4159 1509 4346 1578 mul-

2803 1628 2909 1688 tos
2947 1620 3188 1711 perdit,
3255 1621 3526 1711 quando
3585 1621 4021 1689 diffinitivum
4087 1619 4343 1688 faciunt

2802 1727 2885 1796 de
2924 1726 3070 1795 aliis
3090 1727 3448 1817 judicium.
3496 1728 3700 1797 Eccli.
3746 1753 3844 1811 ιιι,
3905 1729 3991 1796 26
4026 1749 4042 1796 :
4076 1725 4344 1795 Multos

2798 1835 3276 1926 supplantavit
3313 1838 3608 1930 suspicio
3641 1837 3956 1915 illorum,
3998 1844 4063 1903 et
4102 1835 4176 1902 in
4230 1856 4346 1901 va-

2798 1942 3014 2010 nitate
3059 1941 3354 2010 detinuit
3415 1966 3647 2011 sensus
3705 1943 4021 2011 illorum.
4053 1939 4346 2030 Propter

2799 2047 2931 2119 hoc
2958 2057 3190 2119 monet
3227 2051 3587 2131 DominuS,
3629 2050 3873 2121 Matth.
3906 2075 4028 2130 vu,
4066 2051 4096 2117 1
4143 2070 4163 2119 :
4206 2051 4346 2119 No-

2802 2159 2923 2226 lite
2948 2159 3300 2248 judicare,
3336 2171 3412 2228 ut
3451 2183 3583 2229 non
3603 2160 4051 2249 judicemini.
4077 2153 4338 2227 Cantic.

2798 2290 2870 2347 ιι,
2917 2268 3033 2335 12;
3073 2268 3357 2359 Tempus
3396 2269 3808 2360 putationis,
3825 2267 4338 2359 suspicionum,

2798 2375 3096 2445 advenit.

2890 2512 2925 2549 «
2958 2485 3139 2570 Quia
3165 2483 3447 2573 judicia
3486 2496 3632 2554 tua.
3678 2510 3710 2551 n
3771 2485 3904 2555 Hic
3932 2484 4336 2555 secundum.

2797 2590 3008 2672 Quasi
3045 2592 3295 2661 diceret
3342 2612 3361 2662 ε
3427 2592 3541 2662 Sic
3594 2593 3784 2662 auter
3838 2595 4260 2687 suspiciones
4302 2616 4343 2661 a

2797 2722 2932 2779 me,
2959 2724 2993 2765 ι
3025 2700 3190 2791 quia
3206 2699 3489 2789 judicia
3518 2709 3665 2782 tua,
3703 2728 3736 2763 »ι
3773 2724 3928 2792 quae
3969 2710 4151 2772 certa
4184 2708 4343 2771 sunt

2796 2814 2864 2877 et
2892 2830 3077 2891 vera,
3114 2831 3149 2873 ι
3178 2806 3503 2895 jucunda
3536 2833 3570 2873 s
3612 2815 3771 2876 sunt
3810 2817 3878 2878 et
3916 2808 4343 2879 delectabilia

2794 2914 3211 2983 amatoribus
3261 2915 3588 2995 veritatiS,
3638 2913 3757 2984 sed
3803 2938 3960 2985 mea
4023 2939 4226 2996 vana,
4275 2925 4343 2986 et

2794 3021 3123 3092 fallibilia.
3167 3021 3244 3091 In
3273 3021 3453 3090 Psal.
3488 3046 3677 3103 xvm,
3717 3025 3798 3092 10
3837 3033 3905 3094 et
3950 3026 4336 3118 11,supra:

2789 3131 3070 3201 Iudicia
3123 3131 3408 3201 Domini
3460 3153 3643 3217 vera,
3665 3130 4066 3224 justificata
4122 3135 4195 3203 in
4229 3156 4341 3203 se-

2793 3243 3083 3344 metipsa
3104 3264 3129 3310 .·
3150 3239 3636 3311 desiderabilia
3653 3265 3862 3334 super
3889 3265 4168 3332 aurum,
4205 3251 4332 3312 etc.

2884 3580 2917 3618 ι
2952 3554 3123 3622 Ecce
3138 3552 3562 3644 concupivi.»
3597 3549 3725 3621 llic
3755 3551 4059 3636 tertium,
4091 3552 4160 3622 in
4191 3574 4329 3645 quo

2788 3662 3222 3754 subjungitur
3278 3663 3628 3754 persuasio
3691 3661 3777 3731 ad
3823 3663 4328 3756 impetrandum

2785 3771 3105 3864 gratiam,
3147 3794 3285 3864 qua
3312 3770 3607 3863 suspicio
3632 3769 3982 3840 auferatur
4022 3792 4039 3839 ε
4074 3780 4141 3841 et
4170 3780 4335 3843 tan-

2786 3889 3040 3972 guntur
3080 3878 3242 3949 duo.
3303 3878 3568 3963 Primo,
3621 3878 3797 3948 ratio
3845 3901 4058 3971 quare
4087 3878 4337 3954 debeat

2785 3988 3209 4080 acquiescere
3228 3985 3462 4077 judex.
3490 3983 3834 4074 Secundo,
3855 3988 4199 4079 petitionis
4224 3989 4343 4059 de-

2783 4093 3199 4174 terminatio,
3240 4091 3361 4173 ibi,
3397 4118 3432 4160 ι
3477 4092 3758 4183 Vivifiea
3795 4114 3927 4163 me.
3966 4118 4001 4162 »

2874 4200 3053 4271 Dicit
3088 4223 3252 4293 ergo
3296 4222 3312 4269 ε
3359 4198 3474 4269 Sic
3503 4222 3672 4294 rogo
3702 4222 3743 4270 a
3779 4224 3892 4271 me
3922 4201 4187 4271 auferas
4215 4201 4338 4273 fal·

2782 4334 2860 4381 sa
2890 4311 3174 4402 judicia,
3241 4333 3394 4403 quae
3421 4332 3560 4380 non
3607 4319 3768 4380 sunt
3829 4311 4006 4381 siout
4056 4318 4225 4383 tua:
4267 4322 4335 4384 et

2787 4449 2822 4491 ι
2863 4445 3026 4502 eece,
3065 4451 3100 4486 ι»
3137 4421 3458 4505 Domine,
3507 4450 3543 4487 α
3597 4422 3956 4514 concupivi
3997 4423 4333 4495 mandata

2784 4540 2932 4615 tua,
2976 4555 3012 4594 ιο
3045 4527 3129 4598 de
3158 4527 3483 4598 charitate
3518 4526 3605 4597 ad
3631 4527 3833 4597 istam
3870 4530 4331 4621 suspicionem

2783 4634 3302 4729 opprobriosam
3350 4633 3881 4726 amputandam:
3930 4657 4094 4706 vera
4144 4638 4330 4707 enim

2782 4747 3077 4819 charitas
3114 4747 3363 4818 sentire
3389 4746 3549 4817 facit
3577 4745 3839 4817 bonum
3868 4746 3951 4819 de
3979 4747 4154 4828 aliis,
4183 4772 4327 4820 non

2781 4860 3066 4930 malum.
3111 4858 3140 4928 1
3196 4857 3282 4928 ad
3336 4856 3642 4930 Corinth.
3690 4881 3840 4941 xm,
3891 4859 3936 4928 4
3990 4868 4059 4931 et
4113 4882 4261 4953 seq.
4306 4883 4326 4934 ε

2786 4968 3104 5040 Charitas
3130 4989 3266 5036 non
3290 4966 3688 5054 aemulatur,
3728 4990 3868 5037 non
3896 4969 4048 5060 aqi!
4083 4992 4336 5063 perpe-

2778 5100 2956 5159 ram,
2996 5098 3134 5146 non
3173 5075 3467 5166 inflatur
3494 5100 3518 5144 .·
3559 5099 3697 5146 non
3722 5085 3823 5145 est
3839 5074 4327 5167 ambitiosam,

2778 5209 2914 5257 non
2940 5183 3202 5279 qaudet
3222 5206 3430 5278 super
3453 5185 3843 5277 iniquitate,
3866 5192 4046 5256 certe
4065 5209 4194 5258 nec
4210 5210 4336 5258 su-

2778 5294 3093 5387 spiciosa.
3127 5291 3215 5361 Et
3247 5290 3410 5362 dicit
3445 5292 3804 5376 mandata,
3833 5295 3997 5386 quia
4040 5298 4167 5367 etsi
4194 5320 4334 5367 una

2779 5402 2868 5471 sit
2894 5399 3208 5480 charitas,
3239 5398 3376 5468 duo
3405 5408 3634 5469 tamen
3679 5401 4027 5474 mandata.
4084 5403 4330 5480 Matth.

2780 5530 2946 5588 xxn,
2989 5507 3077 5575 ⁴0
3117 5528 3134 5574 :
3175 5507 3260 5574 In
3320 5506 3429 5574 liis
3455 5505 3723 5601 duobus
3769 5510 4123 5582 mandatis
4169 5516 4336 5583 uni-

2778 5637 2971 5685 versa
3012 5611 3126 5682 lex
3147 5611 3430 5706 pendet,
3469 5621 3534 5680 et
3557 5614 3944 5707 Prophetae.

2870 5720 2956 5791 Et
2983 5727 3259 5814 propter
3293 5717 3428 5788 hoc
3465 5720 3625 5813 quia
3678 5726 4115 5819 concupisco,
4159 5755 4194 5796 ι
4228 5732 4332 5800 ei-

4451 951 4615 1002 tanda,

4455 3588 4588 3656 ‹u›
