5008 6329
625 382 750 452 350

623 564 687 622 et
742 557 812 622 in
851 556 1018 631 Deo,
1081 561 1145 620 et
1213 551 1450 621 oculos
1526 552 1789 621 extollit
1843 554 1926 621 ad
1985 554 2166 621 illos.

277 683 595 732 condatem-
620 663 866 739 Tertio,
926 669 1250 751 concepta
1307 684 1425 750 spe
1483 661 1740 743 salutis,
1784 671 1870 754 ‘et
1921 685 2170 752 perve-

276 740 596 795 phetaexspe
675 770 689 783 .
834 768 846 781 .
1043 769 1056 782 .
1785 769 1797 781 .
1855 770 1868 783 .

304 792 364 837 ιιι
404 803 569 850 auper-
625 767 850 834 niendi
881 766 964 834 ad
990 776 1230 846 vitam,
1276 767 1566 846 laetatur,
1602 776 1669 835 et
1707 775 1903 856 erigit
1938 767 2168 833 oculos

276 846 596 958 5332?
625 873 707 942 ad
735 883 984 940 aeterna
1030 874 1232 941 bona.
1279 874 1365 941 Et
1413 874 1495 940 de
1539 871 1755 962 gradu
1800 871 1931 938 hoc
1971 873 2166 938 tertio

348 952 520 1000 ΝΜ·
625 982 846 1072 agitur
873 983 943 1049 in
980 982 1111 1050 hoc
1156 981 1464 1059 Psalm0‚
1511 1002 1634 1047 nec
1674 987 1974 1046 mutatur
2012 980 2169 1046 titu-

620 1089 748 1169 luS,
792 1091 1012 1160 necin
1049 1087 1300 1170 verhiS,
1336 1087 1560 1154 necin
1599 1086 1966 1153 verborum
1996 1086 2166 1153 sub-

618 1201 885 1277 stantia,
946 1198 1075 1265 nisi
1142 1195 1325 1286 quod
1387 1196 1608 1286 magis
1664 1194 1775 1263 hic
1838 1197 2163 1286 competit

617 1305 794 1397 quod
834 1304 1076 1372 dicitur
1115 1329 1151 1366 «
1204 1303 1594 1381 Canticum,
1648 1329 1680 1364 »
1735 1303 1894 1393 quia
1933 1311 2161 1391 aperte

614 1418 833 1507 agitur
868 1414 950 1481 de
978 1412 1209 1481 laetitia
1241 1412 1600 1502 spirituali.

699 1627 1039 1697 Dividitur
1066 1634 1295 1694 autem
1336 1625 1656 1693 Psalmus
1685 1627 1755 1692 in
1797 1625 1962 1692 duas
2001 1648 2161 1715 par-

611 1745 736 1805 tes.
807 1736 1061 1812 Prim0,
1123 1733 1422 1801 affirmat
1478 1756 1552 1800 se
1606 1733 1821 1800 laetari
1888 1732 1969 1799 de
2040 1755 2156 1822 spe

606 1842 1038 1935 perveniendi
1132 1840 1219 1909 ad
1306 1840 1649 1909 ooelestem
1749 1839 2150 1908 Jerusalem.

610 1950 945 2027 Secundo,
990 1971 1322 2017 converso
1356 1970 1670 2017 sermone
1711 1947 1795 2016 ad
1837 1949 2155 2042 majores,

609 2065 798 2149 optat
826 2056 1087 2126 civibus
1125 2059 1314 2147 pacis
1356 2056 1873 2135 abundantiam,
1915 2063 1983 2123 ct
2027 2055 2157 2124 hoc

612 2188 694 2233 ex
723 2164 1076 2243 charitate,
1109 2162 1230 2240 ibi,
1264 2170 1332 2239 5⁹.
1366 2164 1407 2231 6
1453 2184 1469 2233 :
1506 2189 1543 2227 α
1574 2164 1839 2253 Roqale
1875 2184 2026 2254 quae
2064 2162 2162 2229 ad

600 2293 860 2365 pacem.
900 2299 932 2333 ιι

695 2381 773 2450 ln
810 2384 1027 2473 prima
1077 2382 1231 2449 tria.
1288 2381 1550 2459 Primo,
1594 2379 1886 2448 affirmat
1931 2379 2155 2447 cordis

604 2490 859 2582 proprii
901 2489 1231 2556 laetitiam.
1271 2486 1620 2566 Secundo,
1655 2488 1874 2579 tangit
1901 2487 2151 2555 laetitioe

607 2599 961 2678 rationem,
1007 2595 1123 2675 ibi,
1170 2621 1206 2661 α
1269 2597 1352 2664 Iu
1403 2596 1512 2664 Itis
1566 2619 1720 2688 quae
1755 2596 1939 2665 dicta
1993 2607 2154 2663 sunt

605 2710 797 2779 milei.
841 2737 873 2771 »
907 2709 1131 2777 Tertio
1174 2709 1458 2776 rationis
1496 2708 1996 2787 certitudinem,
2031 2707 2148 2787 ibi,

604 2823 668 2892 5.
710 2815 751 2881 4
785 2835 799 2880 :
839 2841 873 2876 «
913 2813 1096 2881 Illuc
1122 2813 1305 2879 enim
1336 2811 1809 2880 ascenderunt.
1857 2837 1890 2877 ιι

406 3163 445 3225 ι
694 3145 872 3215 Dicit
909 3168 1072 3238 ergo
1107 3164 1124 3214 τ
1162 3143 1279 3213 Sic
1301 3143 1526 3213 levavi
1565 3141 1802 3214 oculos
1839 3143 1924 3212 ad
1952 3167 2148 3211 mon·

259 3262 579 3363 ''diffindi''
607 3262 731 3334 teS,
762 3263 830 3323 et
867 3254 1195 3323 auxilium
1235 3275 1469 3323 meum
1503 3254 1571 3322 in
1597 3252 1897 3322 Domino
1928 3261 2148 3320 totum

509 3351 523 3365 ⁹
606 3364 798 3454 posui
834 3384 851 3432 t
894 3370 960 3432 et
995 3372 1157 3431 tunc
1204 3390 1238 3425 α
1289 3360 1565 3431 letatus
1607 3385 1789 3446 sum,
1833 3389 1869 3425 n
1919 3361 2143 3429 corde.

606 3471 630 3538 l
673 3470 838 3563 Reg.
901 3494 969 3548 ιι,
1021 3473 1048 3538 1
1091 3493 1106 3538 ε
1158 3470 1571 3538 Exsullavit
1625 3493 1740 3538 cor
1793 3491 2018 3538 meum
2078 3472 2147 3537 in

607 3579 921 3647 Domino.
975 3577 1136 3669 Spei
1182 3577 1369 3646 enim
1409 3585 1513 3646 est
1569 3576 1895 3669 gaudium
1935 3600 2151 3669 gone-

605 3712 747 3757 rare
780 3689 848 3756 in
893 3687 1118 3768 corde,
1172 3694 1242 3756 et
1291 3687 1628 3756 laetitiam.
1687 3687 1792 3755 Ad
1852 3687 2144 3756 Roman.

600 3819 720 3880 xii,
758 3798 836 3865 12
880 3817 897 3863 τ
938 3796 1074 3887 Spe
1106 3795 1510 3887 gaudentes.

690 4033 724 4074 α
774 4008 855 4075 In
902 4007 1008 4075 his
1046 4028 1198 4099 φαι-
1246 4005 1436 4074 dicta
1482 4015 1649 4074 sim!
1684 4004 1879 4073 mihi.
1926 4030 1959 4070 ιο
2024 4003 2147 4074 nic

599 4114 992 4192 secundum.
1057 4114 1128 4181 in
1204 4135 1345 4206 quo
1410 4111 1849 4205 subjungitur
1902 4111 2145 4181 laetitioe

600 4222 768 4291 ratio
807 4220 1077 4313 duplex.
1122 4218 1528 4312 Magnitudo
1567 4218 1955 4288 auditorum
2003 4219 2147 4311 pri-

597 4350 770 4398 mo:
813 4336 880 4397 et
944 4327 1272 4407 efficacia,
1333 4327 1478 4396 sive
1543 4327 1762 4396 virtus
1817 4325 2138 4403 secundo,

595 4436 714 4518 ibi,
753 4444 820 4514 ὴ.
854 4438 894 4504 2
938 4457 955 4503 z
1001 4459 1034 4500 ι
1065 4434 1347 4503 Stantes
1383 4442 1606 4504 erant.
1651 4459 1686 4498 ιι

682 4543 767 4612 Et
795 4544 865 4612 in
894 4542 1114 4635 prima
1160 4540 1326 4611 duo.
1366 4540 1632 4621 Primo,
1672 4542 1973 4633 assignat
2018 4562 2142 4632 pro

593 4651 855 4720 ratione
872 4647 1173 4742 generali
1201 4670 1456 4741 eaquae
1484 4647 1769 4717 audivit.
1798 4645 2137 4724 Secundo,

590 4759 929 4851 specificat
982 4779 1160 4849 quae,
1227 4755 1341 4825 vel
1407 4756 1568 4848 quid
1635 4753 1948 4832 audierit.
2019 4751 2139 4832 ibi,

594 4892 628 4936 s
670 4867 753 4937 ln
789 4865 1097 4936 domum.
1134 4893 1168 4929 n

590 5116 772 5174 serait
798 5114 960 5173 alors
993 5112 1451 5186 contemporain
1481 5111 1589 5169 des
1617 5117 1821 5169 autres
1863 5128 2140 5187 psaumes

588 5205 885 5281 graduels,
914 5220 1054 5262 sans
1092 5203 1273 5279 qu'on
1305 5203 1508 5278 puisse
1542 5219 1615 5260 en
1663 5201 2027 5260 determiner
2054 5202 2139 5259 ri·

588 5300 1046 5372 goureusement
1067 5295 1125 5353 la
1162 5294 1324 5352 date.

659 5386 733 5442 Le
749 5383 1002 5459 pelerin,
1023 5384 1215 5442 arrivs
1236 5400 1354 5442 aux
1370 5389 1573 5459 portes
1589 5383 1663 5441 de
1685 5383 1746 5441 la
1768 5383 1905 5441 ville
1921 5384 2137 5451 sainte,

587 5490 652 5532 se
696 5471 961 5548 rappelle
989 5478 1187 5531 tontes
1237 5490 1335 5530 ses
1373 5473 1619 5548 gloires,
1666 5489 1731 5530 se
1784 5472 2007 5530 felicita
2043 5469 2140 5545 d’y

586 5565 710 5620 etre
736 5560 926 5618 arrive
955 5565 1015 5617 et
1054 5560 1184 5634 prie
1221 5577 1377 5635 pour
1415 5578 1481 5619 sa
1521 5560 1873 5635 prosperite.
1901 5559 2141 5631 Jerusa-

586 5653 705 5711 lem
750 5655 843 5707 est
867 5648 1112 5724 l'image
1155 5647 1229 5706 de
1284 5649 1342 5706 la
1390 5649 1722 5707 Jerusalem
1779 5648 2135 5725 spirituelle,

586 5743 688 5818 qui
718 5747 811 5800 est
860 5738 1120 5815 l‘Eglisc,
1149 5745 1212 5797 et
1265 5739 1342 5797 de
1399 5739 1458 5796 la
1508 5739 1840 5798 Jerusalem
1891 5739 2133 5797 ce'leste.

1629 381 1711 448 D.
1762 380 1962 449 ALB.
2016 382 2234 453 MAG.
2287 381 2495 450 ORD.
2551 381 2851 449 PRAED.

2377 554 2558 622 Dicit
2589 576 2751 644 ergo
2799 576 2813 619 ε
2862 551 2981 621 Sic
3017 550 3156 619 dixi
3205 574 3315 619 me
3353 550 3659 618 laetatum
3705 574 3720 618 :
3769 560 3838 619 et

2278 684 2430 729 ecce
2489 663 2560 728 in
2615 685 2753 752 quo
2814 683 2828 728 :
2890 690 2921 723 «
2968 663 3051 729 In
3087 661 3196 727 leis
3250 680 3402 749 quie
3442 659 3628 727 dicta
3673 671 3835 728 sunt

2277 768 2472 844 mihi,
2514 793 2546 832 ιι
2590 790 2629 835 a
2680 766 3067 858 Prophetis,
3111 777 3178 835 et
3226 767 3638 835 Doctoribus
3677 790 3833 834 om-

2273 875 2501 953 nibuS,
2555 877 2764 943 sacris
2814 876 3185 966 ApostoliS,
3238 881 3305 943 et
3342 875 3491 943 aliis
3536 879 3829 945 exterius

2271 980 2340 1047 in
2391 1004 2553 1050 aure
2622 985 2950 1073 corporis,
3013 990 3092 1050 ut
3146 984 3242 1051 sic
3294 982 3665 1051 crederem.
3724 984 3832 1051 Ad

2272 1087 2566 1157 Roman.
2601 1113 2669 1168 x,
2718 1092 2797 1158 17
2846 1114 2862 1159 z
2896 1091 3103 1158 Fides
3140 1113 3227 1157 ea:
3263 1090 3536 1158 auditu.
3583 1089 3822 1158 Matth.

2269 1217 2414 1276 xm,
2450 1198 2489 1263 9
2544 1220 2560 1263 :
2629 1198 2766 1281 Qui
2815 1197 3019 1265 habet
3058 1220 3259 1265 aures
3297 1197 3654 1278 audiendi,
3709 1222 3829 1266 au-

2268 1302 2441 1371 diat.
2497 1304 2655 1372 Non
2702 1306 2888 1372 enim
2928 1328 3080 1372 sum
3139 1304 3222 1373 de
3260 1304 3419 1382 illis,
3456 1305 3540 1372 de
3580 1306 3826 1396 quibus

2267 1414 2712 1502 conqueritur
2741 1413 2977 1492 IsaiaS,
3014 1413 3146 1482 lsa.
3182 1438 3320 1492 mn,
3367 1416 3398 1481 1
3448 1437 3463 1482 ε
3506 1417 3822 1501 Domine,

2263 1522 2419 1610 quis
2477 1521 2773 1588 credidit
2828 1522 3114 1590 auditui
3187 1531 3416 1589 nostro
3449 1521 3491 1589 ?
3545 1531 3608 1590 et
3669 1522 3827 1591 bra-

2265 1627 2494 1693 chium
2526 1629 2817 1694 Domini
2843 1630 2957 1695 cui
2992 1627 3370 1696 revelatum
3415 1640 3515 1696 est
3540 1628 3581 1696 P

2356 1759 2392 1799 α
2428 1735 2509 1800 In
2541 1734 2828 1802 domum
2859 1737 3172 1805 Domini.
3203 1765 3236 1798 ιο
3277 1736 3446 1805 Ecce
3486 1738 3828 1826 specificat

2265 1840 2427 1931 quid
2480 1841 2797 1920 audierit,
2860 1844 3022 1933 quia
3087 1841 3243 1925 hoc,
3316 1870 3348 1907 «
3412 1845 3485 1911 in
3542 1843 3826 1912 domum

2263 1949 2577 2027 Domini,
2663 1974 2697 2012 »ι
2794 1949 3028 2028 latam,
3099 1959 3166 2017 et
3231 1951 3822 2040 spatiosissimam,

2263 2054 2558 2133 Baruch,
2596 2078 2692 2135 ιιι,
2728 2058 2814 2124 24
2848 2080 2864 2125 ε
2905 2059 2965 2127 0
3002 2059 3246 2136 Israel,
3307 2081 3521 2150 quam
3568 2082 3826 2151 maqna

2260 2174 2357 2230 est
2396 2164 2643 2231 (lomus
2674 2166 2828 2243 Dei,
2862 2175 2925 2232 el
2956 2167 3195 2257 inqens
3234 2167 3422 2235 Iocus
3453 2170 3825 2258 possessio-

2260 2275 2368 2340 nis
2432 2273 2619 2363 ejus.
2691 2274 3018 2343 Securam
3085 2283 3154 2344 et
3243 2276 3622 2366 pacificam,
3686 2278 3816 2346 lsa.

2259 2404 2470 2459 xxxv,
2504 2385 2546 2449 9
2593 2405 2608 2448 :
2642 2385 2798 2452 Non
2828 2385 2957 2451 erit
2987 2383 3087 2451 ibi
3118 2385 3247 2464 le0,
3280 2394 3344 2453 et
3373 2384 3568 2452 mala
3608 2385 3820 2455 bestia

2256 2512 2391 2556 mm
2432 2490 2747 2557 ascendet
2771 2514 2907 2582 per
2924 2515 3103 2571 eam,
3138 2516 3259 2561 nec
3279 2495 3663 2562 invenietur
3694 2495 3816 2565 ibi.

2260 2594 2391 2662 lsa.
2435 2619 2651 2677 xxxn,
2701 2600 2780 2664 18
2817 2618 2833 2666 ε
2877 2598 3156 2668 Sedebit
3177 2600 3488 2691 populus
3516 2625 3706 2670 meus
3747 2606 3816 2672 in

2250 2703 2778 2792 pulchritudine
2804 2708 3028 2796 pacis.
3072 2705 3511 2797 Opulentam,
3558 2717 3625 2778 et
3662 2733 3819 2778 om-

2257 2812 2327 2877 ni
2390 2812 2574 2881 bono
2633 2814 2948 2883 refertam
3019 2838 3035 2884 ε
3096 2816 3305 2896 unde,
3381 2817 3659 2898 ibidem,
3749 2822 3817 2888 in

2261 2918 2462 3001 isaia,
2494 2925 2805 3014 sequitur
2838 2946 2855 2992 ε
2888 2926 2970 2993 In
3015 2926 3481 2996 tabernaculis
3514 2928 3813 3018 fiduciae,

2253 3037 2319 3093 et
2360 3029 2427 3095 in
2485 3031 2720 3121 requie
2773 3030 3126 3124 opulenta.
3196 3058 3229 3099 c
3272 3033 3560 3119 Ibimus,
3611 3060 3644 3101 ι
3678 3057 3819 3104 non

2248 3136 2566 3228 passibus
2613 3137 2882 3230 pedum
2927 3141 3421 3233 corporalium,
3479 3141 3597 3212 sed
3643 3142 3815 3213 ass'e-

2254 3245 2561 3313 ctionum
2650 3257 3081 3329 sanctarum,
3163 3259 3230 3318 et
3325 3250 3809 3341 spiritualium.

2257 3350 2463 3427 lnira,
2499 3353 2569 3420 in
2604 3353 2783 3423 Psal.
2814 3377 3013 3432 cxxv,
3049 3358 3090 3421 6
3128 3379 3144 3424 τ
3188 3358 3450 3425 Eunles
3488 3357 3708 3436 ibant,
3748 3369 3813 3426 el

2251 3456 2541 3546 fiebant.
2566 3457 2678 3526 Sic
2711 3459 2899 3528 ibant
2940 3460 3057 3530 illa
3089 3462 3414 3531 animalia
3444 3473 3702 3548 sancta,
3726 3463 3810 3533 de

2254 3564 2529 3655 quibus,
2560 3566 2888 3637 Ezechiel.
2927 3592 2972 3648 ι,
3015 3570 3093 3637 14
3138 3592 3154 3637 :
3188 3570 3393 3639 Ibant
3430 3583 3496 3641 e!
3536 3585 3814 3642 reverte-

2256 3671 2532 3741 bantur.
2580 3673 2694 3742 Sic
2752 3686 2988 3746 monet
3041 3676 3299 3747 Paulus
3356 3702 3495 3748 nou
3544 3689 3809 3752 tantum

2254 3779 2375 3858 ire,
2410 3780 2528 3848 sed
2577 3784 2783 3851 etiam
2822 3807 3119 3867 currere,
3162 3785 3189 3853 l
3230 3785 3314 3854 ad
3354 3786 3665 3857 Corinth.
3714 3813 3806 3869 ix,

2253 3887 2338 3953 2-ss
2373 3909 2389 3953 :
2434 3889 2555 3958 Sic
2589 3892 2866 3970 currite,
2912 3902 2990 3960 u!
3024 3895 3635 3987 comprehendatiS.

2342 4233 2380 4270 α
2417 4210 2697 4276 slantes
2723 4220 2943 4277 erant.
2981 4235 3016 4276 ιι
3060 4210 3189 4281 llic
3225 4213 3628 4300 secundum,
3673 4217 3810 4286 sci-

2247 4315 2405 4382 licet
2469 4315 2728 4385 fructus
2770 4327 2836 4385 et
2874 4318 3174 4390 efficacia
3231 4323 3650 4397 auditorum.
3718 4324 3804 4393 lli

2246 4428 2477 4489 autem
2521 4423 2806 4506 fructus,
2839 4424 2983 4495 haec
3030 4427 3356 4524 efficacia,
3400 4432 3562 4523 quia
3633 4433 3807 4503 atl'e-

2246 4537 2431 4597 ctum
2479 4529 2706 4600 elevat
2743 4532 2827 4601 ad
2858 4541 3112 4604 aeterna
3151 4536 3409 4607 intimis
3434 4538 3798 4610 derelictis.

2248 4635 2402 4703 Duo
2432 4659 2600 4729 ergo
2630 4639 2972 4710 dicuntur.
3008 4642 3271 4730 Primo,
3312 4645 3683 4716 affectuum
3719 4648 3807 4717 ad

2246 4750 2574 4813 aeternam
2623 4747 3007 4817 Jerusalem
3063 4749 3382 4823 elevatio.
3454 4753 3800 4837 Secundo,

2247 4849 2461 4939 ipsius
2515 4851 2927 4938 Jerusalem,
2978 4863 3057 4925 ut
3106 4859 3327 4952 magis
3382 4865 3807 4952 exprimatur

2244 5126 2272 5151 e«
2305 5103 2413 5171 Qui
2461 5122 2568 5179 spe
2624 5105 2885 5164 coelestis
2937 5108 3223 5170 desiderii
3288 5114 3648 5186 destinetur,
3715 5118 3807 5177 dit

2243 5192 2300 5249 S.
2363 5195 2609 5266 llilaire,
2663 5199 2749 5254 nil
2807 5199 3190 5261 obscuritatis
3247 5206 3307 5263 in
3340 5206 3573 5279 psalmo
3619 5210 3805 5269 habe·

2241 5308 2271 5337 ιι
2306 5285 2413 5343 bit.
2444 5312 2474 5340 ›-
2509 5290 2578 5345 Et
2599 5291 2656 5345 S.
2689 5290 2946 5365 Prosper
2991 5293 3196 5366 ajoute
3225 5312 3241 5352 ε
3273 5319 3304 5347 α
3336 5296 3403 5353 ln
3443 5297 3550 5356 ina
3577 5301 3804 5360 coelesti

2243 5399 2271 5424 «ι
2298 5377 2630 5435 Jerusalem
2690 5396 2824 5452 quaa
2854 5388 2948 5439 est
2975 5390 3320 5441 sanctorum
3371 5389 3645 5448 omnium
3678 5408 3804 5450 ma-

2244 5487 2269 5519 ι
2304 5472 2415 5537 ter,
2449 5470 2560 5525 mii
2601 5469 2792 5543 ipsius
2812 5488 2876 5529 se
2908 5478 3066 5530 stare
3097 5472 3399 5534 letantur.
3432 5480 3542 5547 Qui
3571 5480 3714 5539 licet
3740 5482 3803 5539 in

2244 5580 2266 5606 ι
2304 5558 2397 5615 via
2438 5560 2584 5632 sint,
2633 5566 2694 5618 et
2720 5561 2917 5620 adhuc
2975 5562 3080 5621 illo
3136 5565 3407 5635 tendant,
3457 5569 3542 5627 ita
3600 5577 3800 5630 tamen

2239 5671 2269 5700 ιι
2301 5653 2473 5723 quasi
2527 5656 2912 5727 pervenerint
2965 5655 3248 5732 gaudent,
3282 5660 3424 5735 quia
3478 5661 3555 5722 ‹le
3603 5664 3796 5738 adipi·

2238 5765 2266 5793 α
2301 5745 2542 5802 scondis
2575 5745 2725 5804 tides
2757 5747 2930 5806 tlrma
2968 5764 3090 5806 non
3121 5749 3376 5811 dubitat.
3409 5777 3435 5810 ι

3869 2093 4052 2138 Domus
4073 2096 4141 2137 De

3867 2147 4151 2246 03³¹&ss

3913 2253 4106 2299 nfecta.
