5008 6329
768 403 898 470 4⁴38

859 600 892 640 α
926 574 1296 658 Diriqatar
1331 565 1579 630 oratio.
1620 586 1651 623 n
1714 559 1841 625 Hic
1895 557 2200 636 tertium,
2243 559 2311 625 in

767 705 902 772 quo
935 682 1096 771 petit
1137 674 1320 766 quod
1368 681 1713 760 acceptam
1776 667 2021 734 habeat
2058 669 2316 734 oratio-

766 812 948 857 nem.
986 787 1068 852 Et
1105 787 1352 875 primo,
1381 781 1565 872 quod
1594 787 1898 868 acceptet
1936 779 2316 843 orationem

769 899 930 965 oris.
1004 893 1346 975 Secundo,
1418 892 1803 959 orationem
1863 887 2115 976 operis,
2195 882 2312 961 ibi,

771 1032 804 1067 α
840 1003 1184 1071 Elevatio.
1224 1028 1256 1068 ι

856 1108 1035 1177 Dicit
1065 1132 1268 1202 ergo:
1344 1107 1458 1176 Sic
1504 1104 1689 1179 audi,
1742 1103 1839 1168 sic
1905 1098 2199 1175 attende,
2255 1103 2321 1163 et

769 1217 974 1284 etiam
1024 1247 1055 1282 α
1099 1218 1320 1285 oratio
1361 1237 1511 1281 mea
1551 1212 1906 1298 diriqatur
1943 1207 2015 1272 in
2053 1227 2321 1296 eonspe-

769 1344 884 1400 cta
923 1340 1064 1409 tuo,
1094 1354 1125 1392 ιο
1150 1334 1505 1411 tamquam
1544 1317 1663 1383 tibi
1707 1316 1982 1404 placens
2019 1333 2035 1379 ε
2068 1321 2135 1378 et
2162 1310 2317 1388 hoc,

774 1468 808 1502 α
838 1440 1016 1506 sicut
1055 1437 1425 1503 incensum,
1463 1452 1496 1487 »
1549 1423 1866 1512 dirigitur
1911 1440 2208 1497 sursum,
2249 1424 2328 1482 ut

773 1543 1093 1638 procedat
1121 1540 1348 1605 sumus
1396 1532 1780 1600 devotionis
1829 1527 1910 1594 de
1959 1526 2117 1615 igne
2156 1522 2323 1590 cha-

777 1652 1015 1720 ritatis.
1061 1643 1343 1735 Apocal.
1379 1663 1522 1716 vm,
1570 1640 1659 1704 4:
1717 1631 2042 1703 Ascendit
2099 1631 2326 1697 sumus

776 1764 1158 1826 aromatum
1193 1752 1263 1817 in
1301 1753 1667 1835 conspectu
1700 1740 1982 1811 Domini
2023 1735 2066 1804 ¹.
2102 1737 2210 1814 Et,
2251 1759 2322 1818 v,

778 1870 818 1935 8
865 1889 879 1932 :
926 1862 1263 1932 Habentes
1287 1854 1572 1947 phialas
1619 1872 1893 1925 aureas,
1928 1845 2133 1914 corda
2171 1843 2329 1912 cha-

781 1973 1073 2048 ritativa,
1125 1967 1372 2058 plenas
1446 1960 2075 2032 odoramentorum,
2128 1951 2331 2020 devo-

778 2079 1006 2155 tioniS,
1075 2095 1228 2165 quse
1271 2078 1434 2137 sunt
1499 2066 1843 2133 orationes
1903 2067 2322 2127 sanctorum.

780 2187 1066 2275 Propter
1110 2180 1240 2247 hoc
1305 2176 1554 2244 dicitur
1636 2171 1719 2238 de
1783 2176 2018 2236 sancta
2072 2166 2325 2243 anima,

778 2291 1034 2360 Cantic.
1069 2309 1165 2363 ιιι,
1211 2287 1250 2351 6
1288 2305 1303 2349 :
1342 2284 1508 2367 Quae
1538 2288 1634 2347 est
1675 2278 1808 2344 ista
1850 2296 2003 2365 quae
2032 2271 2333 2340 ascendit

773 2421 900 2490 per
926 2396 1287 2466 desertum,
1331 2411 1472 2456 non
1529 2388 1599 2453 in
1629 2408 1727 2462 se,
1765 2381 1884 2451 sed
1914 2382 1985 2448 in
2014 2402 2139 2448 sua
2175 2401 2336 2447 ora-

782 2504 990 2581 tione,
1029 2501 1207 2567 sicut
1243 2493 1524 2586 virqula
1552 2492 1742 2582 sumi
1788 2512 1873 2556 ex
1909 2485 2336 2555 aromatibus

452 2622 729 2671 ontionem
782 2610 1102 2703 myrrhae,
1160 2616 1224 2675 et
1289 2599 1578 2671 thuris?
1634 2598 1720 2666 Et
1776 2604 1940 2665 nota
1996 2593 2332 2673 ordinem,

431 2681 575 2726 dohet
629 2684 754 2732 pro-

458 2731 607 2778 uder·
645 2737 753 2770 0⁸¹·-
783 2717 965 2809 quod
996 2716 1215 2806 primo
1237 2710 1485 2779 debent
1498 2730 1646 2776 esse
1677 2711 1986 2772 aromata
2018 2700 2333 2790 myrrhae,

435 2789 512 2837 nl·
557 2778 753 2828 mortifl-

528 2835 674 2882 catto.

787 2822 1328 2894 mortificationis
1356 2819 1609 2887 scilicet
1639 2814 1936 2908 propriae
1974 2812 2236 2879 carnis:
2272 2816 2340 2876 et

787 2943 1023 3027 postea
1071 2931 1317 3008 thuris,
1350 2928 1602 2996 scilicet
1657 2924 1924 2992 devotae
1984 2919 2335 2987 orationis,

789 3042 847 3111 ll
858 3045 965 3111 inc
983 3050 1085 3109 est
1111 3038 1296 3130 quod
1324 3038 1392 3103 in
1422 3033 1872 3124 dispositione
1893 3026 2335 3124 tabernaculi,

788 3149 872 3219 de
910 3148 1104 3217 altari
1143 3143 1704 3214 holocaustorum
1762 3134 2222 3231 procedebant
2258 3132 2343 3202 ad

788 3256 996 3326 altare
1028 3258 1461 3352 incensorum
1482 3250 1529 3317 ³.

880 3492 915 3534 ι
956 3465 1299 3534 Elevatio.
1337 3486 1371 3527 ι
1434 3460 1605 3528 Ecce
1670 3454 2071 3525 secundum.
2134 3452 2342 3533 Quasi

789 3575 1089 3643 diceret:
1144 3569 1257 3638 Sic
1313 3571 1399 3636 sit
1461 3566 1683 3634 oratio
1746 3573 2021 3652 accepta
2071 3562 2141 3628 in
2197 3583 2339 3639 ore,

788 3691 858 3751 et
900 3710 933 3744 α
963 3680 1249 3748 elevatio
1279 3696 1616 3744 manuum
1647 3692 1984 3750 mearum,
2030 3696 2065 3731 n
2105 3670 2193 3737 sit
2223 3667 2345 3737 tibi

794 3815 827 3855 α
858 3787 1277 3874 sacrificium
1360 3780 1842 3872 vespertinum,
1889 3806 1919 3838 ι
2009 3775 2139 3844 hoc
2216 3783 2341 3856 est,

794 3895 1054 3987 placeat
1083 3891 1228 3972 tibi,
1272 3891 1445 3956 sieut
1484 3885 1650 3953 illud
1697 3883 2131 3952 sacrificium.
2186 3882 2346 3950 Ele-

794 4002 979 4068 vatio
1012 4018 1344 4066 manuum
1375 4003 1477 4062 est
1514 3992 1696 4059 bona
1725 3989 2057 4080 operatio,
2090 3987 2340 4057 Thren.

800 4133 896 4187 ιιι,
918 4109 995 4174 41
1025 4130 1040 4175 :
1083 4109 1410 4175 Levemus
1438 4099 1647 4170 corda
1680 4109 1917 4166 nostra
1948 4118 2103 4163 ciem
2123 4098 2355 4163 mani-

800 4215 922 4283 bus
951 4212 1048 4282 ad
1073 4214 1322 4281 Deum.
1368 4207 1515 4276 lad
1559 4203 1864 4273 Timoth.
1919 4225 1991 4283 ιι,
2050 4203 2089 4270 8
2133 4226 2149 4270 τ
2198 4204 2355 4271 Volo

801 4325 980 4393 viros
1007 4341 1205 4389 orare
1243 4320 1314 4385 in
1343 4317 1534 4384 omni
1591 4313 1765 4390 Ioco,
1809 4311 2111 4380 levantes
2141 4333 2358 4402 puras

801 4452 1073 4507 manus,
1116 4425 1372 4494 scilicet
1410 4422 1496 4491 ad
1530 4422 1777 4491 Deum.
1807 4419 2003 4487 Hanc
2040 4419 2361 4488 elevatio·

804 4561 962 4608 nem
1002 4534 1149 4603 vult
1189 4533 1332 4600 Deo
1371 4552 1519 4600 esse
1561 4527 1904 4621 placitam,
1948 4527 2124 4594 sicut
2150 4526 2361 4595 sacri-

805 4646 1038 4714 ficium
1092 4638 1587 4731 vespertinum.
1641 4633 1805 4701 Erat
1861 4633 2046 4700 enim
2104 4632 2360 4701 sacrifi-

808 4755 991 4822 cium
1031 4748 1475 4826 matutinum,
1533 4754 1603 4812 et
1648 4740 2145 4831 vespertinum,
2188 4742 2363 4809 sicut

807 4860 1082 4951 legitur,
1116 4853 1333 4923 Exod.
1385 4858 1578 4929 xxix,
1624 4850 1709 4919 38
1765 4857 1833 4918 et
1871 4869 2016 4938 seq.
2055 4868 2072 4915 ι
2106 4847 2226 4915 sed
2250 4870 2367 4915 ve-

811 4969 1187 5059 spertinum
1244 4960 1401 5051 plus
1459 4957 1769 5050 placebat
1799 4958 1867 5024 in
1916 4955 2135 5046 figura
2185 4955 2365 5023 illius

812 5071 1122 5141 sacrificii
1154 5067 1361 5135 oblati
1404 5067 1474 5133 in
1508 5065 1640 5131 tine
1682 5062 1944 5139 mundi,
1978 5062 2232 5131 scilicet
2264 5062 2368 5128 Fi-

703 5265 711 5273 ,
814 5182 888 5250 lii
927 5180 1070 5254 Dei,
1115 5175 1298 5268 quod
1328 5197 1534 5264 super
1551 5173 1786 5239 omnia
1817 5171 1963 5240 Deo
1996 5170 2269 5261 placuit,
2303 5178 2370 5238 et

820 5295 1094 5378 propter
1130 5284 1563 5354 sacrificium,
1636 5287 1706 5347 et
1760 5278 2144 5359 servitium,
2187 5276 2371 5367 quod

820 5392 1102 5462 otlertur
1144 5389 1282 5456 Deo
1317 5389 1386 5456 in
1427 5385 1627 5454 Novo
1664 5383 2127 5461 Testamento,
2189 5381 2372 5474 quod

899 5640 916 5675 ¹
952 5634 1115 5709 Vulg.
1161 5632 1364 5701 habet,
1413 5630 1655 5704 Apocal.
1708 5647 1823 5699 vm,
1874 5631 1955 5687 ⁴:
2011 5630 2081 5686 Et
2135 5631 2378 5696 mendic

825 5729 1013 5797 nimus
1043 5728 1385 5782 inceiuorum
1438 5720 1508 5775 de
1562 5720 1910 5777 orationibus
1964 5726 2282 5779 ωηοεοηιηι
2307 5721 2376 5781 de

1754 388 1836 455 D.
1888 385 2089 453 ALB.
2142 384 2356 456 MAG.
2413 385 2620 453 ORD.
2673 384 2966 453 PRAED.

2427 558 2581 649 plus
2610 556 2827 647 placet
2860 556 3025 636 Deo,
3060 577 3264 646 quam
3295 552 3462 620 illud
3510 556 3694 643 quod
3733 555 3802 623 in
3843 553 3976 620 Ve-

2428 667 2552 732 teri
2583 665 3013 733 offerebatur.
3085 665 3162 731 ln
3211 685 3392 731 novo
3453 664 3637 729 enim
3686 663 3978 728 servitur

2429 796 2550 862 pro
2582 775 2852 839 aeternis
2895 796 2910 838 ε
2945 772 3125 839 unde
3155 767 3478 839 lectiones
3526 768 3704 835 Novi
3740 768 3979 835 Testa-

2430 882 2641 945 menti
2685 880 3015 948 elevando
3047 881 3500 946 terminantur
3539 878 3610 943 in
3648 875 3974 953 Ecclesia,

2429 987 2548 1054 sed
2582 987 2841 1054 Veteris
2900 987 3400 1076 deprimuntur,
3445 987 3605 1075 quia
3649 1006 3769 1074 pro
3802 992 3981 1050 tem-

2431 1094 2777 1186 poralibus
2807 1093 3212 1162 serviebant.

2527 1456 2560 1491 «
2602 1432 2814 1507 Pone,
2856 1430 3170 1496 Domine.
3210 1451 3244 1492 ι
3306 1426 3434 1494 Hic
3475 1425 3773 1494 secunda
3825 1447 3981 1515 pars

2436 1536 2719 1617 Psalmi,
2752 1536 2820 1601 in
2843 1558 2976 1625 qua
3005 1536 3346 1625 specificat
3372 1534 3535 1624 quid
3563 1542 3699 1600 tam
3732 1534 3985 1600 instan-

2434 1651 2537 1710 ter
2565 1651 2746 1732 petat
2780 1664 2795 1708 :
2839 1653 2905 1710 et
2941 1642 3259 1710 dicuntur
3297 1641 3457 1709 duo.
3494 1640 3753 1719 Primo,
3787 1642 3978 1731 petit.

2439 1749 2756 1818 Secundo
2768 1802 2783 1827 ,
2799 1749 3094 1816 ostendit
3110 1750 3400 1817 fructum
3422 1755 3980 1838 consequentem,

2434 1857 2491 1926 si
2524 1857 2810 1946 adeptus
2865 1856 3070 1925 fuerit
3130 1856 3312 1947 quod
3368 1857 3562 1945 petit,
3596 1855 3715 1939 ibi,
3751 1856 3822 1922 in
3852 1853 3985 1920 tine

2433 1967 2498 2036 ὴ.
2535 1960 2576 2026 4
2612 1981 2626 2027 :
2664 1987 2698 2023 α
2733 1961 2829 2026 Et
2858 1981 2992 2026 non
3012 1957 3552 2027 communicabo.
3591 1982 3625 2023 ι

2526 2069 2607 2138 In
2645 2069 2866 2157 prima
2895 2067 3055 2135 duo.
3102 2067 3361 2148 Primo,
3404 2069 3571 2158 petit
3597 2067 3736 2134 oris
3764 2073 3991 2133 custo-

2437 2179 2644 2247 diam.
2684 2178 3026 2257 Secundo,
3059 2178 3144 2246 ad
3184 2177 3348 2269 quid
3384 2177 3535 2245 vult
3572 2176 3871 2245 ordinari
3902 2175 3991 2243 il-

2437 2286 2573 2354 lam
2607 2285 3012 2369 custodiam,
3056 2285 3175 2366 ibi,
3215 2293 3279 2362 ᾗ.
3310 2286 3350 2352 4
3384 2308 3398 2351 :
3440 2313 3473 2347 «
3515 2285 3670 2354 Non
3699 2283 3990 2351 declinet

2439 2415 2579 2461 cor.
2637 2420 2669 2454 n
3949 2473 3957 2481 ·

2529 2498 2607 2566 In
2636 2500 2856 2590 prima
2893 2499 3055 2567 dun.
3091 2498 3350 2579 Primo,
3395 2500 3563 2590 petit
3590 2499 3728 2565 oris
3757 2506 3994 2565 custo-

2441 2608 2651 2676 diam.
2715 2608 3056 2686 Secundo,
3134 2607 3462 2676 custodiae
3535 2607 3991 2699 diligentiam,

2442 2714 2562 2793 ibi,
2600 2741 2631 2779 ι
2669 2717 2764 2782 Et
2802 2717 3054 2783 ostium
3083 2716 3640 2783 circumstantiae.
3680 2738 3714 2779 ι

2534 2822 2711 2890 Dicit
2766 2843 2979 2913 ergo:
3023 2821 3162 2901 Sic,
3233 2823 3553 2900 Domine,
3614 2824 3998 2891 orationem

2444 2929 2708 3010 audias,
2742 2930 2992 2997 auditae
3033 2930 3368 3010 intendaS,
3401 2938 3471 2999 et
3506 2929 3822 3021 placitam
3869 2927 4000 2997 ha-

2441 3035 2627 3111 beas,
2662 3045 2730 3104 et
2758 3048 3129 3127 acceptam.
3183 3036 3266 3103 Et
3294 3037 3457 3127 quid
3498 3060 3699 3128 rogas
3727 3038 3762 3104 ?
3794 3035 3990 3115 Ecce,

2443 3163 2485 3209 o
2521 3167 2554 3207 ι
2587 3144 2906 3224 Domine,
2943 3164 3123 3234 pone
3178 3145 3282 3210 ori
3314 3166 3486 3222 meo,
3525 3169 3558 3209 ι
3593 3151 3661 3212 et
3690 3140 3995 3212 interiori

2446 3247 2695 3331 cordia,
2764 3258 2833 3318 et
2901 3251 3218 3318 exteriori
3296 3251 3628 3340 corporis,
3710 3277 3745 3313 σι
3775 3258 4004 3318 custo·

2448 3353 2665 3423 diam.
2705 3380 2738 3420 1»
2772 3353 2979 3424 Eccli.
3040 3377 3207 3435 xxu,
3269 3356 3352 3423 33
3388 3377 3405 3422 :
3450 3356 3621 3441 Quis
3666 3354 3863 3423 dabit
3897 3355 4005 3423 ori

2448 3482 2594 3529 meo
2634 3463 3042 3538 custodiam,
3086 3470 3150 3530 et
3209 3484 3417 3552 super
3482 3462 3675 3531 labia
3715 3486 3866 3531 mea
3900 3463 4004 3528 si-

2445 3572 2830 3671 qnaculam
2849 3582 3105 3641 certum
3141 3569 3182 3639 ?
3210 3571 3396 3641 Bene
3425 3581 3654 3640 autem
3694 3571 4004 3640 custodia

2453 3682 2713 3774 indiget
2742 3706 2758 3748 ε
2796 3682 2954 3772 quia
2980 3679 3233 3748 Paulus
3253 3679 3351 3748 sic
3379 3688 3616 3748 monet
3644 3678 3998 3770 Ephesios,

2456 3788 2544 3858 ad
2582 3786 2830 3877 Ephes.
2852 3809 2946 3868 w,
2971 3788 3056 3853 29
3090 3807 3108 3851 ι
3156 3785 3396 3853 Omnis
3419 3807 3641 3854 sermo
3660 3785 3894 3853 malus
3920 3807 4006 3853 ex

2456 3919 2572 3965 ore
2600 3903 2816 3963 vestro
2845 3916 2979 3961 non
3021 3892 3371 3984 procedat.
3407 3891 3493 3961 Et
3518 3892 3817 3961 ‚Iacobus
3846 3891 4006 3959 dicit

2457 4006 2528 4072 in
2586 4004 2785 4094 epist.
2829 4000 3026 4069 Cath.
3079 4024 3178 4084 ιιι,
3211 4003 3300 4069 6:
3355 4003 3630 4090 Linqua
3671 4001 3851 4092 iqnis
3879 4010 4003 4084 est,

2460 4109 2874 4178 universitas
2941 4108 3353 4197 iniquitati&
3395 4110 3673 4198 Linque
3701 4109 4010 4176 constui-

2458 4227 2575 4284 tur
2604 4217 2676 4282 in
2749 4212 3070 4282 membris
3123 4215 3398 4295 nostris,
3459 4238 3612 4307 quae
3668 4215 4005 4295 maculat,

2461 4333 2595 4395 etc.

2560 4462 2590 4496 α
2622 4434 2718 4501 Et
2752 4458 2785 4498 ι
2818 4455 2995 4523 pone
3028 4461 3062 4495 κ
3095 4434 3347 4502 ostium
3374 4433 3925 4502 circumstantie.
3971 4457 4006 4499 ι

2467 4539 2543 4607 ln
2574 4538 2705 4608 hoc
2733 4547 3009 4608 notatur
3036 4538 3408 4631 diligentia.
3441 4539 3597 4607 Alia
3625 4538 3848 4608 littera
3885 4538 4014 4607 ha-

2466 4648 2603 4725 bet,
2646 4676 2679 4710 α
2704 4647 3130 4715 continentioe
3149 4646 3355 4715 labiis
3381 4648 3572 4715 meis.
3610 4671 3644 4712 ι
3677 4645 4007 4715 Proverb.

2465 4778 2536 4833 x,
2586 4755 2664 4822 19
2706 4776 2724 4822 ε
2763 4754 2903 4840 Qui
2943 4753 3342 4821 moderatur
3392 4751 3585 4821 tabia
3628 4776 3784 4834 sua,
3828 4752 4013 4845 quod

2465 4870 2744 4929 notatur
2770 4860 2840 4928 in
2870 4861 3045 4929 ostio
3077 4860 3258 4952 quod
3302 4858 3508 4928 modo
3555 4859 3914 4940 clauditur,
3947 4869 4016 4932 et

2468 4966 2675 5035 modo
2701 4969 3022 5059 aperitur,
3042 4966 3622 5059 prudentissimus
3641 4978 3761 5036 est.
3788 4965 4009 5036 Eccle.

2471 5097 2569 5153 ιιι,
2602 5075 2640 5142 ‘1
2689 5097 2704 5142 ε
2769 5076 3055 5166 Tempus
3101 5073 3393 5156 tacendi,
3460 5085 3525 5143 et
3575 5083 3842 5167 tempus
3909 5073 4018 5141 lo-

2470 5180 2749 5270 quendi.
2790 5180 2977 5248 Unde
3030 5201 3168 5247 non
3226 5179 3394 5268 petit
3429 5202 3501 5248 se
3539 5179 3684 5248 fieri
3717 5188 4012 5259 mutum,

2472 5296 2550 5357 ut
2587 5309 2964 5378 numquam
3016 5287 3359 5376 loquatur,
3391 5286 3509 5357 sed
3547 5287 3800 5355 ostium
3833 5286 4017 5380 quod

2474 5392 2841 5483 aliquando
2882 5393 3206 5482 aperitur,
3256 5400 3326 5460 et
3360 5391 3729 5484 aliquando
3767 5391 4020 5462 claudi·

2472 5653 2646 5695 manu
2672 5635 2880 5709 Annali
2899 5651 3085 5693 eoram
3104 5638 3237 5694 Deo.

2546 5725 2571 5762 ³
2595 5725 2685 5785 Gt.
2715 5724 2902 5786 tzod.
2930 5742 3090 5786 xxm
3116 5729 3180 5785 et
3201 5739 3338 5785 m.

4064 1537 4291 1584 Secund·

4011 1605 4125 1653 par·
4143 1592 4337 1638 Psalmi.
