5008 6329
671 330 798 428 230

672 527 1013 614 Secundo,
1046 532 1396 621 subjungit
1448 554 1748 609 oausam,
1795 554 2005 622 quare
2060 532 2226 601 velit

669 636 785 704 illa
830 638 960 704 sibi
1008 637 1178 720 dari,
1223 636 1342 720 ibi,
1392 662 1423 701 α
1493 641 1588 705 Et
1653 640 2122 707 considerabo,
2186 666 2219 705 »

758 745 936 811 Dicit
972 765 1135 834 ergo
1201 766 1216 810 ε
1291 743 1405 813 Sic
1443 754 1600 834 peto
1670 756 1744 813 ut
1781 748 2110 825 vivificeS,
2156 756 2223 815 et

667 850 1060 942 specificans
1087 850 1243 940 plus
1282 875 1450 944 rogo
1496 878 1510 921 ε
1558 883 1589 916 «
1634 855 1912 934 Revela,
1952 883 1983 916 »
2029 857 2223 945 igno-

666 959 956 1025 rantiam
986 966 1402 1027 contractam
1435 961 1879 1039 removendO,
1919 987 1952 1026 α
1985 961 2220 1029 oculos

664 1088 868 1144 meost,
924 1090 957 1132 ι
1000 1067 1354 1137 interiores
1393 1092 1511 1159 per
1551 1078 1899 1159 peceatum
1947 1070 2220 1158 primo-

666 1197 817 1241 rum
854 1184 1216 1265 parentum
1245 1177 1530 1254 velatOS,
1566 1175 1753 1265 quod
1790 1175 2219 1266 significaba-

664 1283 873 1350 turin
902 1283 1055 1351 velo
1085 1284 1308 1373 posito
1348 1291 1504 1350 ante
1550 1283 1885 1372 templum
1927 1284 1989 1350 ¹:
2036 1291 2104 1351 et
2142 1284 2214 1350 in

662 1390 1025 1472 velamine,
1051 1390 1235 1480 quod
1257 1400 1401 1458 erat
1423 1393 1719 1480 positum
1739 1414 1944 1481 super
1971 1391 2214 1459 faciem

661 1490 881 1581 Moysi
910 1492 954 1556 2.
989 1489 1051 1556 11
1079 1490 1166 1558 ad
1205 1489 1510 1558 Corinth.
1555 1515 1652 1571 ιιι,
1693 1494 1772 1559 15
1818 1515 1833 1558 :
1889 1494 2112 1582 Usque
2141 1494 2214 1558 in

658 1598 1067 1666 hodiernum
1121 1599 1327 1679 diem,
1388 1623 1542 1667 cam
1603 1600 1860 1690 leqitur
1912 1603 2210 1689 Moyses,

659 1705 966 1773 velamen
1017 1707 1323 1798 positum
1386 1718 1483 1774 est
1525 1729 1734 1798 super
1786 1729 1901 1774 cor
1946 1729 2208 1774 eorum.

661 1813 817 1882 Non
837 1816 985 1905 jam
1016 1824 1247 1884 tamen
1273 1815 1479 1884 velati
1527 1825 1687 1884 sunt
1736 1816 1915 1884 oculi
1965 1816 2214 1884 multo-

662 1946 838 2002 rum,
880 1922 1000 1992 sed
1029 1925 1256 2014 potius
1295 1925 1610 1992 excaecati
1645 1947 1661 1991 :
1705 1925 1865 2015 quia
1905 1924 2213 1992 Ambro-

660 2032 802 2098 sius
839 2030 1003 2100 dicit
1056 2053 1073 2099 ε
1130 2059 1163 2095 «
1234 2030 1487 2099 Gravat
1535 2032 1771 2100 oculos
1811 2031 2209 2099 diuturnum

666 2167 698 2202 «
729 2137 1066 2207 velamen.
1105 2167 1138 2202 »

749 2245 836 2313 Et
863 2245 983 2325 sic,
1010 2272 1046 2309 α
1085 2244 1523 2313 considerabo
1552 2244 1915 2313 mirabilia
1953 2244 2036 2312 de
2066 2245 2213 2335 que

662 2362 810 2432 tua,
890 2377 925 2415 ιι
984 2353 1288 2443 antiqua,
1355 2352 1766 2421 attendendo
1859 2351 2210 2443 quomodo

663 2459 1064 2528 mirabiliter
1099 2461 1169 2528 in
1214 2482 1393 2551 agno
1442 2459 1775 2529 materiali
1817 2482 2035 2551 agnus
2065 2461 2213 2550 spi·

661 2568 924 2639 ritualia
962 2568 1388 2660 figurabatur
1414 2569 1436 2605 ³
1470 2592 1486 2637 ε
1518 2578 1586 2638 et
1622 2569 1692 2635 in
1734 2567 2214 2637 manducatio-

661 2700 773 2758 ne,
823 2675 1194 2768 spiritualis
1224 2676 1497 2752 relectio
1557 2675 1881 2744 doctrinae
1909 2697 2120 2744 sacrae
2158 2677 2207 2741 ⁴.

661 2783 786 2853 Vel
824 2807 1030 2865 nova,
1075 2786 1250 2853 siout
1289 2782 1568 2875 diligere
1600 2784 1941 2864 inimiooS‚
1975 2790 2042 2851 et
2079 2782 2214 2850 illis

658 2891 1047 2960 benefacere
1074 2886 1104 2923 ⁸
1136 2914 1152 2959 ε
1185 2899 1250 2959 et
1279 2892 1511 2958 omnia
1543 2899 1822 2982 propter
1867 2887 2214 2958 Christum

659 2996 1042 3088 relinquere
1068 2989 1096 3027 ⁸
1126 3017 1143 3063 ε
1177 3019 1425 3088 corpus
1453 3005 1520 3065 et
1557 2998 1966 3087 sanguinem
2025 2994 2218 3064 Chri·

658 3104 743 3172 sti
786 3103 853 3172 in
891 3102 1087 3173 altari
1116 3125 1386 3173 sumere
1414 3101 1460 3172 ².
1499 3102 1659 3173 llaec
1697 3104 1882 3172 enim
1904 3102 1991 3171 ab
2011 3103 2214 3174 oculo

658 3213 873 3281 videri
902 3234 1043 3282 non
1080 3222 1368 3304 possunt
1405 3221 1757 3303 cooperto,
1792 3211 1912 3282 sed
1942 3220 2217 3302 oportet

656 3319 969 3389 velamen
1009 3319 1369 3388 removeri.
1411 3318 1581 3386 Tob.
1631 3341 1726 3397 xi,
1773 3318 1852 3387 14
1897 3321 2042 3387 :Et
2079 3342 2216 3388 σω-

651 3430 763 3520 pit
797 3426 1057 3519 albaqo
1084 3449 1173 3496 ea·
1198 3425 1416 3495 oculis
1443 3426 1623 3517 ejus,
1645 3425 1903 3495 scilicet
1948 3426 2211 3513 Tobiae,

657 3536 861 3627 quasi
908 3533 1311 3603 membrana
1369 3534 1507 3619 ovi,
1554 3532 1789 3624 eqredi
1843 3556 1866 3601 .·
1942 3533 2011 3602 id
2082 3541 2211 3619 est,

657 3642 925 3711 subtilis
943 3640 1259 3735 pellicula
1286 3649 1390 3710 est
1416 3648 1741 3724 extracta,
1763 3649 1832 3710 et
1858 3643 1957 3709 sic
1982 3643 2212 3710 visum

659 3750 936 3843 recepit.
997 3747 1060 3817 11
1098 3749 1185 3819 ad
1231 3747 1542 3818 Corinth.
1575 3770 1673 3827 ιιι,
1720 3750 1804 3817 ¹8
1839 3770 1856 3816 ε
1898 3749 2039 3818 Nos
2075 3770 2214 3817 aa·

660 3867 793 3926 tem
847 3856 1151 3927 revelata
1203 3857 1410 3948 facie,
1448 3856 1754 3947 gloriam
1791 3857 1929 3926 Dei
1968 3878 2215 3949 specu—

660 3965 906 4037 lantes.
943 3964 1103 4042 Job,
1157 3986 1278 4046 ιιι,
1338 3966 1424 4032 22
1475 3989 1493 4032 ε
1543 3964 1828 4033 Revela!
1847 3963 2211 4056 profunda

660 4072 746 4142 de
793 4072 1108 4142 tenebris.
1180 4070 1317 4142 Sed
1380 4070 1629 4164 quibus
1701 4074 1740 4140 ?
1802 4070 2206 4141 humilibus.

660 4181 901 4252 matth.
917 4203 1013 4261 xx,
1038 4183 1123 4250 25
1149 4179 1618 4251 :Abscondisti
1642 4180 1786 4249 haec
1811 4203 1856 4248 a
1881 4180 2211 4271 sapienti·

663 4290 787 4360 bus
800 4299 869 4358 et
873 4287 1430 4383 pmdentibus,et
1437 4287 1757 4356 revelasti
1763 4310 1844 4356 ea
1854 4287 2203 4380 parvalis.

753 4634 788 4675 ι
818 4607 1057 4679 Incola
1082 4631 1206 4702 eqo
1246 4630 1428 4680 sum.
1459 4633 1490 4672 ι
1535 4606 1663 4677 llic
1699 4609 2102 4696 secundum,
2135 4612 2205 4681 in

658 4739 797 4809 quo
824 4716 991 4809 petit
1036 4716 1563 4786 familiaritatem
1592 4723 1829 4787 contra
1858 4717 2203 4806 exsilium,

657 4833 724 4894 et
751 4824 1155 4915 ejectionem
1190 4847 1207 4893 ε
1241 4834 1309 4894 et
1334 4824 1654 4895 dicuntur
1708 4825 1872 4895 duo.
1936 4827 2201 4912 Primo,

654 4931 1001 5001 miseriam
1085 4935 1531 5026 recognoscit.
1621 4934 1967 5018 Secundo,
2034 4937 2206 5028 petit

653 5047 891 5107 eontra
946 5038 1134 5109 illam
1204 5041 1549 5110 miseriam
1633 5042 2199 5124 consolationem,

654 5144 773 5224 ibi,
807 5174 845 5210 κ
875 5148 1030 5218 Non
1058 5146 1459 5218 abscondas.
1487 5175 1518 5214 s

725 5437 743 5475 ¹
773 5432 955 5494 Exod.
984 5451 1140 5508 xxvi,
1170 5437 1233 5493 ³¹
1267 5442 1329 5496 et
1355 5453 1484 5514 seq.

718 5526 744 5563 ²
772 5523 920 5583 lbid.
948 5539 1142 5599 xxm,
1171 5527 1263 5584 3³.

711 5613 743 5652 '⁸
768 5612 920 5675 Ibid.
944 5626 1010 5672 ιι
1040 5619 1101 5674 et
1120 5630 1226 5674 xn.

685 5705 688 5716 '
723 5703 748 5742 ⁸
772 5702 923 5762 Ibid.
951 5720 1070 5776 xvi,
1102 5708 1164 5762 et
1186 5701 1472 5763 similiter
1493 5704 1556 5763 in
1581 5707 1792 5766 multis
1823 5707 1965 5768 allis
1992 5707 2165 5770 locis.

1647 361 1732 429 D.
1783 360 1984 428 ALB.
2037 361 2256 429 MAG.
2312 361 2517 430 ORD.
2577 363 2865 431 PRAED.

2419 532 2538 600 Ait
2598 532 2780 601 enim
2844 555 2859 599 :
2923 530 3037 598 Sic
3108 552 3362 598 oaecum
3409 528 3745 602 illumina,
3805 532 3871 592 et

2326 637 2532 705 etiam
2567 664 2598 702 α
2632 636 2885 720 incola,
2916 665 2946 698 »
2980 643 3340 703 extraneus
3379 632 3597 701 cultor
3632 654 3647 698 :
3689 629 3869 696 unde

2327 744 2460 813 alia
2499 745 2720 812 littera
2759 743 2985 821 habet,
3061 768 3094 807 α
3155 741 3556 832 inquilinuS,
3598 765 3629 804 n
3687 735 3869 827 quod

2325 852 2506 919 idem
2546 860 2646 920 est
2683 851 2868 943 quod
2916 851 3151 918 alienae
3182 848 3632 940 possessionis
3671 844 3871 912 inha-

2323 958 2599 1041 bitator,
2645 959 2752 1027 vel
2781 961 3202 1049 peregrinuS,
3244 956 3516 1025 aliunde
3559 953 3872 1023 adventi-

2324 1067 2458 1133 tius
2521 1091 2536 1134 ε
2607 1075 2672 1135 et
2710 1064 2841 1133 hoc
2905 1088 3144 1134 verum
3204 1072 3307 1133 est
3362 1061 3635 1131 :homo
3682 1061 3866 1127 enim

2321 1176 2583 1263 primus
2631 1175 2700 1241 in
2736 1173 3050 1263 paradiso
3092 1173 3311 1241 factus
3351 1178 3479 1254 est,
3523 1178 3593 1238 et
3634 1192 3758 1237 nos
3799 1170 3870 1234 in

2322 1280 2440 1348 illo
2469 1277 2517 1348 ⁸.
2550 1281 2725 1348 Justi
2766 1284 2969 1349 etiam
2996 1280 3262 1364 incolae,
3306 1287 3374 1347 et
3424 1276 3762 1368 inquilini,
3804 1280 3870 1341 ct

2322 1388 2659 1478 peregrini
2678 1395 2837 1455 sunt
2863 1387 2975 1455 hio
2998 1408 3307 1476 corpore,
3338 1384 3667 1453 tamenin
3695 1381 3865 1450 coelo

2319 1503 2571 1564 mente.
2638 1494 2883 1585 Supra,
2944 1498 3013 1563 in
3076 1494 3256 1563 Psal.
3334 1514 3620 1573 xxxvm,
3686 1490 3765 1558 13
3847 1511 3862 1555 :

2316 1603 2599 1671 Aduena
2626 1624 2746 1692 eqo
2783 1624 2939 1668 sum
2967 1601 3163 1692 apud
3202 1610 3288 1678 te,
3331 1610 3397 1667 et
3435 1598 3862 1691 pereqrinm,

2315 1710 2493 1777 siout
2520 1732 2746 1777 omnes
2762 1718 3001 1801 patres
3036 1710 3195 1777 mei.
3231 1706 3478 1775 GeneS.
3522 1727 3725 1783 xnvn,
3768 1705 3808 1771 9
3846 1725 3862 1773 :

2315 1818 2482 1885 Dies
2498 1818 3074 1910 pereqrinationis
3099 1838 3346 1884 meae...
3384 1815 3592 1907 parvi
3617 1823 3681 1881 et
3707 1835 3865 1881 ma·-

2321 1926 2398 1994 li.
2442 1924 2550 1992 Ad
2600 1924 2809 1994 Hebr.
2879 1947 2974 2003 xl,
3034 1924 3114 1992 13
3168 1946 3183 1991 ε
3232 1922 3641 2011 Confitentes
3698 1919 3864 2010 quia

2311 2035 2661 2127 peregrini
2702 2042 2767 2101 et
2798 2033 3093 2124 hospites
3131 2041 3296 2100 sunt
3330 2052 3537 2122 super
3583 2039 3862 2098 terram.

2316 2141 2405 2211 Et
2431 2143 2721 2233 ipsemet
2764 2140 3056 2209 ostendit
3094 2162 3167 2208 se
3214 2162 3362 2208 esse
3401 2138 3862 2229 peregrinum.

2318 2249 2424 2318 Ad
2460 2247 2712 2339 Philip.
2747 2271 2843 2326 ιιι,
2885 2249 2970 2316 20
3013 2271 3028 2316 :
3068 2249 3321 2316 Nostra
3350 2246 3764 2314 conversatio
3796 2243 3866 2309 in

2316 2358 2506 2427 coelis
2536 2366 2655 2424 est.
2689 2356 2794 2424 Ad
2824 2355 3035 2425 Hebr.
3076 2377 3221 2440 1111,
3288 2355 3370 2423 14
3409 2377 3433 2422 .·
3466 2354 3622 2423 Non
3656 2350 3870 2420 habe-

2318 2488 2473 2534 mus
2508 2465 2619 2533 hic
2654 2473 3036 2532 manentem
3077 2464 3447 2548 civitatem,
3496 2460 3619 2530 sed
3673 2462 3869 2551 sutu-

2320 2595 2474 2642 ram
2513 2574 2951 2665 inquirimus.

2413 2709 2447 2750 α
2488 2685 2642 2752 Non
2682 2682 3055 2752 abscondas
3083 2707 3126 2750 a
3165 2705 3296 2763 me,
3352 2705 3385 2747 ι
3447 2688 3797 2771 tamquam
3828 2701 3867 2745 a

2321 2791 2707 2883 peregrim,
2745 2816 2778 2856 ι
2811 2789 3143 2858 mandata
3172 2800 3322 2858 tua.
3361 2817 3395 2851 n
3422 2787 3650 2855 Minus
3679 2786 3864 2863 dicit,

2321 2906 2386 2969 et
2432 2899 2587 2991 plus
2623 2898 2980 2991 significat.
3041 2898 3190 2968 lmo
3248 2896 3476 2969 revela
3513 2895 3683 2967 mihi
3722 2895 3863 2975 illa,

2323 3017 2675 3102 tamquam
2729 3006 3071 3088 familiari,
3122 3016 3189 3078 et
3229 3008 3478 3078 amico.
3508 3006 3712 3076 Joan.
3747 3028 3863 3084 xv,

2327 3116 2406 3184 15
2433 3136 2451 3184 ε
2475 3115 2639 3184 Jam
2665 3136 2800 3183 non
2829 3112 3057 3182 dicam
3080 3135 3194 3183 vos
3219 3135 3559 3197 servos,...
3583 3133 3702 3182 uos
3728 3133 3869 3179 aa·

2323 3236 2456 3295 tem
2495 3225 2652 3294 dixi
2689 3225 2969 3304 amicos,
3010 3225 3177 3317 quia
3218 3225 3453 3292 omnia
3516 3245 3866 3316 quecum-

2322 3354 2456 3423 que
2480 3331 2726 3400 audivi
2744 3354 2788 3400 a
2827 3333 3037 3400 Patre
3068 3355 3240 3412 meo,
3282 3341 3449 3399 nota
3473 3333 3613 3421 leci
3648 3329 3859 3398 vobis.

2325 3438 2472 3508 lmo
2504 3440 2665 3531 quia
2693 3439 3051 3531 peregrino
3085 3461 3102 3507 ε
3135 3438 3487 3509 Abraham
3516 3440 3697 3508 enim
3745 3460 3871 3530 pe-

2322 3548 2633 3639 regrinus
2686 3557 2832 3616 erat
2877 3547 2946 3615 in
3002 3553 3180 3616 terra
3218 3545 3569 3617 Chanaan.
3618 3546 3862 3616 Genes.

2321 3656 2511 3732 xn.1
2562 3677 2578 3722 :
2637 3653 2982 3745 Eqredere
3032 3655 3120 3723 de
3172 3666 3357 3725 terra
3411 3666 3561 3739 tua,
3602 3662 3729 3724 etc.
3783 3653 3872 3722 Et

2321 3771 2477 3855 post
2516 3761 2770 3832 dictum
2809 3769 2909 3831 est
2946 3762 3031 3832 de
3070 3762 3213 3844 illo,
3257 3785 3449 3845 xvm,
3502 3764 3580 3832 1'1
3622 3783 3638 3829 τ
3678 3763 3867 3833 Nam

2320 3868 2543 3938 celare
2591 3879 2826 3962 potero
2889 3869 3269 3952 Abraham,
3328 3893 3482 3962 qaae
3551 3879 3868 3961 qestarus

2317 4000 2473 4047 sam
2510 3975 2551 4046 ?
2578 3976 2787 4057 Quasi
2838 3978 3088 4048 diceret
3122 4001 3138 4048 :
3183 3978 3366 4060 Non,
3411 3977 3529 4048 sed
3568 3980 3628 4046 ei
3670 3999 3866 4047 reve-

2320 4081 2501 4151 labo.
2536 4081 2788 4152 Revela
2818 4105 3008 4175 ergo,
3040 4106 3179 4152 non
3219 4090 3489 4153 tantum
3527 4106 3665 4152 non
3705 4080 3867 4151 abs-

2320 4188 2599 4272 condas,
2657 4187 2828 4258 mihi
2868 4189 3104 4260 incolae
3162 4198 3230 4260 et
3292 4191 3678 4282 peregrino.
3724 4189 3865 4258 Da·

2320 4295 2480 4365 niel.
2524 4319 2598 4381 n,
2623 4297 2709 4366 28
2752 4318 2770 4365 t
2823 4299 2952 4366 Est
2976 4299 3165 4368 Deus
3192 4298 3266 4366 in
3302 4296 3498 4378 ooelo,
3556 4296 3864 4367 revelans

2316 4406 2670 4496 mysteria,
2702 4413 2980 4498 propter
2999 4428 3071 4476 se
3097 4406 3502 4500 peregrinis.

2408 4754 2446 4790 κ
2489 4726 2890 4817 Concupivi!
2950 4727 3189 4795 anima
3248 4749 3427 4795 mea.
3473 4751 3509 4794 ι
3569 4726 3695 4796 Hic
3739 4748 3840 4796 se·

2316 4832 2616 4900 cundum
2655 4831 2859 4923 hujus
2877 4835 3109 4925 partis,
3143 4834 3214 4901 in
3255 4854 3395 4924 quo
3423 4832 3863 4925 subjungitur

2312 4940 2665 5030 persuasio
2702 4937 2788 5007 ad
2822 4937 3123 5010 dandum
3180 4939 3365 5032 quod
3393 4942 3682 5032 petitum
3725 4947 3853 5020 est,

2314 5047 2571 5116 scilicet
2597 5046 3005 5116 desiderium
3022 5048 3501 5140 perseverandi
3525 5049 3595 5117 in
3626 5069 3860 5118 amore

2316 5153 2822 5257 mandatorum.

2385 5440 2413 5479 ὓ
2439 5442 2643 5500 llatth.
2677 5460 2729 5517 V,
2758 5445 2831 5500 44
2850 5460 2878 5515 ,ς
2908 5444 3047 5502 Luc.
3074 5462 3151 5516 vn,
3183 5447 3271 5502 Π.
3300 5501 3305 5510 ,

2384 5529 2412 5567 ⁸
2434 5529 2572 5589 Luc.
2603 5547 2715 5602 xlv,
2744 5535 2853 5602 263
2892 5533 3096 5591 llatth.
3125 5549 3183 5608 x,
3206 5534 3306 5590 ³7.

2385 5622 2409 5659 ‘¹
2437 5621 2607 5683 loan.
2636 5640 2713 5697 vi,
2741 5623 2815 5680 ⁸4
2841 5626 2903 5679 et
2930 5637 3058 5698 seq.

2289 5725 2292 5730 ·
2385 5709 2410 5750 ⁸
2437 5712 2524 5772 Cf.
2554 5715 2775 5773 Genea.
2794 5715 2856 5785 n,
2879 5712 2938 5773 7.
