5008 6329
1967 366 2686 439 COMMENTAmtsss
2739 372 2828 438 tx
2884 370 3314 437 PSALMFM
3371 368 3542 437 cvl.

1141 533 1384 603 harum
1419 538 1723 615 navium,
1758 546 1918 604 sunt
1950 540 2073 629 ipsi
2109 541 2410 626 Praelati,
2447 546 2696 633 quippe

1143 645 1268 733 ipsi
1310 656 1470 713 sunt
1501 646 1893 736 piscatores,
1929 648 2170 718 Matth.
2216 676 2310 730 iv,
2352 653 2431 719 19
2481 675 2495 719 ε
2559 653 2703 718 Fa-

1140 753 1317 819 ciam
1351 753 1646 841 vosfie1·i
1678 754 2053 844 piscatores
2108 760 2496 826 hominum.
2571 757 2701 847 Ipsi

1140 860 1374 926 vident
1405 883 1614 949 opera
1654 862 1802 943 Dei,
1856 874 1923 933 et
1963 865 2305 934 mirabilia
2346 886 2502 956 quae
2549 864 2705 931 lacit

1143 969 1211 1032 in
1254 967 1532 1036 mundO.
1597 969 1802 1042 Eccli.
1859 998 2041 1054 xmo,
2095 974 2180 1039 26
2228 996 2242 1039 :
2301 973 2440 1056 Qui
2499 971 2705 1037 mevi-

1137 1086 1310 1163 ycmt
1393 1100 1605 1159 mare,
1713 1092 2031 1150 enarrent
2106 1080 2433 1173 pericula
2516 1079 2696 1167 ejus.

1144 1180 1434 1272 Propter
1472 1184 1602 1255 hoc
1634 1211 1810 1255 unus
1840 1197 2071 1264 nauta,
2122 1185 2378 1253 scilicet
2428 1185 2698 1263 PotruS,

1142 1289 1226 1354 ad
1257 1289 1471 1381 quem'
1495 1303 1706 1363 totam
1748 1295 2132 1386 pertinebat
2186 1316 2418 1385 regere
2481 1293 2707 1362 Eccle-

1142 1400 1340 1481 siam,
1366 1401 1656 1481 dicebat,
1693 1402 1718 1468 l
1756 1401 1935 1469 Petr.
1973 1425 2044 1481 ιι,
2084 1403 2157 1469 11
2206 1423 2222 1468 :
2264 1402 2700 1486 Clzarissirni,

1144 1506 1411 1576 obsecro
1466 1534 1580 1577 vos
1623 1521 1981 1600 tamquam
2041 1511 2344 1577 advenas
2399 1522 2462 1577 et
2519 1533 2707 1601 pere·

1139 1617 1377 1704 yrinos
1405 1617 1742 1685 abstinere
1768 1642 1885 1687 vos
1915 1643 1959 1686 a
1987 1617 2393 1687 carnalibus
2433 1617 2706 1685 deside-

1144 1725 1266 1788 riis
1306 1747 1328 1790 .·
1370 1733 1719 1816 tamquam
1751 1726 1838 1795 ab
1881 1728 2076 1818 aquis
2118 1725 2699 1817 profundissimis.

1143 1829 1223 1895 Et
1259 1829 1538 1911 Paulus,
1586 1833 1644 1900 ΙΙ
1685 1835 1770 1903 ad
1812 1833 2119 1902 Corinth.
2175 1857 2267 1909 xi,
2333 1835 2445 1913 26,
2520 1841 2705 1901 tanta

1143 1950 1371 2007 narrat
1412 1940 1617 2031 hujus
1648 1945 1856 2011 maris
1889 1941 2215 2034 pericula,
2261 1942 2379 2010 ubi
2422 1943 2518 2009 ait
2562 1961 2578 2010 :
2623 1941 2704 2007 In

1141 2048 1506 2117 itineribus
1524 2073 1724 2142 saepe.
1737 2051 2079 2143 periculis
2095 2052 2508 2140 fluminum.
2522 2051 2702 2142 peri·

1139 2156 1317 2221 culis
1349 2157 1723 2235 latronum,
1762 2160 2096 2250 perleulis
2143 2183 2228 2226 ea:
2274 2181 2542 2250 qenere,
2588 2181 2704 2249 pe·

1144 2263 1387 2330 riculis
1416 2289 1500 2331 ez·
1533 2264 1948 2336 GentibuS...
1992 2267 2329 2357 perieulis
2376 2267 2447 2332 ἰη
2494 2263 2705 2354 salsis

1137 2371 1502 2457 fratribus.
1541 2371 1751 2439 Navis
1782 2374 1988 2440 etiam
2045 2395 2239 2457 crux,
2303 2371 2703 2464 poenitentia

1139 2477 1417 2559 scilicet,
1454 2503 1606 2571 quae
1649 2504 1768 2571 per
1817 2504 2088 2550 crucem
2155 2480 2517 2572 designata
2570 2487 2697 2548 est.

1143 2586 1449 2677 Sapient.
1512 2611 1651 2666 xiv,
1705 2592 1799 2657 25:
1853 2591 2136 2680 Exi-quo
2189 2589 2433 2679 liqn0,'
2477 2589 2705 2679 poeni-

1144 2696 1368 2763 teutiae
1421 2697 1736 2775 moclicw,
1807 2722 1960 2789 qua»
2036 2699 2361 2765 virtutem
2415 2695 2701 2764 habeta

1143 2801 1438 2883 Christo,
1499 2806 1783 2873 credunt
1824 2805 2131 2873 homines
2196 2806 2474 2873 animas
2509 2828 2699 2888 suas,

1144 2921 1207 2977 ee
1253 2921 1679 2981 transeuntes
1731 2938 1923 2983 mare
1957 2937 2083 3005 per
2128 2924 2349 2982 ratem
2423 2912 2704 2981 liberali

1140 3030 1326 3089 sunt.
1362 3019 1495 3100 Qui
1544 3044 1710 3113 ergo
1759 3024 1829 3091 in
1881 3021 2217 3090 mundum
2264 3020 2560 3090 navibus
2600 3020 2708 3088 liis

1147 3127 1593 3209 descendunt,
1642 3130 1770 3223 ipsi
1827 3155 2103 3201 narrare
2151 3139 2446 3223 possunt
2506 3132 2708 3200 mira·

1147 3240 1306 3307 bilia
1366 3264 1516 3332 quae
1555 3242 1625 3309 in
1661 3242 1913 3334 ,seipsis
1966 3243 2226 3324 vident,
2279 3251 2346 3311 et
2402 3242 2706 3311 sentiunt

1142 3348 1493 3436 quomodo
1524 3359 1813 3426 cessant,
1848 3358 1915 3418 et
1940 3359 2232 3440 surgunt
2253 3350 2705 3440 tempestuosi

1148 3456 1395 3522 lluctus
1423 3456 1907 3523 tentationum.
1948 3455 2150 3523 Eccli.
2202 3477 2442 3540 xxxix,
2504 3458 2580 3523 21
2641 3464 2704 3524 et

1146 3565 1230 3628 22
1265 3585 1281 3628 :
1321 3562 1546 3652 Opera
1587 3563 1878 3630 Domini
1907 3562 2225 3628 anniversa
2255 3559 2436 3628 bona
2477 3562 2703 3628 ualde.

1147 3672 1223 3738 Iu
1280 3670 1479 3738 rerba
1508 3671 1666 3762 ejus
1728 3671 1919 3738 stetit
1970 3692 2158 3761 aqua
2222 3670 2408 3737 sicut
2455 3693 2706 3760 eanqe-

1146 3777 1342 3847 ἤρε’.

1236 4124 1272 4161 ι
1333 4095 1565 4179 Dis-ie,
1614 4106 1680 4165 et
1734 4099 1945 4164 stetit.
2002 4123 2037 4163 ι
2108 4096 2238 4164 llic
2290 4095 2699 4165 secundum.

1145 4204 1509 4273 l‘raemissa
1539 4205 1724 4274 enim
1754 4204 2219 4297 periculorum
2267 4203 2701 4284 certitudine,

1143 4312 1582 4404 subjungitur
1608 4312 1693 4381 de
1724 4312 2198 4404 magnitudine
2234 4336 2250 4382 ε
2284 4321 2354 4382 et
2381 4312 2705 4382 dicuntur

1142 4420 1281 4488 duo
1316 4420 1692 4490 secundum
1721 4417 1880 4490 hoc.
1914 4420 2178 4501 Primo,
2218 4419 2548 4512 pericula.
2586 4420 2707 4489 Se·

1141 4529 1394 4608 cundo,
1452 4529 1913 4621 periculorum
2001 4537 2426 4598 monstratur
2498 4528 2708 4600 vehe-

1143 4636 1426 4713 mentia,
1462 4637 1582 4721 ibi,
1632 4638 1705 4706 in
1743 4636 1972 4706 medio
2028 4645 2091 4713 5.
2153 4637 2242 4704 26
2285 4658 2302 4704 :
2355 4664 2388 4699 α
2447 4638 2706 4706 Anima

1142 4770 1404 4816 aarum.
1442 4773 1475 4814 s

1233 4854 1309 4922 ln
1341 4855 1564 4946 prima
1593 4853 1760 4933 duo.
1792 4855 2172 4924 secuudum
2221 4853 2363 4924 duo
2410 4876 2496 4924 ex
2546 4853 2707 4946 qui·-

1144 4964 1273 5032 lms
1301 4963 1565 5032 suntin
1605 4964 1778 5031 mari
1827 4963 2152 5055 pericula.
2206 4962 2474 5042 Primo,
2523 4984 2707 5032 ven-

1145 5081 1373 5140 torum
1405 5070 1700 5141 collisio.
1748 5069 2095 5151 Secundo,
2136 5071 2475 5140 lluctuum
2508 5092 2709 5140 com·-

1145 5181 1362 5249 motio
1420 5190 1487 5250 et
1550 5179 1869 5262 clevatio,
1947 5177 2068 5262 ibi,
2145 5208 2212 5252 α,
2246 5180 2345 5247 Ee
2408 5178 2711 5248 exaltati

1141 5299 1329 5358 sunl.
1379 5320 1411 5352 »ι

1233 5394 1313 5465 ln
1387 5399 1610 5489 prima
1679 5396 1985 5491 tangitur
2055 5418 2263 5475 causa
2329 5395 2709 5466 collisionis

1145 5514 1511 5575 ventorum
1543 5507 1611 5573 in
1640 5502 1774 5575 hoc
1804 5504 1991 5597 quod
2040 5503 2251 5573 dicit:
2300 5527 2336 5569 ι
2391 5504 2622 5573 Dia-ie.
2670 5530 2706 5571 s

1224 5750 1242 5784 ⁸
1267 5747 1356 5809 ct.
1379 5745 1594 5804 cena.
1615 5756 1659 5810 ι,
1688 5740 1752 5796 31
1782 5740 2116 5811 gummi,
2136 5739 2204 5795 ³7
2231 5740 2487 5808 manes.
2509 5755 2628 5814 vm,
2651 5742 2707 5801 ³.

4240 371 4354 436 121

2823 540 3165 619 Secunde,
3210 541 3472 608 collisio
3516 544 3680 631 ipsa,
3717 540 3835 624 ibi,
3882 564 3913 603 a
3964 542 4057 606 Et
4082 542 4287 605 stelit.
4328 567 4360 602 υ

2905 648 3085 715 Dicit
3124 670 3287 738 ergo
3333 672 3348 716 :
3388 647 3501 715 Sic
3536 649 3789 728 dicunt,
3836 647 4017 739 quod
4050 647 4364 713 viderunt

2816 752 3115 840 pericula
3161 775 3174 819 :
3231 775 3545 842 quaenam
3586 752 3858 820 fuerunt
3920 752 4031 818 illa
4063 753 4097 818 ⁴?
4147 777 4178 815 α
4241 751 4363 817 Di-

2814 860 2946 938 :ril‚
2986 886 3019 923 a
3083 859 3349 951 supple,
3413 861 3773 942 DominuS,
3836 862 3903 926 in
3973 858 4179 925 verbo
4238 880 4360 924 suo

2814 977 3069 1037 aeterno
3103 970 3472 1052 ordinavit,
3506 972 3696 1058 cujus
3730 970 3948 1037 dicere
3981 979 4085 1038 est
4120 968 4361 1050 facere,

2827 1103 2855 1139 «ι
2914 1086 2977 1142 et
3049 1080 3259 1155 sletil,
3334 1104 3366 1143 a
3442 1101 3573 1146 non
3654 1077 4066 1145 transeundo
4149 1077 4362 1158 venit,

2818 1209 2849 1245 «
2884 1185 3196 1272 spiram,
3234 1212 3266 1246 ι»
3307 1185 3371 1251 id
3411 1195 3535 1268 est,
3577 1195 3844 1263 ventus,
3884 1210 3915 1249 α
3943 1184 4288 1274 procellae,
4327 1210 4360 1247 n

2817 1289 2883 1356 id
2941 1300 3064 1372 est,
3129 1292 3566 1382 procellosus,
3638 1292 3758 1361 llic
3826 1303 4051 1361 autem
4120 1301 4362 1359 ventus

2816 1420 2897 1463 ex
2937 1397 3221 1466 diversis
3255 1410 3320 1468 et
3359 1403 3714 1469 contrariis
3745 1401 4090 1471 collectus,
4154 1400 4357 1479 Infra,

2816 1504 2885 1571 in
2921 1505 3098 1572 l’sal.
3132 1532 3402 1589 cxcviii,
3430 1511 3468 1577 8
3497 1532 3510 1579 ε
3546 1510 4355 1601 Spiritusprocellarum,

2814 1635 2968 1701 quse
2994 1617 3271 1703 sariunt
3304 1617 3575 1685 verbum
3609 1618 3787 1706 ejm.

2909 1852 2940 1890 ι
2979 1828 3072 1892 El
3100 1827 3420 1895 exaltati.
3469 1852 3500 1892 ι
3546 1827 3715 1896 Ecce
3780 1829 4183 1911 secundum,
4225 1830 4360 1896 ssu-

2814 1941 2960 2001 ctus
3016 1938 3392 2004 commotio
3464 1960 3480 2004 :
3540 1937 3776 2030 inquo
3834 1937 4150 2006 dicuntur
4196 1938 4357 2008 du0.

2816 2040 3077 2126 Primo,
3146 2042 3478 2112 fluctuum
3545 2045 3941 2114 commotio.
4016 2044 4358 2129 Secundo,

2813 2157 3043 2214 motus
3108 2152 3612 2228 commotionis,
3666 2151 3782 2228 ibi,
3844 2159 3906 2227 ὴ.
3973 2154 4107 2222 26:
4166 2180 4196 2216 α
4240 2154 4362 2221 As-

2811 2256 3132 2324 cendtmt.
3172 2283 3206 2323 s

2906 2365 3082 2434 Dicit
3111 2388 3275 2457 ergo
3313 2389 3329 2434 τ
3377 2365 3491 2436 Sic
3530 2368 3743 2437 factus
3781 2378 3882 2437 est
3934 2378 4181 2438 ventus
4208 2391 4364 2460 pro-

2811 2471 3129 2554 cellosus»,
3167 2498 3201 2537 ι
3236 2484 3300 2541 el
3328 2474 3624 2542 exaltati
3647 2477 4081 2565 suntlluctus
4107 2477 4285 2566 ejus.
4325 2501 4358 2542 s

2815 2582 3021 2650 maris
3058 2582 3340 2651 scilicet.
3383 2583 3515 2654 Isa.
3559 2606 3644 2663 ιι,
3681 2586 3759 2651 ¹5
3796 2607 3811 2651 ε
3847 2586 3998 2674 qu
4033 2607 4187 2651 sum
4224 2587 4365 2653 Do·

2813 2693 3044 2760 minus
3094 2695 3279 2760 Deus
3338 2705 3522 2771 tutes,
3582 2696 3705 2785 qui
3758 2693 4086 2762 conturbo
4145 2718 4358 2774 mare,

2812 2812 2875 2867 e!
2907 2802 3365 2871 intumescunt
3387 2805 3644 2890 fluctus
3671 2804 3848 2894 ejus.

2907 2910 3367 3001 Spiritualiter
3411 2921 3637 2980 autem
3713 2912 3988 3002 spiritus
4051 2911 4360 3003 procella».

2814 3016 3099 3086 tentatio
3147 3027 3270 3095 est,
3326 3027 3394 3087 et
3444 3019 3809 3097 tribulatio,
3856 3041 4005 3112 quae
4051 3029 4153 3088 est
4196 3028 4363 3089 tem·

2813 3133 3040 3216 pestas
3087 3126 3321 3206 mariti,
3382 3126 3465 3197 de
3513 3150 3647 3221 qua
3696 3127 3899 3199 Eccli.
3959 3151 4165 3207 nvn,
4220 3128 4297 3195 18
4339 3146 4357 3195 2

2816 3236 3200 3326 Tempestas
3226 3236 3619 3326 Aquilonis,
3662 3247 3724 3305 et
3752 3237 4188 3328 congregatio
4215 3237 4363 3327 spi-

2812 3345 3015 3423 ritus,
3069 3346 3187 3411 irae
3237 3344 3493 3414 scilicet
3541 3347 3920 3438 principum
3971 3345 4362 3414 mundano·

2814 3475 2992 3528 rum,
3036 3461 3106 3521 et
3153 3452 3544 3523 demonum
3586 3478 3602 3523 :
3655 3457 3931 3546 spiritus
3996 3455 4178 3522 enim
4236 3473 4360 3545 pro

2816 3563 2912 3629 ira
2943 3562 3294 3654 accipitur.
3333 3563 3577 3635 Genes.
3612 3588 3705 3641 vi,
3742 3567 3781 3632 3
3824 3587 3839 3632 :
3884 3565 4036 3632 Non
4088 3584 4360 3656 perma-

2810 3667 2995 3736 nebit
3021 3670 3315 3763 spiritus
3343 3695 3534 3740 meus
3578 3672 3649 3741 in
3694 3672 3991 3739 laomim.
4034 3669 4184 3739 Hoc
4231 3693 4360 3740 au-

2810 3786 2948 3846 tem
2982 3778 3055 3846 lit
3082 3778 3169 3847 ad
3198 3789 3608 3872 praeceptum
3642 3778 3765 3848 Dei
3796 3778 4191 3872 aliquando.
4234 3777 4360 3847 Jo-

2811 3908 2942 3970 noe,
2978 3911 3023 3971 ι,
3065 3889 3198 3957 ¹3:
3256 3890 3456 3957 Mare
3506 3888 3673 3966 ibat,
3749 3899 3813 3957 et
3878 3887 4362 3956 intumescebat

2806 4017 3017 4088 saper
3042 4018 3175 4065 eos.
3212 3994 3457 4064 Matth.
3489 4019 3633 4075 vm.
3659 3998 3740 4065 27
3767 4017 3786 4066 ε
3815 3996 4065 4083 Qualis
4091 4005 4191 4064 est
4216 3995 4354 4076 liic,

2808 4106 2978 4195 quia
3008 4105 3192 4172 venti
3217 4114 3282 4172 el
3319 4127 3509 4174 mare
3545 4104 3872 4173 obediunt
3897 4107 3962 4174 ei
3987 4103 4029 4173 ?
4076 4104 4181 4183 Et,
4243 4104 4363 4173 Jo-

2807 4233 2941 4290 nae‚
2976 4234 3021 4287 ι,
3057 4212 3148 4279 4:
3200 4213 3544 4280 Dominus
3596 4213 3783 4280 misit
3839 4222 4113 4282 ventum
4170 4233 4361 4301 maq-

2805 4342 2975 4389 rmm
3042 4320 3113 4388 in
3166 4343 3362 4389 mare
3399 4345 3422 4390 :
3480 4331 3544 4389 et
3594 4324 3788 4413 saeta
3846 4332 3943 4391 est
3996 4329 4359 4412 tmpestas

2807 4447 3066 4515 mayna
3107 4426 3177 4494 in
3209 4427 3415 4495 mari.
3463 4425 3540 4494 Et
3571 4427 3959 4495 exaltantur
3984 4424 4355 4518 aliquando

2810 4534 3081 4614 tluctus,
3134 4544 3364 4604 tamen
3421 4557 3627 4627 super
3680 4534 3835 4604 illos
3889 4544 3989 4604 est
4030 4533 4351 4603 Ecclesia.

2810 4637 3058 4707 Genes.
3102 4661 3222 4723 vu,
3264 4641 3342 4708 Π
3379 4663 3396 4709 :
3430 4639 3922 4734 multiplicate
3943 4648 4106 4708 sun!
4131 4661 4357 4731 σφω,

2809 4758 2874 4816 et
2900 4749 3339 4818 elevaverunt
3365 4772 3596 4818 arcam
3634 4749 3705 4816 in
3730 4747 4032 4818 sublae'me
4063 4770 4108 4815 a
4146 4757 4355 4817 terra.

2907 5101 2940 5142 ι
2989 5074 3385 5144 Asc-eadunt
3441 5097 3654 5166 usqae
3698 5073 3796 5142 ad
3854 5070 4079 5142 coelos.
4153 5099 4186 5140 s
4229 5072 4358 5142 llic
4473 5086 4605 5157 ,ο

2811 5184 3031 5275 tangit
3072 5182 3354 5252 modum
3386 5184 3455 5252 in
3482 5181 3775 5251 duobus.
3811 5179 3891 5250 ln
3916 5203 4189 5251 summa
4228 5180 4362 5251 ele·

2810 5293 3117 5375 vatione,
3150 5301 3218 5362 et
3256 5292 3494 5360 intima
3522 5291 3983 5384 depressione,
4024 5289 4147 5378 ibi,
4190 5316 4226 5358 ι
4265 5292 4362 5362 Ee

2813 5402 3251 5473 descendunt.
3289 5426 3325 5467 s

2902 5514 3020 5582 Ait
3058 5512 3242 5581 enim
3279 5533 3295 5580 :
3332 5510 3447 5579 Sic
3475 5511 3642 5596 dixi,
3677 5510 3864 5603 quod
3899 5510 4177 5582 exaltati
4204 5521 4367 5582 sunt
