5008 6329
658 289 744 355 2⁴
1654 296 1738 360 D.
1790 295 1988 361 ALB.
2042 296 2257 363 MAG.
2308 296 2514 363 om).
2568 298 2863 366 PRAED.

647 453 980 542 judicium
1018 479 1032 524 ε
1072 459 1418 548 quomodo
1445 458 1576 526 hoc
1604 460 1732 525 scis
1757 460 1792 525 Ῥ
1822 459 1978 549 quia
2012 487 2045 521 «
2080 482 2195 525 no·

657 571 764 629 tas
779 563 944 651 lecit
969 565 1266 653 Moysi,»
1300 586 1497 631 servo
1520 551 1670 643 sue,
1710 590 1744 634 a
1778 567 1922 633 vias
1943 590 2129 644 suas,
2159 590 2192 630 π

659 689 809 759 quae
864 668 1536 759 comprehenduntur
1586 673 1656 738 in
1734 674 1837 740 his
1903 674 2193 742 duobus.

656 776 738 845 In
776 777 958 846 Psal.
991 799 1178 857 xxW,
1226 780 1306 846 10
1344 801 1359 845 ε
1401 780 1740 850 Universae
1767 786 1890 852 υἱεῖ»
1918 786 2201 852 Domini

658 884 1126 950 misericordia
1185 894 1249 952 et
1285 889 1558 956 veritas.
1605 889 1800 970 Osee,
1873 915 2013 970 xw,
2063 893 2142 959 10
2180 914 2195 958 :

658 994 881 1059 Recta·
949 995 1077 1062 viee
1155 998 1458 1076 Domini,
1523 1009 1589 1067 et
1615 1001 1805 1090 justi
1877 1000 2201 1069 ambula-

661 1098 833 1168 bunt
875 1103 947 1169 in
994 1105 1110 1172 eis.
1158 1105 1292 1174 Sed
1347 1130 1489 1174 non
1539 1110 1635 1174 sic
1677 1109 1891 1198 impii,
1940 1109 2079 1176 imo
2120 1107 2200 1174 de

657 1205 846 1297 ipsis,
880 1210 953 1275 in
992 1209 1173 1280 Psal.
1206 1234 1384 1286 xctv,
1426 1215 1541 1281 11:
1574 1215 1720 1303 Ipsi
1755 1238 1907 1281 vero
1936 1238 2069 1281 non
2101 1238 2204 1281 co-

656 1327 1039 1406 qnoverunt
1075 1320 1222 1385 vias
1268 1340 1477 1397 mem,
1515 1323 1675 1410 quia
1721 1321 1982 1389 nolunt.
2040 1322 2197 1398 Job,

658 1443 805 1504 χχι,
853 1423 934 1490 11-
984 1447 1001 1490 :
1048 1424 1188 1507 Qui
1233 1424 1562 1493 dixerunt
1605 1430 1751 1496 Deo
1780 1452 1806 1498 .·
1856 1428 2107 1497 Recede
2161 1453 2203 1494 a

659 1528 879 1610 nobis,
904 1539 969 1597 et
989 1531 1344 1599 scientiam
1372 1535 1647 1603 viarum
1688 1547 1968 1604 tuarum
2006 1536 2204 1603 uolu-

660 1655 837 1701 mus.
903 1633 1201 1704 Maxime
1256 1646 1487 1706 autem
1545 1640 1905 1732 Prophetis
1954 1641 2203 1710 revelat

658 1749 914 1808 secreta
969 1765 1114 1809 sua.
1189 1746 1433 1823 Amos,
1503 1769 1602 1827 111,
1663 1750 1700 1814 7
1756 1770 1772 1815 ε
1831 1751 1984 1817 Non
2029 1748 2204 1838 lacit

659 1848 1001 1916 Dominus
1043 1850 1234 1917 Deus
1274 1851 1584 1932 verbum,
1629 1855 1768 1921 nisi
1811 1854 2205 1921 revelaverit

657 1963 985 2023 secretum
1039 1979 1245 2025 suum
1280 1958 1379 2026 ad
1434 1983 1662 2030 servos
1686 1985 1846 2031 suos
1900 1964 2201 2057 Prophe-

660 2069 792 2130 tos.

753 2193 787 2234 «
831 2170 924 2237 Et
966 2169 1143 2258 filiis
1198 2173 1443 2253 Israel,
1485 2203 1519 2238 n
1572 2199 1694 2268 per
1741 2179 1959 2268 ipsum
2005 2179 2203 2272 Moy-

657 2298 832 2357 sem,
862 2305 895 2339 ιι
924 2278 1309 2349 voluntates
1332 2307 1524 2367 suas,
1552 2311 1586 2352 a
1615 2308 1754 2355 non
1778 2287 2156 2356 carnalibus
2184 2312 2197 2354 :

659 2381 732 2450 hi
771 2385 953 2454 enim
1012 2388 1329 2478 ignorant
1376 2392 1541 2482 quid
1590 2393 1774 2462 Deus
1832 2394 2014 2465 velit.
2070 2395 2197 2463 lsa.

660 2512 710 2570 1,
751 2495 793 2560 3
830 2514 847 2561 ε
896 2495 1119 2564 Israel
1152 2519 1260 2565 me
1307 2522 1443 2568 non
1495 2503 1831 2592 coquat-it,
1882 2515 1944 2571 et
1976 2525 2205 2595 popu-

664 2596 800 2676 tus.
843 2608 973 2670 etc.
1013 2624 1029 2668 ε
1063 2603 1182 2672 sed
1234 2607 1420 2674 veris
1447 2605 1769 2677 Israelitis
1826 2612 1941 2702 qui
1982 2610 2201 2678 Deum

660 2707 896 2778 vident
930 2731 1103 2800 pura
1141 2713 1300 2782 fide.
1332 2715 1582 2786 Genea.
1613 2741 1804 2798 xvm,
1846 2722 1922 2787 ¹7
1966 2741 1983 2787 t
2018 2720 2202 2789 Num

660 2816 883 2885 celare
946 2829 1187 2910 potero
1259 2823 1613 2894 Abraham
1689 2850 1841 2919 quae
1891 2838 2205 2919 qesturus

656 2947 812 2993 sum
845 2924 1100 2996 ?Joan.
1134 2951 1251 3009 xv,
1289 2933 1398 3011 15,
1430 2931 1594 3003 dicit
1613 2936 1794 3003 veris
1830 2934 2149 3006 Israelitis
2182 2958 2198 3003 ε

665 3032 920 3101 Omnia
946 3056 1392 3128 quecumque
1426 3039 1672 3109 audiui
1698 3066 1743 3110 a
1779 3045 1991 3114 Patre
2030 3067 2201 3125 mco,

658 3149 826 3208 nota
850 3142 990 3231 leci
1015 3142 1227 3215 vobis.
1262 3145 1430 3225 Quae
1471 3158 1701 3218 autem
1741 3151 1873 3221 sint
1905 3154 2050 3242 ejus
2085 3177 2206 3222 vo·

660 3246 955 3317 luntates
1016 3272 1189 3341 quaa
1259 3264 1458 3323 notas
1497 3256 1676 3341 iecit,
1717 3260 1961 3328 dicitur
2001 3261 2198 3330 Eccli.

660 3376 874 3433 xxxv,
909 3358 950 3424 5
992 3377 1010 3424 ε
1043 3359 1563 3450 Beneptacitum
1601 3374 1701 3434 est
1739 3369 2033 3436 Domino
2098 3393 2207 3437 re-

660 3463 892 3534 cedere
913 3463 1001 3533 ab
1047 3467 1439 3559 iniquitate.
1475 3470 1611 3541 lad
1637 3473 1939 3545 Thessal.
1982 3499 2077 3560 tv,
2110 3480 2150 3545 3
2186 3502 2201 3547 ε

662 3573 826 3643 Haec
876 3584 977 3643 est
1027 3573 1349 3646 voluntas
1390 3581 1526 3649 Dei
1563 3584 2018 3672 sanctificatio
2090 3610 2207 3655 ve-

661 3689 838 3749 stra.

763 4028 802 4066 ι
841 4002 1209 4073 Miser-ator
1261 4016 1327 4073 et
1364 4010 1770 4079 misericors.
1809 4041 1842 4074 ιι
1905 4014 2028 4084 llic
2091 4039 2210 4084 se-

669 4109 997 4190 cundum,
1029 4114 1100 4181 in
1129 4134 1266 4203 quo
1293 4113 1641 4186 descendit
1687 4119 1771 4188 ad
1819 4132 2210 4193 monstran-

663 4213 830 4285 dum
867 4216 1145 4288 effectus
1192 4220 1702 4305 misericordie,
1741 4250 1825 4296 ex
1875 4251 2012 4320 quo
2049 4240 2207 4301 sunt

662 4323 943 4415 cogniti.
977 4323 1066 4393 Et
1099 4329 1349 4417 primo.
1392 4332 1615 4423 tangit
1660 4331 1815 4402 illos
1870 4337 2207 4428 quodam-

662 4428 870 4500 modo
908 4430 1258 4523 implicite.
1295 4434 1642 4521 Secundo,
1683 4440 2023 4532 explicite,
2083 4445 2200 4523 ibi.

659 4542 727 4614 ἵ.
755 4538 797 4607 9
839 4557 860 4605 :
894 4561 930 4604 ι
962 4538 1117 4608 Non
1145 4539 1676 4634 inperpetuum.
1723 4572 1758 4608 ι

757 4641 832 4712 ln
868 4646 1089 4736 prima
1117 4648 1271 4716 tria.
1301 4648 1563 4728 Primo.
1588 4654 1894 4744 tangitur
1926 4657 2204 4728 effectus

664 4750 925 4841 primus
977 4752 1047 4820 in
1095 4753 1311 4845 culpae
1349 4754 1691 4828 deletione
1728 4769 1793 4830 et
1835 4785 2050 4855 poenoe
2089 4790 2202 4834 re-

661 4855 1027 4928 laxatione.
1074 4859 1420 4944 Secundo.
1478 4869 1816 4939 sccundus
1855 4874 1922 4941 in
1963 4872 2202 4967 longa-

661 4965 830 5035 nimi
922 4967 1370 5040 relabentium
1460 4982 1985 5069 exspectatione.
2081 4986 2198 5064 ibi,

673 5076 1205 5166 aLouq‘animis.
1243 5105 1279 5143 a
1326 5080 1583 5163 Tertio,
1642 5089 1882 5157 tertius
1933 5092 2005 5161 in
2046 5117 2200 5185 pec-

661 5183 961 5252 cantium
1036 5187 1473 5257 revocatione
1537 5191 1823 5262 diversis
1876 5207 1942 5267 et
1995 5202 2202 5270 variis

661 5289 908 5375 modis,
949 5289 1069 5371 ibi.
1117 5319 1153 5356 a
1180 5293 1278 5362 Et
1313 5296 1641 5368 multum.
1677 5329 1712 5364 ιι

748 5395 932 5467 Dicit
963 5419 1128 5491 ergo
1161 5421 1179 5467 ε
1216 5398 1333 5470 Sic
1378 5413 1482 5474 est
1519 5404 1770 5477 faciens
1814 5413 2203 5485 misericor-

659 5504 807 5575 dias
832 5513 903 5574 et
919 5506 1285 5598 judicium,
1315 5521 1386 5582 et
1409 5511 1545 5585 hoc
1571 5539 1809 5588 verum
1841 5531 1942 5592 est
1972 5544 1989 5593 :
2032 5547 2200 5616 quo·

659 5612 844 5682 niam
874 5611 1019 5706 ipae
1053 5622 1156 5685 est
1186 5640 1222 5683 ι
1254 5620 1617 5692 miserator
1644 5654 1676 5686 n
1732 5629 1796 5695 in
1846 5638 2022 5713 actu,
2075 5658 2105 5695 α
2135 5643 2200 5702 et

2305 462 2681 527 misericors
2706 489 2738 522 n
2775 465 2843 528 in
2874 464 3135 544 habitu,
3179 475 3454 555 peccata
3506 466 3861 533 remitten-

2304 567 2416 636 do,
2461 567 2666 635 Eccli.
2702 590 2773 645 11,
2822 571 2901 636 13
2946 591 2960 636 ε
3017 573 3191 637 Pius
3233 582 3296 637 et
3352 573 3735 638 misericors
3765 580 3863 639 est

2306 679 2667 755 Dominus,
2703 688 2767 745 et
2806 680 3100 745 remittet
3140 680 3211 744 in
3251 679 3362 745 die
3384 678 3862 746 tribulationis

2300 794 2599 875 peccata.
2643 814 2674 848 «
2707 789 3181 878 Lon-aarum&
3231 812 3263 849 >²
3318 789 3389 854 in
3431 788 3860 877 peccantium

2307 892 2830 979 exspectatione.
2909 893 3016 961 Ad
3081 893 3374 961 Roman.
3466 917 3538 971 ιι,
3591 893 3632 958 4
3687 914 3702 958 :
3756 893 3866 958 An

2309 996 2590 1062 divitias
2644 997 2970 1065 bonitatis
3024 1000 3203 1089 ejus,
3266 1011 3330 1067 et
3370 1002 3752 1093 patientiae,
3800 1009 3865 1067 et

2310 1102 2860 1193 lonqanimitatis
2896 1109 3268 1173 contemnis
3300 1106 3342 1173 7
3374 1109 3661 1197 anoms
3700 1132 3870 1199 quo-

2306 1212 2495 1278 niam
2547 1211 2929 1303 beniqnitas
2966 1217 3098 1282 Dei
3142 1215 3240 1281 ad
3267 1217 3744 1304 poenitentiam
3804 1227 3868 1284 te

2310 1317 2593 1385 adducit
2623 1317 2665 1385 7
2698 1322 2838 1387 «Et
2876 1321 3179 1388 multum
3200 1323 3661 1399 misericors‚»
3704 1344 3870 1412 pec-

2309 1430 2536 1490 cantes
2578 1425 2956 1492 revocando
2990 1424 3221 1492 multis
3261 1426 3510 1506 modis,
3555 1426 3671 1516 qui
3715 1435 3866 1492 tan-

2307 1536 2563 1617 guntur
2618 1531 2687 1595 in
2745 1529 2985 1597 Glossa
3050 1529 3181 1596 Isa.
3235 1553 3345 1608 LV,
3392 1532 3485 1597 7:
3548 1530 3865 1597 Multum

2310 1644 2406 1700 est
2459 1635 2556 1700 ad
2617 1635 3128 1725 iquoscendum.
3174 1635 3202 1701 1
3260 1635 3485 1703 Paral.
3532 1658 3677 1712 xxi,
3720 1637 3800 1703 13
3846 1657 3862 1701 :

2309 1739 2556 1807 Multae
2605 1749 2768 1807 sunt
2831 1743 3299 1809 miserationes
3335 1742 3516 1831 ejus.
3569 1740 3749 1824 Joel,
3787 1764 3860 1818 u,

2315 1847 2395 1912 13
2431 1867 2447 1912 :
2498 1848 2851 1937 Beniqnus
2895 1857 2961 1915 et
3004 1849 3388 1916 misericors
3433 1859 3555 1927 est,
3591 1851 3869 1940 patiens

2311 1964 2375 2020 et
2429 1954 2673 2021 multae
2718 1956 3230 2025 misericordiae.

2404 2216 2435 2254 α
2470 2191 2624 2258 Νοη
2665 2191 2734 2257 in
2775 2202 3184 2282 perpetuum
3240 2196 3594 2261 irascetur.
3643 2222 3676 2255 »
3733 2193 3861 2259 nie

2311 2297 2708 2375 secundum,
2778 2299 2845 2364 in
2915 2321 3052 2388 quo
3147 2299 3300 2389 plus
3353 2298 3699 2367 descendit
3775 2299 3859 2366 ad

2313 2405 2829 2473 monstrandum
2886 2405 3201 2497 explicite
3240 2406 3563 2474 effectus:
3605 2408 3857 2497 primo,

2308 2512 2726 2579 miseratoris
2808 2520 2873 2581 et
2941 2512 3404 2581 misericordis
3512 2512 3862 2593 Secundo,

2310 2619 2723 2708 longanimis
2768 2622 2913 2689 sive
2970 2622 3314 2712 patientis,
3391 2620 3506 2696 ibi,
3577 2628 3645 2696 5.
3709 2623 3789 2687 13
3844 2643 3859 2686 :

2320 2756 2352 2789 α
2387 2727 2739 2812 Quomodo
2780 2729 3158 2797 miseretur.
3210 2755 3244 2796 a
3275 2729 3529 2809 Terti0,
3566 2728 3861 2796 multum

2311 2835 2789 2921 misericordis,
2844 2835 2963 2917 ibi,
3002 2846 3070 2916 5.
3127 2838 3206 2904 17
3243 2859 3258 2903 :
3307 2862 3340 2902 a
3383 2835 3863 2904 Misericordia

2312 2950 2540 3009 autem
2582 2944 2887 3014 Domini.
2925 2968 2960 3008 ι

2404 3046 2477 3115 ln
2516 3049 2737 3139 prima
2775 3047 2972 3135 duos
2993 3048 3256 3128 Primo,
3289 3049 3589 3118 ostendit
3617 3073 3689 3118 se
3729 3050 3867 3117 mi-

2311 3155 2719 3225 sericordem
2751 3155 2819 3224 in
2860 3155 3278 3226 relaxatione
3308 3181 3527 3250 poenae
3559 3182 3597 3226 a
3627 3157 3868 3250 primis

2309 3263 2706 3352 parentibus
2735 3270 3121 3332 contractae.
3185 3262 3531 3342 Secundo,
3573 3266 3644 3332 in
3687 3263 3868 3332 rela-

2313 3373 2588 3441 xatione
2641 3393 2858 3463 poenae
2904 3371 3122 3462 culpae
3155 3372 3241 3440 ab
3285 3372 3566 3441 homine
3614 3371 3869 3440 volun·

2311 3482 2478 3549 tarie
2534 3487 2958 3571 perpetratae,
2993 3478 3112 3556 ibi.
3154 3489 3219 3556 ς’.
3279 3480 3408 3549 1οε
3474 3510 3506 3541 «
3552 3481 3707 3551 Nou
3769 3503 3870 3546 se-

2312 3587 2614 3656 cuudum
2645 3597 2952 3679 peccata.
2991 3612 3026 3651 ι

2403 3694 2476 3762 ln
2518 3694 2738 3784 prima
2764 3691 2927 3761 duo.
2973 3691 3234 3770 Primo.
3276 3693 3608 3761 relaxatio
3646 3716 3867 3785 poenae

2317 3810 2673 3870 contractae
2747 3821 2955 3892 quam
3027 3802 3332 3890 patimur
3383 3800 3455 3868 in
3520 3803 3862 3891 praesenti.

2317 3905 2658 3988 Secundo,
2693 3904 2777 3974 ad
2807 3926 3015 3997 quam
3063 3904 3457 3997 obligamur
3484 3908 3552 3975 in
3604 3907 3861 3987 futuro,

2315 4013 2434 4092 ihi,
2474 4043 2507 4076 α
2538 4012 2676 4081 Nec
2712 4013 2783 4080 in
2809 4022 3164 4082 arternum.
3212 4038 3247 4080 a

2404 4122 2581 4194 Dicit
2624 4145 2789 4213 ergo
2832 4145 2849 4192 ε
2912 4120 3027 4194 Sic
3064 4122 3232 4204 dixi,
3275 4126 3460 4217 quod
3503 4127 3869 4195 miserator

2313 4239 2411 4301 est
2459 4239 2524 4299 et
2565 4231 2978 4308 misericors.
3020 4240 3085 4301 et
3122 4254 3308 4311 vere,
3343 4235 3503 4325 quia
3546 4260 3580 4300 α
3622 4236 3863 4303 nonin

2302 4348 2715 4433 perpetuum
2760 4338 3116 4419 irascetur,
3161 4362 3196 4404 a
3232 4360 3505 4429 poenam
3546 4349 3611 4409 et
3651 4344 3867 4411 misc-

2311 4448 2482 4516 riam
2538 4445 2911 4538 infligendo
2960 4466 3084 4536 pro
3134 4453 3417 4536 peccato
3480 4449 3861 4539 primorum

2309 4559 2695 4645 parentum.
2731 4549 2860 4619 lsa.
2903 4572 3064 4630 ινιι,
3104 4552 3185 4618 16
3220 4572 3238 4619 z
3296 4553 3453 4621 Non
3484 4554 3555 4622 in
3601 4557 3862 4649 sempi-

2310 4669 2577 4727 ternum
2619 4656 2936 4749 tteiqabo,
2992 4680 3210 4750 neque
3263 4681 3482 4751 usque
3520 4661 3621 4730 ad
3649 4662 3861 4751 finem

2312 4771 2593 4841 irascar.
2653 4767 2834 4837 Psal.
2899 4789 3127 4852 uxxvt,
3178 4769 3220 4837 8
3282 4791 3298 4837 z
3369 4771 3737 4863 Numquid
3788 4774 3860 4840 in

2308 4889 2632 4950 aetemum
2649 4875 2975 4968 projiciet
2989 4878 3178 4946 Deus
3201 4874 3244 4944 7
3270 4886 3397 4945 aut
3414 4901 3549 4946 nou
3570 4877 3864 4968 adjiciet

2311 4996 2390 5055 ut
2414 4985 2890 5079 complacitior
2926 4984 3019 5052 sit
3054 4984 3282 5055 adhuc
3310 4983 3353 5053 7

2399 5120 2433 5161 «
2491 5095 2633 5164 Nec
2677 5096 2748 5162 in
2812 5102 3142 5162 eternum
3207 5092 3766 5183 comminabitur,
3821 5123 3856 5162 ι

2306 5212 2627 5274 eternam
2659 5224 2928 5295 poenam
2958 5199 3474 5279 comminando,
3510 5204 3861 5293 quzeinssi-

2307 5310 2528 5405 genda
2540 5311 2726 5380 estin
2744 5309 3213 5399 iuturo‚quam
3228 5310 3711 5389 comminatur,
3724 5312 3854 5383 lsa.

2308 5442 2354 5502 1,
2386 5420 2470 5488 20
2504 5442 2522 5488 :
2556 5417 2834 5504 Quodsi
2866 5415 3257 5493 nolueritis,
3301 5418 3541 5487 audire
3571 5442 3683 5488 me
3721 5421 3861 5489 sci-

2305 5526 2569 5611 licet,...
2618 5526 2906 5621 qladius
2933 5523 3290 5594 devorabit
3328 5550 3468 5596 vos.
3510 5528 3674 5611 Joh,
3708 5550 3851 5606 xix,

2304 5639 2389 5707 2⁹
2432 5661 2448 5706 ε
2484 5637 2790 5728 Fuqitea
2816 5634 3001 5724 socie
3023 5631 3282 5726 qladii.
3315 5633 3399 5703 Bt
3428 5632 3538 5704 hic
3556 5634 3885 5729 estignis'
