5008 6329
715 323 844 392 458
1715 313 1801 380 D.
1853 312 2051 378 ALB.
2105 309 2322 379 MAG.
2375 309 2580 380 ORD.
2632 311 2930 379 PRAED.

1856 847 2319 919 PSALMUS
2372 847 2762 918 CXXXIX.

1472 1197 1654 1267 Orat
1677 1219 1818 1289 pro
1855 1217 1985 1263 sua
2013 1192 2249 1262 salute
2279 1214 2306 1263 .·
2342 1191 2661 1262 hostibus
2681 1196 3147 1283 imprecatur.

762 1566 822 1611 1.
876 1540 959 1610 In
1001 1541 1249 1619 finem,
1299 1540 1636 1608 Psalmus
1679 1534 1933 1605 David.
2410 1534 2476 1604 8.
2525 1532 2860 1617 Domine,
2933 1536 3272 1619 Domine,
3350 1533 3584 1604 virtus
3660 1531 3916 1602 salutis

751 1669 816 1716 2.
876 1646 1096 1737 Eripe
1152 1668 1294 1729 me,
1376 1643 1708 1727 Domine,
1773 1641 1862 1711 ab
1958 1638 2252 1708 homine
2628 1661 2834 1720 meae,
2895 1640 3353 1710 obumbrasti
3432 1661 3653 1732 super
3699 1657 3914 1730 caput

968 1752 1163 1823 malo
1219 1774 1237 1819 ε
1273 1775 1311 1821 a
1352 1750 1506 1819 viro
1573 1749 1825 1840 iniquo
1864 1746 2059 1836 eripe
2108 1766 2243 1814 me.
2627 1769 2872 1817 meum
2912 1747 2981 1816 in
3027 1747 3143 1817 die
3187 1746 3382 1818 belli.

751 1862 817 1929 3.
870 1858 1021 1950 Qui
1081 1859 1581 1947 cogitaverunt
1674 1853 2093 1946 iniquitates
2180 1851 2251 1920 in
2406 1877 2474 1946 9.
2529 1856 2628 1923 Ne
2661 1855 2899 1923 tradas
2930 1876 3071 1938 me,
3111 1851 3911 1934 Domine,adesiderio

968 1968 1210 2050 corde,
1293 1983 1441 2036 tota
1526 1965 1638 2033 die
1718 1961 2253 2032 constituebant
2626 1983 2789 2030 meo
2859 1959 3213 2054 peccatori
3306 1982 3323 2028 ε
3413 1959 3913 2052 cogitaverunt

968 2075 1248 2167 proelia.
2624 2086 2871 2138 contra
2899 2090 3014 2137 me
3060 2086 3200 2137 :ne
3250 2065 3718 2158 derelinquas
3766 2088 3908 2154 me.
4003 2101 4011 2107 ·

744 2205 815 2269 4.
866 2183 1243 2251 Acuerunt
1303 2178 1585 2269 linguas
1651 2197 1818 2244 suas
1858 2174 2044 2244 sicut
2099 2195 2247 2243 ser·
2625 2199 2713 2247 ne
2744 2177 2923 2246 torte
2958 2175 3384 2244 exaltentur.

969 2284 1207 2378 pentis
1243 2285 1261 2320 ¹
1298 2303 1705 2354 :venenum
1734 2280 2072 2372 aspidum
2111 2279 2246 2349 sub
2369 2309 2474 2356 ιο.
2529 2282 2765 2374 Caput
2833 2281 3178 2352 circuitus
3217 2302 3503 2363 eorum,
3549 2280 3754 2351 labor
3812 2281 3912 2352 la-

969 2391 1180 2463 labiis
1218 2412 1497 2461 eorum.
2621 2391 2907 2460 biorum
2953 2389 3283 2482 ipsorum
3333 2387 3611 2481 operiet
3667 2410 3815 2458 eos.

740 2508 808 2573 5.
862 2498 1169 2571 Custodi
1228 2520 1371 2582 me,
1457 2495 1790 2580 Domine,
1867 2496 1958 2562 de
2024 2514 2241 2562 manu
2367 2524 2471 2569 ιι.
2528 2499 2806 2570 Cadent
2860 2519 3078 2589 super
3126 2519 3251 2566 eos
3319 2496 3674 2566 carbones
3750 2516 3769 2565 :
3835 2496 3908 2565 in

967 2606 1384 2700 peccatoris,
1476 2624 1543 2672 et
1637 2603 1726 2672 ab
1821 2600 2244 2671 hominibus
2621 2607 2858 2699 ignem
2901 2604 3191 2693 dejicies
3240 2626 3364 2673 eos
3398 2602 3545 2675 :.in
3595 2603 3910 2674 miseriis

966 2713 1240 2806 iniquis
1268 2711 1463 2803 eripe
1495 2733 1607 2780 me
1663 2734 1677 2778 :
2618 2735 2761 2783 non
2805 2711 3232 2781 subsistent.

876 2816 2028 2913 Quicogitaveruntsupplantare
2059 2836 2247 2906 gres·
2370 2844 2471 2891 12.
2528 2819 2652 2890 Vir
2727 2819 3107 2910 linguosus
3177 2839 3319 2886 non
3407 2815 3764 2909 dirigetur
3829 2815 3905 2885 in

972 2948 1098 2996 sus
1145 2946 1390 2996 meos:
2619 2945 2807 2997 terra
2841 2949 2855 2993 ε
2893 2925 3132 2996 virum
3176 2922 3531 3014 injustum
3562 2924 3754 2994 mala
3791 2945 3907 2993 ca·

747 3041 817 3109 6.
868 3036 1433 3107 Absconderunt
1516 3030 1805 3125 superbi
1901 3033 2241 3123 laqueum
2618 3035 2813 3127 pient
2846 3033 2918 3104 in
2948 3032 3271 3103 interitu.
3394 3068 3403 3076 -

964 3145 1177 3227 mihi,
2363 3144 2471 3216 13.
2525 3140 2850 3235 Cognovi
2882 3139 3054 3235 quia
3113 3139 3322 3212 faciet
3374 3138 3740 3211 Dominus
3788 3138 3907 3230 ju-

884 3256 976 3327 Et
1003 3254 1211 3325 funes
1241 3252 1713 3324 extenderunt
1742 3251 1814 3321 in
1847 3248 2232 3340 laqueum:
2614 3251 2881 3321 dicium
2918 3249 3274 3342 inopis,et
3303 3248 3701 3319 vindictam
3733 3270 3908 3340 pau-

955 3363 1156 3453 iuxta
1188 3358 1323 3430 iter
1371 3357 1792 3428 scandalum
1839 3370 2237 3446 posuerunt
2612 3380 2891 3451 perum.

958 3467 1165 3540 mihi.
2358 3492 2465 3559 ¹4·
2517 3460 3034 3540 Verumtamen
3098 3465 3271 3553 iusti
3357 3466 3902 3537 confitebuntur

731 3599 797 3667 7.
856 3575 1021 3646 Dixi
1069 3572 1385 3644 Domino
1429 3594 1444 3639 τ
1485 3572 1677 3641 Deus
1727 3589 1932 3639 meus
1972 3590 2049 3638 es
2106 3585 2228 3637 tu:
2611 3575 2886 3646 nomini
2937 3592 3067 3644 tuo
3102 3592 3217 3644 :et
3247 3572 3681 3644 habitabunt
3721 3571 3894 3644 recti

945 3682 1233 3763 exaudi,
1285 3679 1619 3761 Domine,
1670 3698 1921 3759 vocem
1970 3677 2235 3769 depre-
2606 3705 2773 3753 cum
2797 3681 3001 3751 vultu
3044 3697 3198 3750 tuo.

940 3789 1248 3861 cationis
1287 3808 1494 3859 meae.

2332 4172 2487 4219 mus
2554 4170 2777 4216 nonus
2842 4147 2912 4215 in
2994 4155 3140 4217 toto
3208 4146 3413 4231 libro,
3497 4146 3892 4240 trigesimus

956 4256 1053 4326 IN
1092 4254 1532 4326 PSALMUM
1600 4252 1955 4324 CXXXIX
2331 4277 2555 4326 nonus
2592 4255 2663 4323 in
2696 4256 2895 4324 tertia
2931 4263 3122 4346 parte
3169 4254 3350 4323 libri.

2418 4363 2790 4452 Postquam
2833 4362 3119 4430 enimin
3151 4360 3433 4432 Psalmo
3474 4361 3887 4455 praecedenti
3919 4348 4239 4449 ¹0¹3&ss-

1182 4488 1706 4538 ΟΟΜΜΒΝΤΑΜΜ·
2330 4468 2623 4540 ostendit
2653 4491 2726 4537 se
2765 4491 2802 4536 a
2851 4468 2998 4537 Deo
3061 4491 3202 4538 non
3252 4491 3708 4548 recessurum,
3758 4491 3884 4538 nec
3913 4457 4239 4567 Νη,

2329 4574 2883 4666 conjungendum
2934 4574 3131 4643 malis
3188 4583 3444 4655 mente,
3513 4576 3639 4644 etsi
3714 4596 3881 4645 eon-
3961 4562 4183 4624 ΜΨ

2320 4685 2652 4774 jungatur
2688 4681 2819 4748 illis
2867 4702 3178 4771 corpore,
3223 4683 3386 4771 quia
3431 4680 3598 4750 boni
3654 4681 3880 4751 adhue

849 4821 882 4855 α
918 4792 1003 4860 In
1037 4791 1276 4880 finem,
1309 4792 1638 4861 Psalmus
1667 4788 1900 4861 David
1925 4793 2018 4860 ’.η
2328 4786 2668 4875 conjuncti
2709 4784 2908 4854 malis
2943 4808 3256 4876 corpore,
3300 4786 3516 4857 multa
3544 4789 3885 4857 sustinent

884 4901 900 4916 ⁶
2327 4895 2413 4963 ab
2459 4896 2581 4974 eis,
2634 4893 2744 4963 hio
2805 4894 2974 4986 petit
3029 4893 3199 4983 eripi
3257 4893 3343 4961 ab
3399 4895 3525 4973 eis,
3582 4903 3652 4964 et
3707 4896 3885 4964 inter

2327 5002 2481 5070 illos
2527 5003 2796 5071 interim
2845 5003 3262 5080 conservari,
3313 5024 3453 5071 nou
3501 5002 3882 5074 attribuens

758 5139 793 5175 α
837 5113 1054 5203 Eripe
1100 5134 1232 5190 me,
1279 5112 1594 5188 Domine.
1638 5111 1724 5179 ab
1746 5113 2018 5179 homine
2072 5134 2219 5178 ma-
2324 5110 2584 5177 viribus
2624 5112 2789 5190 suis,
2822 5108 2941 5177 sed
2988 5111 3210 5199 magis
3247 5112 3575 5200 potentiae
3624 5109 3879 5178 diviuoe

668 5218 761 5286 lo.
788 5248 818 5280 ι
868 5216 995 5287 Ηίο
1032 5228 1133 5288 est
1157 5217 1469 5287 Psalmus
1496 5220 1904 5288 centesimus
1940 5218 2214 5308 trigesi-
2323 5217 2910 5285 conservationem
2941 5215 3046 5282 sui
3091 5237 3108 5281 ε
3167 5224 3236 5284 et
3264 5217 3694 5308 praepouitur
3724 5218 3884 5285 titu-

731 5476 752 5512 ¹
785 5474 1051 5549 Sapient-
1076 5492 1129 5541 ν.
1164 5479 1229 5532 ¹5
1256 5494 1274 5543 ς
1305 5475 1380 5533 ad
1408 5477 1653 5533 Roman.
1685 5491 1771 5544 ιιι,
1802 5475 1881 5531 13.
2318 5466 2449 5523 sion
2480 5465 2555 5522 de
2584 5464 2644 5521 la
2672 5463 2955 5522 conduite
2986 5463 3060 5522 de
3117 5465 3297 5541 Doeg‚
3348 5466 3373 5521 1
3431 5465 3601 5539 Reg„
3631 5482 3778 5535 xxti,
3802 5482 3880 5524 ou

729 5564 754 5601 ⁸
782 5569 934 5624 C'est
965 5564 1231 5639 pendant
1273 5564 1332 5622 la
1374 5565 1748 5640 persecution
1778 5563 1851 5621 de
1895 5563 2034 5620 Saul
2064 5578 2205 5637 pro-
2314 5556 2386 5613 de
2415 5555 2474 5613 la
2504 5555 2771 5612 trahisou
2805 5554 2912 5611 des
2940 5555 3256 5629 Zipheens,
3287 5571 3441 5612 xxvi.
3476 5556 3553 5613 Le
3578 5555 3878 5631 syriaque,

656 5652 998 5712 bablement
1031 5670 1146 5726 que
1177 5651 1358 5710 David
1390 5654 1458 5710 sst
1484 5670 1550 5711 ce
1597 5669 1864 5729 psaume,
1911 5652 1946 5709 ὰ
1988 5651 2202 5708 l'occa-
2309 5650 2351 5703 T
2356 5645 2664 5713 heodoret,
2695 5643 3034 5715 Thalhoser,
3067 5646 3383 5720 kuninga,
3412 5645 3704 5716 Johnson,
3736 5652 3878 5707 ete.»
