5008 6329
384 3030 505 3099 u

612 264 696 329 42

609 447 750 517 tua,
842 462 980 506 non
1071 438 1375 506 humana
1440 431 1820 521 diligentia.
1914 423 2156 493 Ezech.

612 574 842 632 xxx1v,
881 552 963 618 26
994 572 1008 619 3
1045 549 1402 617 Deducam
1447 542 1738 611 imbrem
1788 541 1860 607 in
1902 548 2159 628 tempo-

610 686 679 730 re
704 686 871 730 suo:
916 661 1176 752 pluviae
1236 652 1720 723 benedictionis
1766 659 1987 719 erunt.
2031 649 2163 716 Eo-

608 769 810 837 clesia
849 776 1024 834 terra
1073 771 1196 841 est,
1251 762 1424 829 sieut
1454 783 1663 852 supra
1694 759 1949 827 dietum
2007 757 2157 836 fuit,

608 875 866 942 habeus
905 877 1198 953 montes,
1270 870 1569 958 majores
1628 867 1886 937 scilieet
1930 867 2001 933 in
2042 865 2164 931 Ee-

608 980 834 1057 clesia,
872 999 1041 1067 quos
1071 976 1309 1066 irrigat
1344 975 1539 1048 ,Deus
1578 975 1801 1066 gratia
1837 994 1984 1039 sua.
2031 969 2163 1037 Ge·

608 1110 752 1155 neS.
827 1109 895 1164 ιι,
966 1086 1048 1153 63
1110 1087 1295 1154 Fons
1351 1083 1784 1159 ascendebat,
1857 1078 2163 1146 Christus

610 1192 887 1260 scilicet.
922 1188 1193 1274 Esther,
1238 1214 1309 1269 x,
1347 1192 1386 1257 6
1440 1212 1456 1256 3
1522 1192 1796 1256 Parvus
1840 1186 1998 1272 sons
2043 1181 2166 1272 qui

612 1302 815 1368 crevit
845 1303 915 1367 in
950 1300 1252 1387 fluvium
1318 1317 1678 1386 magnum,
1742 1291 1827 1359 ad
1876 1292 2165 1379 irrigan-

611 1409 764 1477 dam
808 1408 1194 1475 universam
1236 1404 1670 1493 superficiem
1710 1408 1947 1467 terrae:
2002 1419 2163 1488 ergo

613 1524 899 1584 monteS.
969 1512 1173 1580 Terra
1262 1512 1499 1579 intima
1584 1516 1746 1577 sunt
1838 1509 2162 1586 minoreS,

614 1646 784 1716 quos
816 1623 989 1712 rigat
1026 1619 1365 1687 Dominus
1395 1619 1630 1710 pluvia
1669 1615 2169 1686 abundantissi-

613 1752 726 1798 ma
754 1729 986 1820 gratiae
1015 1749 1182 1794 suae.
1227 1725 1411 1793 Psal.
1446 1747 1630 1808 mv,
1677 1723 1758 1791 10
1791 1745 1806 1789 :
1864 1722 2169 1789 Visitasti

616 1847 895 1916 terram,
946 1845 1008 1900 et
1047 1832 1404 1901 inebriasti
1444 1854 1623 1899 eam.
1679 1830 1871 1897 Tune
1907 1827 2168 1920 germi-

616 1950 780 2011 nant
844 1941 1015 2011 bene
1088 1939 1465 2030 operando.
1546 1936 1731 2005 Psal.
1791 1960 1972 2014 inv,
2031 1937 2164 2003 11:

615 2052 696 2118 In
735 2047 1117 2116 stillicidiis
1146 2046 1304 2137 ejus
1350 2045 1703 2115 laetabitur
1744 2045 2164 2136 qerminans.

704 2158 788 2225 Et
819 2166 977 2224 tunc
1015 2158 1301 2224 satiatur
1338 2157 1547 2223 etiam
1579 2154 1902 2245 operibus
1939 2151 2163 2229 boniS,

619 2287 768 2356 quae
797 2272 1071 2332 tuorum
1118 2285 1405 2353 operum
1463 2270 1627 2329 sunt
1661 2261 1942 2328 fruetus.
1997 2258 2173 2325 l‘ro-

618 2372 805 2442 verb.
841 2395 1027 2451 xxxi,
1061 2372 1187 2440 31:
1248 2374 1432 2440 Date
1479 2370 1544 2438 ei
1591 2370 1677 2437 de
1708 2371 1949 2460 fructu
2013 2390 2172 2437 ma-

620 2502 834 2547 numn
863 2500 1176 2547 suarum.
1224 2478 1429 2547 Joan.
1466 2500 1585 2556 xv,
1634 2478 1757 2545 163
1810 2476 2030 2545 Posui
2056 2499 2171 2543 vos

627 2593 702 2650 ut
736 2585 929 2665 eatis,
961 2592 1024 2649 et
1058 2584 1369 2673 [ructum
1415 2585 1757 2676 afferatis,
1809 2592 1873 2651 et
1896 2584 2171 2673 fructus

623 2701 832 2760 vester
861 2701 1157 2758 mancat.

710 3040 747 3078 ι
777 3010 1170 3081 Producens
1194 3012 1491 3102 soenum.
1534 3040 1569 3077 »ι
1607 3012 1738 3082 Ilio
1765 3012 2166 3091 seeundum.

624 3123 692 3189 in
724 3143 861 3212 quo
898 3127 1073 3190 taeta
1128 3141 1331 3189 causa
1391 3117 1983 3211 multiplicationis
2040 3143 2173 3189 nu-

620 3227 943 3305 trimenti,
988 3225 1299 3315 sequitur
1347 3225 1432 3296 de
1506 3227 1658 3318 ipso
1722 3227 2168 3306 nutrimento,

621 3335 803 3428 quod
852 3335 1065 3422 tangit
1120 3333 1399 3425 duplex.
1471 3334 1734 3414 Primo,
1778 3336 2174 3404 nutriuntur

622 3446 690 3512 iu
719 3443 966 3512 bieme.
1040 3443 1384 3524 Secundo,
1450 3445 1523 3513 in
1561 3467 1724 3514 vere
1790 3451 1857 3515 et
1910 3454 2167 3529 aestate,

619 3550 866 3621 scilieet
898 3573 1016 3642 per
1079 3549 1391 3631 herbam,
1453 3550 1575 3632 ibi,
1640 3577 1674 3618 ι
1734 3555 1833 3622 Et
1891 3552 2172 3623 herbam

617 3659 932 3727 servituti
963 3657 1347 3727 hominum.
1391 3685 1421 3721 ι

709 3765 889 3834 Dicit
918 3786 1123 3856 ergo:
1160 3764 1277 3835 Sic
1314 3765 1563 3857 irrigas
1593 3765 1752 3836 inde
1788 3766 2174 3859 producens

619 3875 874 3942 toenum
905 3871 1264 3961 jumentis,
1298 3895 1437 3964 quo
1468 3874 1870 3943 nutriuntur
1920 3875 1992 3942 in
2022 3873 2175 3943 hie-

620 4004 755 4049 me.
790 3977 867 4046 ln
900 3977 1080 4046 l‘sal.
1146 4000 1369 4058 cxuu,
1440 3982 1510 4058 9.
1578 3979 1795 4050 inira:
1843 3981 1983 4067 Qui
2052 3981 2176 4050 dat

610 4086 950 4177 jumentis
976 4106 1196 4152 escam
1256 4086 1594 4177 ipsorum,
1643 4095 1773 4157 ete.
1812 4116 1844 4152 α
1896 4090 1992 4157 Et
2018 4089 2177 4156 lecr-

623 4192 805 4270 bmn,
844 4221 875 4254 ιο
919 4214 1053 4283 qua
1097 4193 1339 4261 vivunt
1390 4195 1460 4261 in
1488 4202 1753 4275 testate,
1799 4221 1834 4261 ι
1862 4197 2178 4265 servituti

621 4301 1001 4380 livininnm,
1035 4324 1069 4366 s
1110 4302 1470 4390 jumentis.
1517 4324 1672 4394 quae
1718 4305 2026 4373 serviunt
2055 4301 2178 4371 bo-

623 4407 944 4477 minibus,
987 4406 1063 4476 ln
1121 4406 1306 4478 l’sal.
1373 4431 1597 4496 cxwi,
1639 4412 1710 4493 8,
1759 4410 1974 4482 inira:
2039 4415 2179 4499 Qui

617 4516 937 4610 producit
965 4518 1036 4585 in
1066 4515 1418 4587 montibus
1442 4521 1741 4610 loenum,
1786 4530 1851 4590 et
1892 4520 2174 4590 herbam

621 4626 934 4693 servituti
957 4623 1343 4696 hominum.
1392 4625 1719 4697 Jumenta
1754 4626 1829 4698 in
1877 4627 2176 4698 Ecclesia

626 4727 775 4808 Dei,
828 4730 1030 4798 activi
1073 4729 1267 4814 boni,
1344 4732 1464 4821 qui
1520 4740 1798 4824 portant
1834 4755 2069 4812 onera,
2109 4742 2176 4803 et

623 4834 933 4904 laborant
976 4843 1050 4904 ut
1078 4833 1192 4905 alii
1223 4846 1718 4910 sustententur.
1739 4839 1901 4920 Job,
1933 4862 2055 4920 xn,
2087 4841 2127 4910 Ἰ
2155 4862 2174 4912 3

622 4947 976 5032 Interroqa
996 4943 1349 5033 steinenla,
1376 4954 1442 5013 et
1486 4945 1825 5017 docebunt
1869 4959 1955 5017 te.
2002 4949 2176 5019 Boni

623 5050 889 5122 l’raelati
921 5060 989 5118 et
1052 5049 1406 5122 Doctores.
1463 5050 1591 5120 llis
1661 5051 1780 5122 dat
1834 5054 2178 5126 Dominus

623 5160 877 5229 imnum
951 5157 1463 5248 temporalium,
1496 5181 1660 5227 nam
1703 5158 2037 5230 debentur
2080 5164 2179 5232 eis

623 5263 1043 5357 temporalia.
1086 5263 1114 5332 l
1147 5263 1234 5333 ad
1266 5264 1581 5337 Corinth.
1629 5289 1723 5347 xx,
1764 5268 1837 5337 11
1877 5288 1895 5338 3
1944 5269 2031 5339 Si
2056 5292 2179 5339 nos

620 5372 809 5443 vobis
841 5372 1250 5466 spiritualia
1286 5375 1809 5462 seminavimus,
1843 5398 2178 5468 magnum

624 5490 720 5551 est
777 5484 842 5551 si
901 5505 1024 5552 nos
1092 5481 1417 5553 carnalia
1483 5494 1707 5554 vestra
1771 5494 2110 5555 metamus
2137 5483 2181 5555 P

623 5590 832 5674 Quasi
877 5591 1170 5664 diecret:
1242 5590 1427 5661 Non.
1471 5590 1558 5662 Et
1595 5591 1879 5679 ibidem,
1919 5601 1986 5674 5.
2041 5594 2172 5665 14:

1594 259 1679 325 D.
1732 257 1933 323 ALB.
1986 253 2201 321 MAG.
2259 252 2465 319 ORD.
2518 251 2810 320 PRAED.

2275 424 2617 493 Dominus
2671 423 3014 491 ordinavit
3044 427 3128 490 iis
3179 427 3303 514 qui
3349 426 3813 516 Euan-aelium

2277 532 2717 608 annuntiant,
2763 530 2844 597 de
2869 531 3248 619 Evanqelio
3289 533 3527 599 vivere.
3574 558 3608 598 a
3640 535 3811 600 Iler·
3910 602 3915 607 ,

2280 641 2435 710 bam
2472 641 2785 707 servituti
2819 639 3194 715 hominum,
3233 666 3265 700 »
3311 638 3602 706 eisdem:
3653 639 3816 728 quid

2278 754 2460 820 enim
2518 759 2673 817 sunt
2732 752 2858 839 ipsi
2913 749 3041 816 nisi
3081 748 3369 815 aliorum
3410 748 3644 815 servi?
3673 746 3701 812 l
3732 747 3818 813 ad

2277 857 2584 928 Corinth.
2663 881 2757 934 ιιι,
2824 859 2942 924 193
2992 858 3160 925 Cum
3235 877 3442 924 essem
3509 854 3680 921 liber
3735 876 3821 921 cx

2278 966 2619 1044 omnibus,
2656 967 2959 1033 onmium
2989 990 3093 1034 me
3128 986 3398 1033 servum
3424 966 3581 1055 feci.

2371 1198 2404 1239 α
2441 1176 2533 1243 Ut
2559 1175 2806 1243 educas
2837 1197 3109 1266 panem.
3165 1199 3198 1240 ιο
3241 1174 3370 1242 Hie
3418 1174 3814 1242 secundum.

2280 1280 2655 1372 Postquam
2687 1282 2866 1350 enim
2917 1289 3185 1349 ostensa
3243 1289 3345 1348 est
3384 1280 3508 1348 Dei
3560 1281 3824 1370 magni-

2279 1389 2550 1458 ficentia
2631 1391 2701 1457 in
2784 1391 3271 1457 sustentatione
3355 1397 3820 1456 creaturarum

2282 1497 2884 1579 irrationabilium,
2928 1498 3306 1566 ostenditur
3344 1506 3411 1565 et
3449 1498 3718 1565 bonitas
3749 1497 3820 1563 in

2282 1608 2700 1675 nutrimento
2758 1614 3214 1675 ereaturarum
3283 1606 3815 1675 rationabilium.

2282 1716 2367 1784 Et
2425 1714 2741 1783 dicuntur
2827 1713 2984 1782 duo.
3074 1713 3333 1793 Primo,
3404 1722 3820 1782 monstratur

2282 1822 2686 1913 magnificus
2749 1824 2820 1890 in
2867 1822 3149 1913 origine.
3186 1820 3528 1899 Secundo,
3599 1821 3669 1888 in
3708 1820 3818 1887 di-

2279 1933 2599 2000 versitate
2638 1931 3061 2013 nutrimenti,
3095 1930 3214 2010 ibi,
3244 1938 3309 2008 5.
3358 1932 3438 1999 15
3475 1952 3491 1998 3
3528 1956 3562 1996 α
3585 1932 3681 1998 Et
3711 1929 3818 1997 vi-

2279 2062 2473 2108 num.
2509 2066 2541 2102 ιι

2370 2147 2550 2216 Dicit
2579 2168 2781 2238 ergo:
2828 2147 2940 2215 Sic
2969 2147 3172 2238 rigaS,
3204 2154 3279 2213 ut
3323 2146 3817 2214 nutrimentum

2280 2255 2604 2344 jumentis
2659 2253 2979 2346 proferat,
3065 2255 3282 2343 ipsam
3361 2262 3612 2321 terram
3657 2276 3672 2321 :
3753 2260 3821 2321 et

2282 2362 2485 2430 etiam
2520 2388 2554 2428 α
2593 2372 2669 2431 ut
2688 2363 2935 2431 educas
2954 2383 3228 2453 panem,
3277 2388 3309 2426 ιι
3345 2360 3528 2452 quod
3567 2371 3667 2429 est
3698 2360 3819 2429 ho-

2283 2470 2486 2537 minis
2543 2471 3054 2551 nutrimentum,
3128 2494 3162 2535 ι
3203 2469 3287 2536 de
3344 2478 3549 2536 terra.
3601 2496 3635 2531 ι»
3682 2469 3811 2538 Isa.

2281 2601 2444 2659 xxx,
2488 2580 2616 2646 23:
2694 2577 2997 2647 Dabitur
3040 2578 3286 2668 pluvia
3358 2577 3607 2644 semini
3669 2586 3815 2656 tua,

2283 2684 2693 2775 ubicumque
2725 2685 3157 2753 seminaveris
3196 2685 3264 2749 in
3304 2694 3486 2750 terra
3519 2706 3541 2748 .·
3597 2693 3661 2749 et
3683 2706 3820 2772 pa-

2281 2795 2390 2860 nis
2412 2798 2706 2882 lruqum
2772 2803 2963 2861 terroe
3009 2794 3136 2861 erit
3166 2791 3574 2860 uberrimus.
3645 2791 3818 2858 Pro-

2281 2899 2471 2969 verb.
2552 2922 2670 2978 ιιι,
2772 2902 2887 2969 113
2977 2901 3113 2985 Qui
3173 2909 3498 2992 operatur
3565 2909 3819 2968 terram

2277 3030 2508 3087 suam,
2536 3008 2839 3077 satiatur
2883 3007 3204 3099 panibus.
3254 3006 3462 3076 Panis
3493 3007 3601 3076 hio
3656 3008 3819 3098 peti·

2281 3127 2415 3197 tur,
2450 3114 2689 3186 Manli.
2731 3139 2827 3201 vi,
2866 3118 2935 3185 11
2969 3139 2986 3185 3
3017 3119 3275 3186 Panem
3332 3125 3642 3185 nostrum
3706 3139 3821 3184 su·

2273 3225 2922 3319 persubstantialem
2962 3226 3055 3293 da
3084 3225 3278 3293 nobis
3314 3225 3542 3294 hodie.

2375 3570 2409 3611 ι
2441 3547 2537 3614 Et
2592 3545 2850 3612 vinum.
2887 3573 2920 3607 υ
2950 3543 3078 3613 llic
3130 3544 3532 3626 seeundum,
3582 3545 3647 3613 in
3680 3567 3818 3636 quo

2282 3659 2699 3722 monstratur
2763 3651 3263 3744 magnificentia
3312 3653 3381 3721 in
3435 3653 3820 3720 diversitate

2282 3761 2704 3831 nutrimenti.
2739 3759 2997 3839 Primo,
3031 3761 3100 3828 in
3137 3759 3268 3829 boc
3296 3761 3483 3853 quod
3532 3761 3825 3851 pertinet

2282 3870 2365 3938 ad
2399 3881 2661 3959 potum.
2708 3868 3048 3947 Secundo.
3088 3870 3159 3937 in
3189 3867 3514 3962 hocquod
3544 3870 3631 3938 ad
3649 3893 3824 3940 eon-

2283 3978 2690 4061 dimentum,
2724 3977 2844 4060 ibi,
2896 4004 2929 4042 ι
2971 3980 3056 4046 Ut
3086 3978 3450 4047 exhilaret.
3488 4006 3520 4044 ιι
3568 3979 3821 4060 Tertio,

2284 4085 2354 4154 in
2383 4085 2516 4155 hoc
2557 4086 2739 4178 quod
2762 4085 2844 4156 ad
2882 4084 3135 4166 eibum,
3176 4087 3340 4169 ihi,«
3381 4090 3477 4156 ΕΙ
3508 4091 3739 4180 panis.
3784 4116 3821 4155 s

2370 4194 2552 4265 Dicit
2598 4217 2803 4288 ergo:
2849 4194 2964 4265 Sic
3018 4196 3220 4287 rigas,
3281 4204 3357 4265 ut
3393 4197 3512 4266 des
3559 4195 3824 4267 homini

2284 4303 2778 4373 nutrimentum
2806 4325 2822 4371 3
2853 4311 2922 4372 et
2955 4303 3159 4372 etism
3224 4302 3415 4387 iacis,
3457 4313 3532 4372 ut
3587 4307 3825 4375 vinum

2293 4413 2587 4486 letificet
2637 4433 2758 4480 cor
2801 4408 3120 4479 bominis.
3185 4409 3394 4481 Eceli.
3451 4435 3641 4493 xxxi,
3694 4413 3822 4482 35:

2300 4525 2545 4593 Vinum
2576 4521 2646 4589 in
2682 4518 3194 4611 jucunditatem
3248 4531 3554 4590 creatum
3596 4531 3720 4600 est,
3760 4531 3827 4592 et

2282 4653 2417 4701 non
2450 4630 2521 4698 in
2549 4626 2961 4706 ebrietatem,
2992 4624 3083 4696 ab
3111 4628 3335 4696 initio.

2373 4734 2459 4803 Et
2502 4742 2691 4812 nota,
2733 4730 2915 4823 quod
2955 4742 3058 4803 est
3098 4732 3336 4802 vinum
3389 4733 3675 4814 malum,
3716 4735 3826 4803 vi-

2285 4864 2452 4911 num
2525 4839 2779 4909 seilicet
2833 4839 3099 4924 erroris,
3157 4839 3240 4910 de
3285 4863 3424 4932 quo
3488 4839 3817 4910 Proverb.

2283 4970 2474 5026 xxxi,
2507 4946 2600 5014 4:
2649 4944 2818 5014 Noli
2862 4945 3158 5038 reqibus,
3226 4969 3265 5013 o
3312 4947 3630 5029 Lamuel,
3674 4946 3827 5015 noli

2284 5053 2561 5148 regibus
2589 5052 2757 5123 dare
2785 5055 3041 5123 vinum.
3086 5053 3234 5122 Iloe
3264 5054 3557 5122 inebriat
3593 5054 3828 5123 diabo-

2284 5162 2393 5233 lus
2418 5161 2823 5255 AEgyptum.
2855 5160 2981 5231 lsa.
3027 5184 3171 5240 xix,
3236 5160 3316 5229 ¹4
3350 5182 3368 5228 3
3417 5162 3681 5231 Errare
3712 5171 3827 5253 se-

2284 5280 2519 5342 cerunt
2545 5271 2937 5360 Az'qyptum
2969 5271 3039 5337 in
3064 5269 3252 5336 omni
3277 5291 3476 5360 opere
3499 5292 3651 5350 suo,
3689 5271 3828 5340 sic-

2288 5391 2365 5450 ut
2389 5388 2578 5449 errat
2611 5377 2840 5448 ebrius
2908 5388 2973 5446 et
3015 5399 3305 5447 vomens.
3367 5377 3454 5449 Et
3496 5378 3821 5448 libidinis.

2284 5487 2435 5558 1100
2480 5485 2769 5556 inebriat
2809 5483 3059 5554 multos
3106 5477 3391 5569 fortiter,
3447 5495 3514 5556 et
3561 5487 3831 5555 inflam-

2285 5603 2452 5666 mat.
2520 5590 2851 5665 Proverb.
2907 5614 3028 5675 xx,
3109 5595 3189 5664 13
3240 5594 3642 5665 Luxuriosa
3693 5616 3823 5677 res,

3879 4734 4131 4793 ιι-ιιιριοι
