5008 6329
1928 292 2635 364 COMMENTARIUS
2684 294 2776 362 IN
2826 296 3263 368 PSALMUM
3314 302 3626 372 CXVIII.

1283 455 1361 522 In
1400 456 1508 524 his
1541 459 1914 529 delectatus
1943 485 2121 540 sum,
2151 487 2185 528 α
2216 465 2394 530 sicut
2424 463 2494 528 in
2527 463 2743 527 omni-

1195 563 1319 630 bus
1350 566 1641 652 divitiis,
1687 596 1721 632 ιο
1764 593 1905 638 non
1936 569 2447 661 temporalibus»,
2485 576 2552 634 et
2590 589 2741 634 cor-

1191 676 1565 764 poralibuS,
1631 703 1799 769 quas
1871 680 2122 748 Paulus
2179 686 2376 746 vocat
2418 686 2736 747 stercora.

1192 786 1300 854 Ad
1366 787 1618 879 Philip.
1664 813 1762 870 ιιι,
1834 793 1873 858 8
1934 814 1949 857 :
2014 790 2266 857 Omnia
2318 787 2618 854 arbitror
2665 798 2741 855 ut

1189 908 1514 969 stercora.
1547 900 1797 968 Thren.
1832 923 1926 978 w,
1963 902 2002 967 5
2040 922 2054 966 :
2096 899 2232 982 Qui
2259 898 2742 966 nutriebantur

1191 1008 1265 1074 in
1303 1012 1576 1089 croceis,
1637 1009 2030 1101 amplexati
2080 1018 2242 1077 sunt
2302 1020 2620 1079 stercora.
2656 1010 2741 1078 Et

1189 1127 1513 1198 stercora,
1577 1144 1715 1188 non
1791 1120 1877 1188 ad
1928 1121 2222 1189 fructum
2255 1123 2578 1201 foventia,
2621 1120 2739 1189 sed

1190 1228 1628 1295 excaecantia.
1671 1226 1840 1295 Tob.
1887 1250 1958 1309 u,
2007 1230 2112 1306 11,
2176 1237 2468 1297 stercora
2526 1249 2739 1295 excae-

1187 1346 1518 1407 caverunt
1557 1337 1791 1407 oculos
1819 1338 2076 1408 Tobiae.
2113 1339 2248 1407 Sed
2291 1341 2493 1407 etiam
2534 1339 2739 1428 spiri-

1193 1445 1514 1524 tualibuS,
1560 1444 1795 1536 quales
1852 1456 2012 1515 sunt
2055 1445 2629 1536 Philosophorum
2673 1453 2738 1513 et

1192 1557 1506 1624 omnium
1574 1555 1967 1648 hujusmodi
2025 1558 2349 1626 scientiae.
2400 1557 2484 1625 Et
2509 1559 2736 1625 minus

1191 1666 1376 1744 dicit,
1449 1677 1518 1737 et
1571 1669 1727 1760 plus
1790 1669 2129 1761 significat
2193 1693 2210 1738 ε
2278 1669 2493 1738 multo
2552 1654 2733 1738 enim

1191 1776 1414 1866 magis
1443 1777 1512 1843 in
1554 1774 1661 1844 his
1707 1777 2119 1845 testimoniis
2149 1775 2645 1845 delectandum.

1275 1883 1696 1952 Testimonia
1742 1884 1949 1952 etiam
2004 1892 2291 1975 possunt
2342 1883 2472 1952 dici
2529 1906 2733 1951 sacrae

1190 1989 1585 2081 Scriptura),
1611 1991 1694 2058 de
1725 1991 1976 2081 quibus
1997 1998 2218 2081 potest
2244 1991 2464 2059 dicere
2495 1990 2677 2059 Deus
2712 2012 2728 2059 ε

1183 2098 1619 2167 Scrutamini
1653 2100 2056 2189 Scripturas
2238 2109 2302 2166 et
2348 2097 2491 2166 iltae
2543 2107 2728 2177 sunt,

1183 2227 1339 2296 quse
1366 2206 1839 2273 testimonium
1872 2204 2235 2296 perhibent
2271 2205 2354 2273 de
2383 2227 2488 2273 me
2524 2206 2568 2272 ¹.
2602 2204 2733 2272 Via

1183 2323 1413 2384 autem
1472 2316 1560 2385 ad
1617 2315 1760 2384 haec
1816 2316 2209 2385 testimonia
2266 2314 2725 2407 intelligenda,

1182 2421 1495 2491 Christus
1521 2432 1647 2491 est.
1690 2423 1896 2491 Joan.
1932 2444 2073 2504 xiv,
2106 2425 2190 2490 6:
2231 2425 2385 2514 qu
2400 2446 2555 2492 sum
2587 2424 2724 2501 via.

1179 2540 1247 2598 et
1273 2532 1552 2608 veritas,
1595 2542 1661 2598 et
1704 2532 1872 2598 vita.
1936 2529 2013 2598 ln
2071 2527 2200 2599 hac
2253 2528 2724 2598 delectandum

1179 2659 1388 2727 super
1422 2660 1666 2705 omnes
1713 2637 1984 2705 divitias
2032 2645 2100 2705 et
2137 2636 2514 2705 thesauros».
2564 2636 2723 2716 Joh,

1178 2767 1419 2813 xxviii.
1479 2747 1558 2813 ¹3
1612 2769 1628 2813 :
1672 2747 1898 2814 Nescit
1935 2745 2138 2813 leomo
2185 2733 2487 2837 p'retium
2543 2744 2723 2834 ejus.

1178 2852 1287 2934 Et,
1315 2852 1518 2943 paulo
1541 2862 1719 2944 post,
1742 2860 1808 2929 5.
1841 2854 1920 2921 15
1945 2872 1964 2922 ε
1990 2853 2144 2922 Non
2172 2851 2456 2921 dabitur
2471 2874 2726 2921 aurum

1176 2959 1489 3028 obrizum
1531 2983 1661 3052 pro
1692 2983 1798 3041 ea,
1839 2982 1960 3028 nec
2012 2959 2439 3052 appendetur
2473 2983 2727 3049 arqen-

1171 3078 1326 3137 tum
1352 3069 1423 3137 in
1443 3069 1980 3136 commutatione
2006 3068 2227 3136 illius.
2262 3067 2565 3158 Sapient.
2598 3091 2719 3152 vu,

1174 3180 1216 3245 8
1260 3200 1276 3245 :
1316 3179 1675 3269 Praeposui
1713 3177 1918 3245 illam
1951 3177 2179 3268 reqnis
2224 3188 2288 3244 et
2321 3176 2619 3256 sedibus,
2662 3186 2726 3244 et

1174 3285 1460 3354 divitias
1486 3285 1673 3353 nihil
1704 3307 1843 3353 esse
1885 3283 2066 3352 desti
2111 3286 2182 3353 in
2219 3287 2725 3377 comparatione

1175 3393 1404 3461 illius.
1435 3391 1706 3484 Quippe
1731 3394 1875 3483 ipse
1904 3400 2034 3471 est,
2056 3391 2143 3460 de
2163 3414 2301 3483 quo
2323 3391 2719 3484 Apostolus.

1173 3500 1260 3569 ad
1298 3499 1564 3568 Coloss.
1621 3523 1692 3579 ιι.
1737 3501 1838 3568 3:
1910 3499 1995 3567 ln
2052 3499 2200 3591 ipso
2260 3509 2424 3567 sunt
2493 3521 2723 3566 omnes

1174 3607 1484 3676 thesauri
1536 3607 1896 3698 sapientia·
1967 3613 2033 3673 et
2090 3606 2387 3674 scientiae
2449 3605 2725 3674 abscon·

1179 3714 1339 3784 diti.

1275 4063 1310 4104 ι
1346 4037 1428 4106 In
1460 4035 1811 4105 monedatis
1852 4036 2016 4105 tuis.
2063 4062 2096 4097 n
2141 4033 2269 4105 llic
2305 4035 2501 4103 tertia
2540 4055 2720 4125 pars,

1180 4146 1252 4215 in
1284 4167 1418 4237 qua
1459 4152 1825 4236 postquam
1854 4141 2148 4211 ostendit
2178 4142 2248 4210 in
2278 4164 2416 4234 quo
2453 4141 2540 4209 sit
2570 4163 2729 4210 cor-

1180 4253 1394 4321 rectio
1425 4251 1711 4343 peccati‚
1753 4260 1821 4319 et
1847 4249 2043 4342 petiit
2088 4257 2166 4318 ut
2226 4247 2359 4318 hoc
2401 4248 2600 4317 detur
2634 4248 2722 4331 ei,

1177 4360 1518 4453 promittit
1555 4366 1630 4426 ut
1669 4356 1975 4448 judicem
2040 4355 2379 4425 efficacius
2450 4378 2725 4425 movere

1065 4501 1068 4506 ·
1176 4466 1419 4562 possit.
1453 4464 1768 4546 Quatuor
1803 4471 2034 4533 autem
2074 4464 2409 4555 promittit
2453 4463 2513 4531 si
2542 4463 2727 4532 Deus

1179 4571 1636 4666 precedentis
1671 4569 1955 4640 dederit.
1999 4569 2309 4640 Primum
2337 4580 2439 4639 est
2473 4571 2729 4640 exerci-

1179 4683 1349 4752 tatio
1418 4681 1489 4749 in
1557 4678 1898 4748 mandatis
1956 4677 2229 4746 divinis.
2301 4677 2721 4759 Secundum,

1179 4789 1638 4860 consideratio
1689 4787 1937 4856 divinae
1976 4786 2258 4876 justitioe
2318 4795 2383 4856 et
2428 4785 2722 4879 pietatis,

1180 4898 1300 4977 ibi.
1348 4924 1384 4962 α
1418 4898 1512 4966 Et
1541 4893 2008 4963 considerabo.
2053 4922 2086 4955 ο
2145 4893 2477 4977 Tertium,
2512 4894 2730 4963 medi·

1177 5007 1350 5076 tatio
1381 5004 1453 5072 in
1492 5001 1924 5073 caeremoniis
1980 5001 2328 5080 institutis,
2362 5009 2437 5070 ut
2476 5000 2729 5070 intelli-

1179 5123 1385 5208 gatur
1472 5113 1756 5182 interior
1823 5132 2065 5179 sensus
2140 5110 2536 5202 spiritualis,
2603 5112 2724 5197 ibi,

1179 5230 1250 5302 5.
1276 5224 1356 5289 16
1389 5243 1468 5290 τα
1502 5221 1586 5290 In
1602 5216 2262 5311 justificationibus.
2296 5243 2332 5286 s
2363 5217 2724 5300 Quartum,

1171 5326 1363 5418 jugis
1415 5323 1787 5394 verborum
1828 5320 2108 5391 Domini
2156 5322 2563 5406 recordatio,
2605 5322 2725 5407 ibi,

1183 5463 1217 5498 a
1257 5435 1414 5504 Non
1452 5431 1844 5501 obliviscar.
1883 5458 1921 5493 ιι

1144 5686 1151 5692 -
1254 5661 1277 5699 ¹
1307 5656 1476 5717 ioan.
1509 5655 1683 5726 ηπ.

4273 306 4401 371 247

2936 465 3114 533 Dicit
3164 491 3326 560 ergo
3370 493 3386 536 ε
3436 471 3550 540 Sic
3606 480 3762 563 peto
3813 472 3982 540 mihi
4030 472 4200 550 dari,
4263 494 4399 560 quo
4523 486 4533 496 ·

2848 572 2958 639 via
3033 577 3416 667 corrigatur
3476 605 3490 649 :
3563 587 3631 649 et
3694 590 3882 662 tunc,
3946 604 3987 648 o
4071 579 4395 657 Domine,

2853 711 2885 747 α
2930 686 3285 754 escercebor
3321 690 3394 755 in
3437 691 3789 758 mandatis
3827 693 3991 770 tuis,
4039 714 4071 755 s
4108 712 4234 756 usu
4273 711 4400 756 ex-

2847 793 3112 859 terioris
3145 797 3396 883 operiS,
3442 804 3694 864 terram
3736 799 4041 887 corporis
4073 818 4400 865 exercen-

2846 901 2960 984 do,
2994 910 3062 969 et
3089 901 3404 982 colend0‚
3449 913 3517 972 et
3554 907 3650 973 sic
3679 905 4080 973 aedificando
4114 904 4398 972 ulterius

2844 1009 3331 1077 conscientiam
3418 1034 3670 1094 meam,
3766 1012 4144 1080 secundum
4229 1010 4397 1078 illud

2846 1114 3177 1184 Proverb.
3236 1141 3426 1203 xxiv,
3488 1122 3571 1188 27
3632 1143 3646 1190 :
3715 1121 4109 1211 Diliqcnter
4170 1142 4400 1186 exerce

2844 1247 3093 1314 aqrum
3142 1236 3368 1307 tuum,
3410 1238 3476 1295 et
3492 1239 3737 1321 postea
3788 1228 4083 1317 aedifices
4112 1228 4395 1295 domum

2843 1342 3061 1400 tuam.
3099 1333 3255 1402 Non
3299 1358 3415 1404 ero
3480 1339 3765 1405 otiosuS.
3827 1336 4160 1405 Proverb.
4203 1358 4394 1418 xxxi,

2843 1441 2926 1507 27
2972 1463 2986 1507 :
3027 1441 3501 1511 Consideravit
3535 1445 3818 1512 semitas
3848 1445 4094 1511 domus
4133 1465 4298 1520 suae,
4334 1452 4399 1511 et

2834 1575 3087 1643 panem
3117 1555 3339 1621 otiosa
3368 1578 3504 1622 non
3536 1556 3853 1623 comedit.

2934 1688 2966 1723 «
2998 1664 3095 1729 Et
3121 1662 3590 1746 considerabo,
3634 1691 3667 1725 ιι
3706 1664 4067 1755 diligenter
4089 1662 4396 1753 cogitan-

2841 1765 2954 1845 do,
2991 1792 3025 1833 α
3067 1770 3216 1837 vias
3272 1779 3454 1849 tuas,
3519 1795 3552 1837 s
3593 1773 3967 1840 veritatem.
4020 1771 4274 1839 scilicet
4329 1780 4399 1840 et

2839 1873 3407 1943 misericordiam.
3444 1876 3694 1967 Supra,
3729 1878 3799 1944 in
3830 1875 4013 1944 Psal.
4038 1899 4226 1959 xxiv,
4256 1878 4337 1945 10
4372 1899 4390 1944 ε

2846 1986 3186 2054 Universae
3257 1989 3385 2055 viae
3450 1989 3761 2072 Domini,
3808 1987 4280 2057 misericordia
4332 1997 4397 2055 et

2836 2091 3108 2158 veritas.
3180 2090 3267 2158 Et
3321 2093 3656 2184 sequitur,
3697 2093 3874 2161 sicut
3940 2091 4183 2161 Glossa
4230 2093 4395 2161 dicit

2837 2203 3120 2290 optime,
3157 2202 3616 2272 consideratio
3656 2205 4073 2295 cognitionis
4122 2203 4209 2271 ad
4258 2203 4396 2270 im-

2834 2312 3207 2403 pletionem
3247 2313 3503 2383 divinae
3533 2315 3890 2406 jussionis.
3929 2314 4110 2382 Psal.
4156 2336 4388 2395 cxviii,

2840 2421 2965 2487 104
3001 2442 3017 2488 ε
3059 2422 3118 2489 Α
3176 2421 3533 2489 mandatis
3585 2424 3726 2490 tuis
3766 2422 4105 2489 intellexi.
4142 2421 4227 2489 Et
4279 2443 4394 2489 su-

2834 2548 2979 2615 pra.
3028 2526 3207 2595 l‘sal.
3241 2550 3350 2604 cx,
3391 2530 3472 2595 10
3507 2550 3523 2595 :
3558 2529 3957 2597 Intellectus
3997 2528 4211 2596 bonus
4237 2549 4392 2595 om-

2831 2634 3036 2702 nibus
3087 2636 3511 2725 facientibus
3565 2661 3745 2706 eum.
3792 2638 3878 2706 Et
3916 2636 4159 2706 Glossa
4197 2636 4315 2707 hic
4367 2659 4384 2705 z

2834 2742 3124 2810 «Nemo
3182 2744 3369 2811 enim
3426 2744 3514 2812 ad
3570 2743 3944 2835 penetralia
4004 2744 4386 2813 intellectus

2834 2874 2868 2915 α
2911 2851 3246 2940 pervenit,
3309 2851 3440 2919 nisi
3480 2852 3621 2920 vita
3687 2874 3860 2944 pura
3922 2854 4110 2943 prius
4157 2854 4385 2943 proxi-

2833 2979 2867 3020 «
2902 2978 3055 3024 mus
3091 2955 3317 3025 fuerit.
3354 2981 3390 3024 s
3438 2956 3573 3027 Sed
3605 2959 4027 3027 contrarium
4055 2957 4330 3027 videtur
4362 2982 4379 3028 ε

2829 3063 3026 3131 multi
3058 3066 3243 3131 enim
3272 3067 3418 3133 vita
3474 3064 3704 3156 longe,
3747 3075 3815 3135 et
3872 3068 4164 3159 peccatis
4219 3089 4389 3159 pro·

2827 3171 2993 3262 priis
3045 3169 3349 3263 elongati
3389 3171 3768 3263 loquuntur
3818 3174 4188 3265 aliquando
4228 3174 4388 3243 sub-

2826 3278 3078 3362 tiliora,
3121 3301 3330 3371 quam
3361 3280 3557 3370 justi.
3595 3280 4026 3373 Respondeo.
4060 3285 4387 3352 Penetra·

2830 3386 2929 3455 lia
2961 3387 3350 3456 intellectus
3384 3387 3711 3479 appellat,
3751 3412 3893 3458 non
3936 3388 4384 3460 subtilitatem

2826 3495 3267 3585 cognitionis,
3339 3517 3548 3587 quam
3597 3498 3944 3589 attingunt
4011 3498 4200 3575 mali.
4258 3498 4385 3568 sed

2827 3624 3143 3693 saporem
3211 3600 3593 3671 dulcedinis
3632 3603 4026 3674 divinorum
4073 3603 4389 3698 eloquio·

2828 3731 3009 3789 rum,
3052 3731 3260 3802 quem
3318 3712 3625 3779 sentiunt
3668 3710 3798 3782 soli
3867 3709 4060 3792 boni,
4114 3721 4181 3781 et
4234 3719 4385 3781 tum

2814 3838 2987 3885 mere
3015 3826 3473 3908 cognoscunt,
3508 3824 3576 3886 et
3602 3826 3965 3910 penetrant
3995 3818 4080 3887 ad
4117 3817 4392 3888 inferio·

2828 3945 2927 3992 ra.
2997 3924 3433 4015 Augustinus
3491 3947 3509 3993 ε
3571 3950 3606 3991 ι
3679 3925 3848 3994 Plus
3896 3926 4066 3995 mihi
4113 3925 4390 3995 videtur

2831 4055 2866 4096 ι
2900 4029 3127 4099 valere
3148 4029 3219 4098 in
3240 4028 3370 4099 hac
3388 4031 3862 4123 inquisitione,
3879 4032 4156 4102 vivendi
4177 4053 4386 4124 quam

2832 4163 2867 4204 ι
2899 4136 3226 4230 loquendi
3257 4137 3529 4209 modus.
3579 4164 3613 4205 s

2917 4486 2956 4528 ι
2988 4462 3075 4531 In
3114 4460 3750 4553 justificationibus
3794 4462 3958 4532 tuis.
4016 4491 4051 4527 ιι
4099 4462 4230 4533 llic
4255 4469 4388 4532 ter·

2830 4571 3027 4638 tium.
3077 4567 3291 4651 Quasi
3328 4568 3584 4639 diceret
3622 4590 3641 4640 2
3714 4568 3831 4640 Sic
3897 4572 4269 4641 exercebor
4312 4572 4386 4640 in

2830 4676 3195 4761 mandatis,
3246 4678 3365 4768 qui
3404 4679 3594 4769 prius
3630 4678 3702 4747 in
3742 4681 4063 4770 peccatis,
4114 4687 4182 4747 et
4224 4699 4388 4748 con-

2828 4782 3143 4853 siderabo
3198 4785 3347 4853 vias
3412 4793 3591 4865 tuas,
3643 4787 3760 4877 qui
3817 4785 4008 4878 prius
4046 4783 4385 4877 sequebar

2830 4892 3143 4983 proprias
3186 4911 3204 4959 z
3250 4918 3284 4954 α
3338 4901 3428 4958 -et
3489 4890 3898 4972 meditabor,
3963 4917 3997 4958 s
4046 4889 4383 4984 profunde

2829 4997 3226 5089 cogitando,
3257 5006 3326 5067 et
3353 4998 3807 5080 discutiendo,
3852 5025 3886 5066 α
3931 5001 4002 5069 in
4019 5000 4392 5092 justifica-

2831 5107 3138 5177 tionibus
3174 5108 3344 5189 tuis‚
3380 5134 3415 5172 s
3458 5109 3529 5178 in
3576 5107 4168 5178 coeremonialibus
4205 5132 4389 5202 prae-

2830 5215 3044 5306 ceptis
3074 5216 3410 5307 quasdam
3451 5216 3838 5309 spirituales
3866 5217 4171 5309 justitias
4225 5239 4390 5286 con·

2832 5322 3234 5409 tinentibus,
3277 5324 3457 5393 sicut
3486 5324 3625 5393 fere
3660 5326 3895 5394 omnia
3933 5349 4083 5418 quae
4114 5326 4391 5395 tradun-

2832 5439 2946 5500 tur
2971 5431 3192 5522 capite
3222 5453 3343 5501 xxx
3380 5430 3596 5501 Exodi
3643 5455 3862 5527 nsque
3917 5434 4000 5503 ad
4051 5434 4285 5522 finem,
4318 5439 4390 5501 et
