5008 6329
948 4329 1134 4397 loz

1994 358 2707 428 COMMENTARIUS
2757 360 2853 426 IN
2897 359 3337 427 PSALMUM
3389 359 3694 427 CXVIII.

1505 543 1817 613 semper,
1855 545 1922 597 et
1954 528 2184 621 legem
2216 549 2415 600 tuam
2449 552 2596 598 non
2628 550 2794 597 sum

1504 630 1805 704 oblitus».

1252 734 1877 811 110.Posuerunt
1957 762 2360 834 peccatores
2447 742 2793 833 laqueum

1503 845 1714 931 mihi,
1778 868 1849 918 et
1906 850 1994 917 de
2047 848 2407 918 mandatis
2459 847 2604 917 tuis
2647 870 2793 918 non

1506 955 1761 1037 erravi.

1249 1078 1400 1124 111.
1460 1057 1907 1132 Haereditate
1961 1063 2311 1156 acquisivi
2374 1064 2797 1135 testimonia

1502 1184 1625 1236 tua
1657 1169 1729 1236 in
1784 1187 2160 1255 aeternum,
2211 1173 2382 1265 quia
2411 1171 2797 1243 exsultatio

1502 1274 1745 1343 cordis
1785 1277 1927 1346 mei
1964 1298 2160 1350 sunt.

1244 1400 1400 1449 112.
1456 1380 1806 1453 Inclinavi
1840 1403 1964 1456 cor
2003 1410 2251 1458 meum
2287 1389 2374 1458 ad
2425 1386 2796 1457 faciendas

1513 1489 2058 1579 justificationes
2091 1516 2277 1581 ωας,
2304 1498 2375 1566 in
2410 1514 2791 1575 aeternum,

1503 1616 1803 1689 propter
1832 1602 2412 1673 retributionem.

1847 2079 2177 2171 mss-(3).

1318 2526 1354 2562 α
1387 2500 1699 2567 Lucerna
1733 2499 2027 2590 pedibus
2065 2501 2255 2568 meis.
2293 2525 2327 2565 n
2377 2499 2506 2568 llic
2545 2522 2795 2570 secun-

1235 2603 1425 2683 dum,
1471 2605 1543 2672 in
1574 2628 1712 2696 quo
1755 2608 1984 2696 agitur
2023 2606 2105 2674 de
2136 2606 2498 2675 dilectione
2543 2607 2792 2676 divinae

1229 2710 1423 2802 legia,
1467 2713 1733 2781 ratione
1765 2714 1906 2780 veri
1951 2714 2229 2782 luminis
2271 2713 2454 2804 quod
2496 2713 2794 2783 infundit

1228 2819 1313 2886 ad
1372 2820 1749 2911 regendum
1810 2821 2139 2899 animani,
2183 2830 2253 2889 et
2289 2821 2679 2889 ducendum
2721 2823 2790 2889 in

1227 2951 1577 2996 summum
1611 2929 1874 2997 bonum
1912 2952 1927 2997 :
1973 2938 2040 2997 et
2069 2930 2390 2998 dicuntur
2434 2931 2588 2998 tria.
2633 2930 2794 2998 Pri-

1230 3057 1369 3115 mo,
1429 3034 1684 3105 divinae
1756 3036 1928 3129 legis
2002 3037 2547 3118 commendatio,
2618 3046 2796 3106 tam-

1225 3166 1433 3235 quam
1493 3144 1895 3215 desideratae
1975 3155 2044 3216 et
2100 3154 2373 3215 amatae.
2440 3145 2788 3228 SecundO,

1225 3251 1417 3320 fortis
1492 3253 1798 3322 adhaesio
1866 3262 2110 3323 amatae
2178 3263 2247 3323 et
2307 3255 2595 3336 dilectae,
2667 3253 2787 3333 ibi,

1223 3366 1290 3435 5.
1338 3362 1508 3428 106:
1550 3386 1583 3426 ι
1614 3365 1871 3431 Juravi
1907 3372 1971 3431 el
1997 3364 2244 3430 statui.
2282 3387 2315 3427 ι
2348 3363 2603 3440 Terti0,
2636 3385 2795 3454 pro·

1221 3466 1440 3537 fectus
1479 3471 1844 3564 multiplex
1875 3494 1961 3540 ex
2018 3480 2246 3541 amata
2288 3474 2623 3563 tangitur,
2665 3471 2786 3552 ibi,

1221 3582 1283 3651 5.
1334 3578 1456 3645 107
1495 3601 1510 3646 :
1557 3606 1589 3645 ι
1617 3579 2058 3648 IlumiIiatus
2083 3602 2261 3648 sum.
2301 3606 2335 3646 ι

1312 3681 1388 3751 In
1426 3686 1653 3777 prima
1719 3685 1882 3755 duo.
1955 3685 2217 3765 Primo,
2296 3684 2546 3754 divinae
2612 3684 2791 3778 legis

1222 3791 1734 3861 cummendatio
1764 3801 2105 3884 quantum
2135 3790 2222 3860 ad
2266 3792 2787 3863 Testamentum

1224 3897 1464 3967 Vetus.
1501 3899 1852 3981 Secundo,
1915 3908 2254 3993 quantum
2321 3901 2408 3969 ad
2473 3901 2782 3981 Novum,

1224 4004 1344 4086 ibi,
1400 4008 1552 4075 «Et
1582 4007 1846 4078 lumen.
1892 4032 1927 4075 ι

1309 4312 1492 4382 Dicit
1532 4333 1742 4404 ergo:
1780 4313 1925 4395 Sic,
1956 4312 2279 4395 Domine,
2320 4313 2528 4384 dilexi
2559 4313 2787 4406 legem

1223 4432 1438 4502 tuam,
1481 4432 1765 4515 propter
1800 4424 2178 4493 bonitatem
2228 4433 2294 4494 et
2349 4424 2784 4495 dulcedinem

1223 4555 1431 4624 quam
1462 4532 1644 4600 sensi
1686 4533 1755 4599 in
1800 4531 1958 4601 illa:
2040 4540 2110 4600 et
2161 4534 2369 4601 etiam
2431 4558 2466 4601 ι
2499 4534 2783 4604 verbum

1224 4649 1449 4723 tuum,
1493 4667 1527 4701 ι»
1586 4659 1713 4730 per
1775 4637 2115 4731 Moysem,
2158 4649 2224 4709 et
2264 4639 2648 4732 Prophetas
2696 4641 2785 4710 ad

1223 4772 1348 4817 nos
1402 4745 1734 4828 delatum,
1812 4754 1914 4815 est
1990 4772 2025 4815 «
2071 4748 2375 4834 lucerna,
2435 4773 2470 4816 ι
2514 4749 2634 4819 lux
2711 4751 2782 4819 in

1220 4861 1419 4938 testa,
1459 4852 1714 4922 veritas
1749 4852 2007 4921 seilicet
2043 4852 2172 4922 sub
2202 4853 2565 4946 multiplici
2596 4855 2784 4947 ligu-

1222 4983 1318 5045 ra,
1363 4986 1399 5024 α
1433 4956 1732 5050 pedibus
1771 4961 1965 5039 meis,
2004 4984 2039 5025 ιι
2099 4958 2471 5052 dirigendis
2528 4959 2614 5029 ad
2680 4969 2774 5041 te,

1218 5066 1474 5136 scilicet
1502 5064 1980 5134 allectionibus
2021 5068 2215 5137 meis.
2245 5066 2304 5135 II
2339 5066 2526 5137 Petr.
2569 5090 2618 5148 1,
2650 5067 2771 5137 19:

1218 5174 1569 5244 Habemus
1598 5172 1979 5263 firmiorem
2001 5175 2481 5267 propheticum
2508 5198 2778 5245 sermo-

1218 5306 1398 5362 nem,
1440 5282 1557 5350 cui
1615 5280 1777 5350 bene
1801 5281 2041 5371 facitis
2097 5283 2549 5366 attendentes,
2607 5307 2780 5375 qua·

1213 5389 1278 5458 si
1343 5389 1636 5458 lucernae
1697 5388 1954 5458 lucenti
2011 5389 2082 5457 in
2149 5390 2534 5485 ealiqinoso
2597 5392 2770 5461 loco.

1212 5496 1369 5581 sob,
1411 5520 1600 5579 xxix,
1638 5498 1720 5566 3:
1771 5497 2066 5583 Quando
2091 5499 2497 5591 splendebat
2558 5499 2776 5569 lucer·

1214 5629 1306 5676 na
1343 5606 1500 5696 ejus
1525 5627 1735 5698 super
1771 5615 1982 5698 eaput
2028 5628 2280 5688 meum,
2349 5609 2608 5679 scilicet
2661 5607 2773 5678 lex

1215 5715 1446 5786 divina
1477 5736 1685 5806 super
1720 5722 2024 5785 mentem
2056 5722 2120 5785 et
2149 5714 2493 5787 affectum.

4318 357 4448 424 299

2994 553 3026 592 α
3074 532 3194 608 Et,
3236 553 3266 592 n
3322 528 3605 595 verbum
3659 537 3853 595 tuum
3919 525 4436 615 Evangelicum‚

2901 645 3003 704 est
3037 662 3067 702 α
3104 638 3336 704 lumen
3373 638 3629 704 semilis
3663 640 3850 715 mele,
3886 666 3918 698 »
3956 634 4391 704 ostendendis
4426 657 4440 701 ε

2898 766 3279 835 numquam
3319 747 3499 813 enim
3539 752 3694 813 ante
3724 745 3982 811 semitae
4004 743 4445 811 consiliorum

2898 850 3026 920 Dei
3060 863 3249 921 erant
3298 863 3613 935 ostensae,
3675 853 3793 921 sed
3841 852 4170 932 latebant,
4230 851 4445 918 donec

2899 962 3088 1029 venit
3125 961 3480 1053 Evangelii
3512 962 3764 1029 lumen.
3804 963 3934 1028 lsa.
3983 984 4089 1037 Lx,
4127 960 4207 1027 3:
4268 960 4446 1024 Am-

2902 1067 3242 1137 bulabunl
3275 1071 3513 1138 Gentes
3551 1071 3619 1135 in
3665 1068 3925 1135 lumine
3957 1078 4097 1134 tue.
4134 1065 4233 1132 De
4263 1073 4445 1132 utro-

2901 1198 3031 1266 que
3071 1176 3301 1257 simul,
3337 1176 3663 1244 Proverb.
3698 1199 3791 1256 vt,
3843 1177 3972 1244 23:
4024 1173 4440 1243 Mandalum

2904 1284 3181 1350 lucerna
3248 1293 3367 1363 est,
3435 1295 3495 1351 et
3582 1284 3693 1351 lex
3755 1284 3907 1350 luoe.
3996 1282 4435 1356 Mandatum,

2902 1399 3234 1481 quantum
3275 1391 3358 1458 ad
3398 1391 3616 1481 legem
3649 1401 3977 1469 veterem,
4032 1412 4181 1480 quae
4248 1387 4443 1480 quasi

2901 1520 2940 1564 a
2978 1499 3257 1566 remotis
3287 1498 3737 1565 mandabatur
3781 1522 3795 1565 :
3844 1498 3957 1565 lex
4001 1520 4164 1565 vero
4224 1495 4443 1586 ligans

2901 1608 3201 1674 suaviter
3238 1615 3303 1674 et
3341 1617 3569 1697 aperte
3638 1606 4057 1683 illuminaus,
4111 1612 4442 1694 quantum

2901 1713 2988 1781 ad
3025 1713 3502 1805 Evangelium.

2988 1820 3293 1889 Lucerna
3349 1824 3579 1901 etiam,
3639 1820 3949 1888 Verbum
4005 1819 4130 1887 Dei
4198 1817 4436 1902 Filius,

2904 1956 2938 1993 α
2964 1927 3259 2020 pedibus
3288 1931 3501 1997 meis:
3564 1955 3594 1992 n
3637 1927 3912 1997 lucerna
3952 1928 4134 1995 enim
4191 1925 4309 1993 lux
4371 1925 4443 1992 in

2899 2043 3096 2115 testa,
3124 2037 3445 2106 divinitas
3475 2038 3543 2105 in
3590 2061 3882 2128 persona
3913 2035 4063 2104 Filii
4129 2035 4344 2105 latens
4374 2035 4444 2100 in

2900 2168 3102 2215 earne
3144 2155 3400 2229 nostra,
3445 2147 3526 2215 de
3559 2169 3716 2237 qua,
3752 2144 3994 2214 Mattln.
4031 2168 4099 2228 v,
4141 2146 4261 2210 125:
4304 2144 4447 2211 Ne-

2899 2279 3032 2347 que
3068 2257 3447 2324 accendunt
3480 2255 3857 2339 lucernam,
3899 2267 3962 2322 et
3993 2262 4263 2347 ponunt
4294 2273 4444 2319 eam

2895 2363 3023 2430 sub
3048 2364 3306 2444 medie,
3346 2363 3470 2431 sed
3497 2386 3703 2455 super
3741 2361 4265 2444 candelabrum,
4298 2382 4447 2428 cru·

2897 2492 3045 2538 cem
3085 2470 3364 2540 scilicet.
3409 2469 3471 2539 11
3524 2471 3607 2538 ad
3667 2468 3977 2538 Corinth.
4023 2492 4167 2546 xm,
4203 2470 4285 2535 3:
4336 2469 4446 2535 An

2897 2579 3444 2669 esperinzeutum
3482 2580 3790 2669 quaeritis
3820 2578 4001 2667 ejus,
4036 2578 4158 2667 qui
4215 2577 4282 2643 in
4340 2597 4447 2642 me

2901 2684 3214 2775 quuitur
3243 2686 3551 2753 Christus
3577 2684 3617 2751 ἶ)
3646 2686 3729 2751 lit
3768 2686 3990 2776 ipsum
4016 2684 4272 2762 lumen,
4307 2684 4447 2750 imo

2895 2795 3017 2862 lux
3055 2794 3137 2862 ad
3169 2797 3449 2863 semitas
3506 2793 4006 2863 ostendendum
4050 2793 4446 2861 illuminans

2895 2900 3125 2979 corda,
3169 2911 3233 2970 el
3263 2925 3386 2992 per
3412 2902 3703 2992 seipsam
3737 2901 4011 2969 docens.
4044 2901 4246 2967 Joan.
4293 2924 4339 2982 1,
4364 2905 4440 2966 a:

2895 3010 3273 3080 Illuminal
3300 3035 3563 3079 omnem
3597 3010 3938 3079 hominem
3972 3013 4339 3078 venientem
4375 3011 4446 3076 in

2894 3120 3073 3189 hune
3100 3121 3464 3190 mundum.
3502 3121 3607 3202 Εἰ,
3642 3120 3923 3203 ibidem,
3957 3143 4100 3199 vm,
4134 3122 4253 3188 12:
4291 3121 4444 3210 [syo

2892 3252 3047 3296 sum
3091 3230 3220 3297 lux
3247 3230 3518 3310 numdi,
3552 3239 3679 3297 etc.
3717 3229 3737 3295 1
3780 3229 3983 3298 Joan.
4039 3252 4083 3306 1,
4127 3231 4212 3296 5:
4260 3231 4446 3296 Deus

2898 3335 3029 3403 lux
3055 3347 3177 3415 est,
3209 3347 3274 3403 et
3313 3336 3597 3405 tenebrae
3631 3338 3699 3403 in
3742 3362 3816 3403 eo
3846 3361 3982 3404 non
4028 3345 4192 3403 suut
4249 3335 4439 3403 ullae.

2891 3442 3094 3510 Juan.
3139 3467 3260 3524 xn,
3295 3445 3378 3513 35
3412 3465 3428 3512 :
3472 3443 3848 3513 Ambedale
3875 3445 4041 3511 dum
4078 3443 4294 3511 lucem
4324 3442 4445 3509 lm·

2896 3550 3089 3630 betis,
3122 3551 3326 3621 vobis
3354 3555 3630 3621 semitas
3669 3552 4169 3621 ostendentem.

2990 3906 3023 3946 ι
3060 3881 3312 3949 ,Ιηναυί
3346 3891 3411 3950 et
3444 3882 3685 3949 statui.
3735 3906 3767 3947 ι
3827 3880 3956 3948 llic
4031 3881 4434 3962 secundum,

2895 3987 3097 4058 firma
3134 3987 3386 4058 scilicet
3414 3988 3712 4056 adltaesio
3743 3989 3867 4080 ipsi
3901 3988 4034 4077 legi
4066 4012 4185 4080 per
4211 4013 4441 4058 sacra-

2892 4104 3204 4166 mentum
3233 4098 3396 4175 oris,
3438 4104 3504 4165 et
3532 4097 3959 4188 propositum
3991 4096 4264 4165 firmum
4294 4120 4441 4166 cor-

2892 4205 3021 4288 dIS,
3065 4207 3189 4291 ibi,
3225 4208 3375 4275 «Et
3406 4207 3647 4275 statui.
3688 4231 3722 4271 ι

2981 4316 3096 4384 Ait
3122 4317 3305 4386 enim
3341 4338 3358 4383 :
3394 4312 3508 4384 Sic
3537 4313 3824 4383 verbum
3865 4322 4059 4383 tuum
4117 4338 4229 4384 me
4287 4315 4438 4385 luce

2890 4424 3260 4517 perfundit,
3319 4431 3386 4491 et
3446 4432 3722 4515 propter
3777 4422 3935 4503 hoc,
4008 4423 4351 4514 «juravi,
4399 4453 4432 4489 ιο

2889 4554 3006 4601 ore
3070 4530 3435 4601 asserendo
3480 4554 3636 4600 cum
3692 4532 4128 4600 attestatione
4172 4532 4429 4612 divina,

2889 4666 2923 4708 ι
2954 4650 3019 4710 e!
3051 4641 3294 4720 statui,
3323 4666 3354 4704 n
3393 4640 3678 4708 tirmiter
3717 4639 3785 4707 iu
3825 4639 4056 4717 corde,
4119 4666 4165 4708 ἰ
4198 4652 4430 4709 custo·

2885 4748 3058 4830 dire,
3089 4755 3220 4817 etc.
3260 4776 3294 4811 n
3339 4744 3485 4827 Vel,
3544 4746 3920 4815 secundum
3978 4757 4204 4839 potest
4278 4772 4426 4816 esse

2882 4858 3085 4950 primi
3118 4857 3475 4948 expositio.
3509 4855 3720 4937 Quasi
3768 4857 4021 4926 diceret
4054 4878 4071 4925 ε
4119 4886 4151 4920 «ι
4182 4858 4436 4926 ,Ιηναυί

2883 4975 2948 5033 et
2972 4965 3213 5043 statui,
3247 4988 3277 5027 ι
3330 4966 3399 5033 in
3437 4962 3638 5032 corde
3670 4985 3825 5033 meo
3857 4964 4144 5032 tirmiter
4172 4985 4423 5055 propo·

2882 5071 3140 5158 nend0,
3235 5100 3270 5135 ι
3347 5071 3689 5140 custodire
3756 5069 4043 5161 judicia
4124 5070 4430 5161 justitia·

2883 5191 3043 5262 ωε,
3090 5207 3126 5244 n
3168 5179 3353 5270 leges
3398 5186 3577 5258 tuas,
3629 5200 3668 5245 a
3724 5184 3842 5245 tua
3894 5177 4185 5265 justitia,
4245 5187 4430 5247 tam-

2881 5311 3090 5380 quam
3124 5285 3437 5380 quoedam
3459 5285 3718 5376 judicia
3747 5295 4132 5367 manantes,
4189 5294 4265 5356 ut
4328 5289 4427 5358 sic

2880 5418 3231 5466 manerem
3270 5416 3541 5486 semper
3569 5396 3637 5462 in
3675 5391 3837 5461 illis.
3897 5391 4005 5460 Ad
4070 5393 4278 5465 Hebr.
4323 5419 4424 5480 vt,

2885 5505 2967 5572 16
3002 5525 3018 5572 :
3057 5505 3298 5575 Omnis
3334 5501 3803 5570 controversiae
3853 5500 4020 5589 finis
4055 5512 4153 5570 est
4204 5503 4431 5593 jura-

2878 5621 3209 5682 mentum.
3247 5607 3323 5677 Si
3352 5616 3579 5678 autem
3621 5607 3986 5699 rumpitur,
4020 5617 4258 5678 caveat
4294 5608 4424 5677 sibi

2877 5719 2994 5809 qui
3014 5718 3339 5809 praeterit.
3365 5713 3695 5785 Ezechiel.
3721 5737 3889 5795 xvn,
3922 5717 3999 5784 19
4030 5718 4427 5787 :Im-amen·

4521 1852 4739 1899 Lucerna

4473 1908 4670 1953 verbum
4705 1902 4790 1949 Del

4493 1961 4770 2007 mereatum.
