5008 6329
337 1911 580 1957 Advocati

299 1966 434 2010 ranis
473 1976 618 2011 eom·
632 2001 645 2012 .

378 2019 547 2076 parati.

651 283 736 399 ‘72

637 504 1110 595 ‘tiphe-ationis
1178 509 1283 575 vel
1327 511 1663 579 infestatio
1705 514 2193 605 sssgyptiorum

639 635 772 703 per
842 614 1336 703 multiplicatas,
1422 617 1536 700 ibi,
1612 644 1644 684 «
1698 621 1777 688 In
1812 621 2197 712 penetrali-

656 720 800 790 bus·
840 747 871 787 n

745 833 859 899 Ait
921 835 1098 900 enim
1155 856 1168 901 :
1232 832 1342 900 Sic
1409 858 1619 924 aquas
1649 838 1718 903 in
1788 838 2192 928 sanguinem

655 941 1011 1022 convertit,
1057 967 1085 1002 «ε
1116 951 1176 1006 et
1206 941 1416 1023 dedit,
1452 968 1484 1008 »
1518 953 1673 1034 post
1709 945 1868 1026 hoc,
1932 973 1966 1009 ιι
2013 956 2193 1013 terra

654 1065 884 1111 eorum
944 1069 1171 1117 ranas.
1253 1078 1285 1113 n
1353 1049 1482 1119 Vel
1546 1052 1922 1120 secundum
1988 1053 2192 1119 aliam

652 1150 944 1221 litteram
995 1177 1009 1224 ε
1057 1183 1087 1221 α
1127 1158 1321 1226 Dedit
1366 1167 1615 1227 terram
1655 1183 1896 1228 eorum
1967 1161 2036 1226 in
2087 1180 2192 1225 ra·

649 1280 797 1329 nas.
847 1291 878 1325 n

747 1395 780 1431 «
828 1369 910 1437 In
950 1372 1437 1461 penetralibus,
1480 1401 1510 1435 »
1561 1374 1631 1440 in
1678 1376 1968 1443 caminis
2004 1374 2193 1442 scili-

651 1483 756 1543 cet
823 1484 889 1543 et
971 1478 1290 1544 cubiculis
1330 1501 1393 1544 ¹«
1444 1503 1681 1571 requm
1761 1484 2090 1574 ipsorum.
2155 1507 2186 1546 »

648 1581 868 1650 Exod.
909 1607 1052 1663 vm,
1086 1586 1124 1652 3
1168 1608 1181 1653 ε
1241 1588 1634 1672 Ascendent,
1678 1591 1935 1659 scilicet
1982 1614 2187 1668 ranae,

648 1697 711 1753 et
747 1690 1207 1780 inqredientm·
1234 1694 1510 1762 domum
1561 1707 1781 1774 tuam,
1815 1708 1880 1765 et
1906 1697 2193 1766 cubicu-

629 1795 798 1887 lum
824 1797 1054 1867 lectuli
1080 1800 1205 1866 tui.

738 1903 903 1972 Post
933 1909 1439 1976 conversionem
1480 1934 1658 1978 verte
1716 1914 2066 2003 sapientiae
2121 1914 2189 1980 in

650 2010 1063 2080 mundanam
1102 2024 1168 2082 et
1216 2016 1579 2097 carnalem,
1633 2022 1943 2110 sequitur
1990 2043 2193 2089 rana-

649 2140 802 2186 rum
850 2119 1342 2211 multiplicatiO,
1396 2124 1886 2195 advocatorum
1944 2152 2193 2219 garru-

648 2220 892 2291 lorum.
953 2226 1230 2316 Apocal.
1302 2252 1440 2313 xvi,
1506 2232 1586 2298 13
1639 2254 1655 2300 ε
1734 2235 1888 2301 Vidi
1942 2235 2026 2301 de
2080 2257 2193 2302 ore

648 2330 985 2415 draconis,
1044 2333 1372 2404 daemonis
1453 2339 1731 2416 scilicet,
1822 2352 1885 2409 et
1941 2343 2026 2410 de
2079 2366 2192 2409 ore

640 2439 1262 2534 pseudoprophetae,
1330 2445 1580 2514 diaboli
1640 2448 1920 2541 longam
1977 2452 2188 2518 vitam

648 2555 714 2615 et
751 2547 1020 2618 divitias
1048 2554 1524 2642 promittentis,
1563 2559 1854 2648 spiritus
1882 2568 2017 2626 tres
2055 2561 2192 2627 im-

647 2656 964 2738 mundos,
1024 2658 1237 2727 malos
1300 2662 1552 2732 scilicet
1624 2664 2020 2746 advocatoS,
2073 2668 2187 2758 qui

645 2761 962 2830 auferunt
988 2764 1233 2834 scilicet
1266 2790 1403 2836 rem
1434 2777 1500 2837 et
1524 2793 1772 2861 corpus
1802 2782 1869 2842 et
1909 2775 2185 2856 samam,

644 2869 718 2935 in
757 2870 1032 2939 modum
1071 2896 1399 2942 ranarum
1440 2881 1911 2968 garrientium,
1955 2889 2021 2949 et
2073 2905 2189 2949 as-

642 2976 940 3047 cendunt
960 3001 1168 3073 usque
1191 2982 1271 3049 ad
1297 2983 1605 3055 cubicula
1627 3010 1867 3080 regum
1886 2990 2190 3081 :magnis

644 3085 828 3153 enim
866 3095 1023 3155 sunt
1075 3088 1456 3160 familiares,
1519 3093 1700 3162 Psal.
1749 3118 2003 3178 nxxvn,
2039 3098 2124 3166 45
2168 3121 2184 3166 ε

619 3192 839 3262 Misit
875 3196 944 3303 in
972 3219 1088 3265 eos
1117 3221 1384 3279 ranam,
1424 3211 1489 3268 et
1512 3201 1928 3296 disperdidit
1962 3228 2096 3274 eos.

739 3538 773 3577 s
805 3513 1028 3590 Dixit,
1072 3527 1135 3582 et
1197 3518 1396 3595 renit.
1433 3542 1465 3581 ι
1513 3515 1635 3586 Hie
1693 3527 2014 3611 quartum
2088 3522 2189 3590 si-

641 3643 881 3713 gnum,
947 3623 1198 3692 scilicet
1261 3626 1591 3693 immissio
1658 3649 2049 3698 muscarum
2116 3604 2217 3699 ἰιιο

643 3727 1077 3811 abundantia.
1125 3731 1353 3801 Primo
1409 3757 1574 3826 ergo
1634 3736 1856 3827 tangit
1909 3759 2187 3808 musca·

621 3832 792 3921 Jru'm
867 3835 1424 3929 procreationem.
1515 3840 1863 3925 Secundo,
1922 3854 2189 3916 creata-

631 3965 821 4024 rum,
861 3942 971 4012 vel
1002 3946 1455 4016 immissarum
1508 3947 2028 4032 abundantiam,
2060 3953 2179 4033 ibi,

642 4073 677 4115 ι
719 4050 800 4119 In
830 4050 1164 4121 omnibus.
1214 4081 1246 4116 ι

627 4158 632 4165 ’
730 4156 813 4226 Bt
848 4159 1094 4249 primo,
1117 4163 1462 4253 tangitur
1447 4167 1780 4236 immissio
1811 4169 2178 4259 majorum.

622 4242 984 4349 Secundo,
1006 4269 1374 4351 minorum,
1400 4271 1516 4350 ibi,
1554 4302 1587 4336 α
1619 4275 1717 4342 Η
1741 4277 2107 4371 sciniphes
2144 4304 2179 4345 s

620 4376 630 4381 ’
723 4372 905 4445 Dicit
930 4376 1154 4448 enim:
1197 4375 1383 4448 Dixit
1410 4390 1479 4449 et
1504 4380 1660 4452 fecit
1714 4384 2065 4476 praedicta,
2116 4397 2184 4458 et

611 4454 789 4572 post
823 4479 998 4564 haze,
1030 4509 1063 4547 ι
1096 4484 1277 4552 dia-it
1309 4511 1344 4552 s
1383 4509 1503 4578 per
1545 4486 1855 4583 Moysen,
1905 4516 2181 4564 servum

635 4612 863 4675 suum,
897 4594 1010 4685 qui
1049 4594 1252 4661 etiam
1278 4592 1365 4662 ab
1393 4603 1649 4666 oeterno
1696 4596 1831 4669 lioc
1885 4600 2175 4681 dixerat,

636 4697 706 4764 in
736 4709 991 4768 aeterno
1022 4700 1190 4768 Filio
1218 4724 1343 4771 suo
1388 4703 1485 4771 sic
1538 4703 1843 4776 tiendum
1899 4709 2183 4779 ordina-

634 4812 850 4872 verat.
926 4832 960 4871 ι
1002 4809 1095 4874 Et
1151 4810 1327 4876 venit
1388 4814 1781 4903 cynomyia,
1847 4842 1881 4879 ιι
1959 4817 2184 4906 major

636 4930 896 4989 musca,
934 4935 968 4977 s
1000 4922 1066 4981 et
1087 4914 1448 5007 sciniphes,
1475 4940 1509 4982 ι
1551 4920 1856 4991 minores
1875 4931 1942 4993 et
1960 4922 2178 4993 subti-

633 5016 867 5086 liores.
899 5016 987 5087 Et
1025 5043 1161 5090 non
1190 5045 1458 5115 parum,
1501 5025 1640 5096 imo
1669 5029 1768 5099 sic
1794 5031 2049 5102 factum
2080 5042 2182 5103 est

641 5146 675 5188 s
717 5124 790 5191 in
820 5124 1132 5195 omnibus
1154 5128 1413 5218 finibus
1430 5155 1690 5202 eorum.
1715 5161 1750 5197 n
1785 5136 2005 5209 Exod.
2030 5162 2175 5228 vm,

608 5231 773 5300 ·¹7.·
806 5234 1006 5303 Facti
1054 5245 1215 5303 sunt
1265 5238 1599 5330 sciniphes
1638 5243 1709 5309 in
1756 5244 2176 5333 hominibus,

636 5338 793 5405 etin
810 5340 1176 5429 jumentis,
1209 5350 1276 5411 et
1302 5348 1490 5414 venit
1518 5371 1754 5418 musca
1773 5356 2180 5443 gravissima

618 5444 711 5512 >in
739 5443 1020 5517 domum
1053 5448 1452 5540 Pharaonis,
1490 5464 1555 5526 et
1592 5480 1951 5531 servorum
2003 5465 2176 5556 ejus.

713 5669 735 5708 ¹
762 5669 851 5732 Cf.
880 5669 1017 5730 Luc.
1047 5687 1146 5739 m,
1175 5678 1268 5749 22,
1297 5663 1407 5736 etl
1433 5679 1591 5742 Petr.
1621 5688 1677 5757 ν’,
1708 5689 1766 5748 7.

1636 343 1722 409 D.
1778 289 1977 409 ALB.
2028 341 2246 408 MAG.

2301 338 2507 405 onn.
2561 298 2858 406 pnAEn.

2392 510 2854 601 spiritualiter
2892 518 3120 577 autem
3150 518 3307 598 post
3336 533 3649 578 ranarum
3685 508 3857 577 mul-

2301 617 2688 696 titudinem,
2724 616 2895 684 bene
2925 616 3234 707 sequitur
3263 615 3344 682 de
3377 620 3650 692 muscis,
3697 618 3857 706 quia

2299 749 2423 818 per
2450 725 2602 793 illas
2640 733 3054 816 generantur
3119 722 3635 806 sollicitudineS,
3701 723 3854 788 ani-

2300 855 2484 900 mam
2567 835 2882 900 atrociter
2960 840 3366 922 pungentes,
3438 829 3848 920 Gregorius:

2302 965 2336 1003 «
2380 940 2587 1008 lsrael
2649 941 2897 1030 recepit
2958 939 3317 1007 sabbatum
3394 940 3722 1021 immune,
3785 935 3854 1003 id

2304 1073 2336 1111 α
2372 1056 2496 1126 est,
2532 1050 2831 1138 quietem
2869 1047 3117 1114 mentis
3158 1055 3223 1113 et
3244 1045 3849 1136 tranquillitatem:

2306 1180 2338 1219 α
2370 1153 2714 1245 AEgyptus
2755 1161 2982 1220 autem
3051 1174 3375 1242 percussa
3424 1162 3525 1221 est
3579 1173 3853 1219 musca-

2209 1279 2217 1286 ·
2305 1287 2338 1329 α
2373 1285 2552 1342 rum,
2590 1261 2654 1329 id
2675 1269 2798 1343 est,
2832 1260 3371 1329 sollicitudinum
3401 1259 3851 1351 pungentium

2303 1397 2335 1435 «
2381 1369 2839 1439 multitudine.
2903 1397 2935 1431 υ
3002 1369 3293 1459 Propter
3359 1367 3488 1436 hoc
3580 1367 3846 1442 dicitur,

2299 1478 2540 1546 Matth.
2591 1499 2686 1560 vt,
2756 1479 2840 1545 23
2897 1479 3048 1544 :Ne
3072 1475 3362 1544 solliciti
3418 1477 3568 1542 sitis
3607 1475 3854 1540 animae

2299 1597 2532 1654 vestrae
2570 1584 2743 1675 quid
2796 1583 3249 1667 manducetis,
3315 1606 3530 1674 neque
3585 1582 3855 1673 corpori

2298 1705 2514 1761 vestro
2560 1693 2736 1783 quid
2795 1692 3195 1759 induamini
3224 1695 3272 1760 ¹.
3308 1689 3517 1770 Quasi
3557 1689 3848 1758 diceret:

2297 1800 2588 1890 Abjicite
2628 1820 2922 1866 muscas.
2957 1797 3110 1889 Ipse
3151 1797 3333 1866 enim
3390 1820 3529 1865 non
3593 1795 3853 1862 Beelze-

2298 1905 2491 1982 buth,
2528 1906 2694 1976 deus
2723 1927 3140 1974 muscarum.

2389 2144 2423 2183 ι
2465 2120 2714 2186 Posuit
2762 2118 3068 2209 pluvias.
3117 2143 3150 2183 n
3187 2117 3313 2186 llic
3375 2126 3476 2185 est
3531 2119 3845 2208 quintum

2298 2229 2572 2317 signum
2621 2236 2688 2294 et
2744 2234 3163 2317 portentum,
3217 2224 3473 2294 scilicet
3518 2225 3851 2293 immissio

2298 2334 2674 2424 grandinis,
2709 2334 2867 2425 igne
2897 2333 3205 2401 admixto
3261 2356 3275 2399 :
3318 2330 3499 2399 unde
3559 2342 3860 2422 tangun-

2296 2452 2409 2510 tur
2437 2443 2598 2511 duo.
2646 2442 2907 2526 Prim0,
2939 2442 3276 2510 immissio
3305 2440 3658 2532 grandinis
3694 2461 3849 2508 cum

2296 2551 2479 2640 igne.
2517 2548 2859 2628 Secundo,
2895 2547 3176 2617 effectus
3222 2570 3514 2639 sequens
3567 2569 3649 2614 ex
3716 2547 3853 2613 im-

2296 2660 2647 2736 missione,
2693 2657 2813 2738 ibi,
2852 2664 2918 2733 5.
2950 2658 3079 2726 33:
3126 2684 3161 2721 α
3203 2658 3300 2724 Et
3331 2656 3686 2749 percussit.
3724 2679 3758 2716 η

2391 2771 2465 2840 ln
2492 2772 2713 2861 prima
2756 2769 2919 2838 duo.
2990 2767 3253 2848 Primo,
3313 2765 3660 2858 grandinis
3715 2765 3849 2831 im-

2298 2880 2533 2947 missio
2563 2879 2632 2946 in
2663 2877 2962 2945 maxima
3020 2877 3418 2966 quantitate.
3499 2872 3842 2950 Secundo,

2295 2986 2474 3076 ignis
2532 2984 2886 3061 admixti0‚
2931 2982 3053 3064 ibi,
3088 3006 3123 3048 ι
3155 2983 3391 3074 anem
3448 2979 3851 3050 comburen-

2295 3103 2453 3161 tem.
2501 3117 2536 3159 s

2386 3200 2565 3269 Dicit
2606 3223 2819 3293 ergo:
2894 3198 3011 3268 Sic
3084 3197 3605 3290 multiplicatam
3661 3196 3848 3264 misit

2297 3331 2629 3388 muscam,
2671 3317 2733 3377 et
2784 3308 2992 3376 etiam
3033 3331 3068 3373 ι
3104 3306 3341 3399 posuit
3381 3307 3670 3399 pluvias
3733 3326 3849 3372 eo-

2294 3438 2477 3496 rum,
2512 3443 2546 3478 ι
2612 3415 2860 3507 quibus
2923 3413 3248 3483 deberent
3302 3412 3846 3483 terraenascentia

2295 3525 2506 3594 foveri
2570 3532 2636 3594 et
2674 3524 2942 3604 nutriri,
2976 3550 3015 3588 α
3040 3522 3480 3615 grandinem,
3524 3547 3559 3586 s
3626 3530 3847 3590 totum

2296 3633 2782 3701 destruentem.
2842 3630 3065 3699 Exod.
3126 3650 3223 3714 nx,
3264 3629 3351 3697 23
3400 3651 3417 3696 t
3461 3628 3664 3697 Pluit
3702 3627 3850 3695 Do-

2296 3741 2528 3809 minus
2578 3741 3016 3832 grandinem.
3051 3765 3092 3806 s
3131 3740 3370 3830 Iynem
3444 3735 3849 3806 comburen-

2295 3860 2453 3929 tem,
2502 3879 2536 3913 »
2594 3850 2827 3919 omnia
2919 3848 3131 3940 ligna,
3201 3868 3354 3938 quaa
3414 3844 3676 3937 grando
3739 3843 3852 3914 de-

2293 3964 2553 4026 struere
2589 3976 2731 4024 non
2767 3962 3059 4047 poterat,
3137 3958 3392 4044 repete,
3432 3950 3665 4043 posuit
3703 3978 3737 4014 ιι
3774 3951 3846 4017 in

2296 4074 2480 4132 terra
2508 4084 2849 4146 eorum.)
2880 4060 3103 4130 Exod.
3145 4082 3240 4140 nx,
3284 4060 3417 4129 24:
3456 4060 3554 4128 Et
3577 4055 3847 4150 grando

2279 4176 2359 4241 *et
2386 4172 2569 4265 iqnis
2606 4171 2812 4240 mista
2846 4170 3118 4264 pariter
3139 4166 3565 4260 serebantur.

2384 4279 2844 4372 Spiritualiter
2903 4286 3162 4358 autem,
3229 4285 3384 4370 post
3446 4273 3846 4345 sollicitudi-

2287 4408 2415 4457 nes
2459 4386 2851 4457 mordentes
2912 4393 2980 4455 et
3041 4384 3463 4477 pungitivas,
3536 4383 3846 4474 sequitur

2293 4497 2555 4591 grando
2592 4494 2842 4575 litium,
2873 4494 3057 4587 ignis
3091 4491 3369 4562 invidiae
3397 4499 3466 4560 et
3510 4489 3850 4582 cupidita-

2292 4607 2378 4674 tis
2441 4604 2860 4674 divitiarum.
2914 4599 3222 4693 Sapient.
3281 4621 3430 4682 xvi,
3504 4600 3586 4667 ¹6
3648 4601 3849 4667 :Per

2288 4708 2776 4803 fortitudinem
2814 4705 3083 4777 brachii
3117 4706 3228 4775 tui
3269 4704 3629 4797 flagellati
3685 4714 3847 4773 sunt

2293 4821 2495 4913 aquis
2531 4818 2731 4902 nivis,
2788 4825 2855 4885 et
2913 4814 3403 4909 yrandinibus,
3463 4826 3527 4884 et
3582 4815 3848 4908 pluviis

2287 4928 2818 5021 persecutionem
2848 4926 3069 5020 passi,
3101 4934 3166 4995 et
3221 4948 3350 5018 per
3402 4926 3633 5017 iqnem
3694 4945 3849 4992 wn-

2290 5036 2578 5131 sumpti.
2629 5033 2825 5104 Certe
2865 5033 3098 5126 plures
3144 5030 3350 5101 hodie
3395 5029 3653 5112 litibus,
3693 5051 3845 5122 quae

2294 5150 2454 5212 sunt
2469 5138 2759 5235 grando,
2773 5139 3181 5211 occiduntur
3195 5139 3263 5208 in
3281 5136 3491 5216 malo,
3507 5158 3715 5228 quam
3735 5158 3848 5205 oc-

2294 5248 2608 5319 cidantur
2621 5245 2833 5319 verbo
2853 5246 2978 5317 Dei
3008 5247 3079 5316 in
3103 5244 3316 5315 bono.
3346 5243 3583 5328 Josue,
3614 5243 3786 5324 1,ss
3820 5264 3837 5312 :

2294 5357 2561 5428 Mortui
2573 5365 2737 5425 sunt
2754 5354 3232 5448 multoplures
3252 5349 3608 5445 lapidibus
3622 5372 3845 5444 qran-

2295 5464 2502 5545 dinis,
2571 5487 2780 5556 quam
2817 5485 2989 5553 quos
3014 5462 3160 5552 lilii
3212 5460 3434 5529 lsrael
3458 5460 3844 5530 occiderant
