5008 6329
459 2426 641 2496 150

752 313 878 382 328

749 493 909 551 sunt
936 488 1059 553 viae
1090 508 1252 552 mcae
1292 508 1334 551 a
1363 486 1493 551 viis
1522 486 1789 570 vestriS,
1825 496 1890 553 et
1944 487 2302 576 coqitatio·

750 614 864 658 nes
928 616 1089 659 mese
1128 614 1168 657 a
1227 592 1759 680 coqitationibus
1812 597 2074 660 vestris.
2129 592 2304 658 Pro-

747 708 896 786 pter
949 698 1079 766 hoo
1121 699 1352 766 dicunt
1388 700 1574 778 mali,
1620 701 1750 768 lsa.
1794 724 1931 777 mx,
1981 702 2102 766 11:
2146 700 2303 764 Ex-

748 805 1199 892 spectavimus
1230 806 1615 894 judicium,
1643 819 1706 873 et
1744 830 1884 873 non
1915 815 2057 872 est:
2104 804 2304 870 salu-

748 918 904 991 tem,
966 922 1027 977 et
1066 913 1387 1004 elonqata
1445 925 1541 981 est
1597 938 1641 979 α
1680 913 1901 979 nobiS.
1948 911 2110 980 Luc.
2179 935 2295 991 xv,

754 1015 834 1081 13
889 1037 904 1082 ε
970 1016 1178 1085 Filius
1255 1019 1579 1109 prodigus
1639 1020 1998 1109 profectus
2050 1027 2147 1086 est
2227 1019 2300 1083 in

749 1124 1088 1213 reqionem
1133 1126 1606 1215 lonqinquam,
1651 1125 1921 1216 supple,
1966 1149 2009 1193 a
2055 1125 2294 1194 salute.

842 1362 875 1403 e
913 1340 1092 1421 Quia
1136 1339 1695 1428 justificationes.
1754 1365 1787 1406 ιι
1831 1341 2020 1434 Ecce·
2049 1364 2298 1408 secun-

750 1445 935 1522 dum,
967 1451 1035 1513 in
1072 1470 1208 1537 quo
1241 1452 1539 1540 tangitur
1566 1472 1769 1518 causa
1811 1448 2291 1540 elongationis.

838 1551 1045 1632 Quasi
1087 1556 1334 1623 diceret
1368 1579 1383 1623 :
1439 1556 1552 1624 Sic
1581 1556 1766 1623 salus
1815 1565 1920 1624 est
1958 1555 2187 1646 longe,
2231 1564 2298 1624 et

748 1657 878 1727 hoc
907 1689 938 1721 «
974 1664 1139 1751 quia
1177 1687 1309 1730 non
1337 1665 1808 1754 exquisierunt
1833 1662 2299 1753 justificatio-

748 1789 862 1833 nes·
899 1780 1077 1846 tuas,
1113 1793 1146 1834 ι»
1189 1793 1358 1860 quas
1406 1793 1534 1862 ego
1584 1771 1967 1861 exquisivi:
2012 1779 2080 1839 et
2135 1793 2299 1860 pro-

749 1887 895 1966 pter
925 1878 1051 1946 hoc
1104 1903 1313 1971 prope
1370 1881 1570 1949 debet
1627 1904 1776 1950 esse
1816 1880 2013 1949 mihi.
2086 1880 2292 1950 Eccli.

747 2006 819 2062 ιι,
859 1987 979 2052 13;
1025 1989 1374 2055 l’rotector
1419 1998 1516 2055 cst
1572 1989 1892 2056 omnibus
1938 1988 2298 2078 exquiren-

742 2089 924 2158 tibus
946 2114 1017 2158 se
1055 2093 1125 2159 in
1156 2095 1456 2160 veritate.

1743 314 1828 380 D.
1884 315 2084 384 ALB.
2141 315 2355 382 MAG.

2409 313 2616 382 ORD.
2668 312 2965 380 PRAED.

2413 495 2478 567 qt
2518 484 2656 547 vita
2694 482 2929 570 glorian
2964 482 3033 547 in
3072 479 3343 545 futuro:
3386 487 3582 546 tuum
3613 479 3793 546 enim
3824 483 3947 543 est.

2407 589 2564 666 Job,
2609 611 2847 665 xxxm,
2892 590 2974 653 4:
3027 586 3477 678 Spiraculum
3520 589 3954 676 Omnipoten-

2412 699 2499 763 tis
2530 696 2900 784 vivificavit
2929 715 3060 770 me,
3118 695 3259 760 vita
3298 694 3558 783 gratiae.
3611 693 3717 769 Et,
3752 690 3948 772 Osee,

2409 827 2502 873 vt.
2577 804 2661 869 3:
2727 798 3110 888 Vivificabit
3173 823 3294 866 nos
3336 810 3491 889 post
3550 800 3719 865 duos
3783 798 3947 873 dies,

2407 918 2561 999 post
2590 909 2767 974 diem
2799 906 3118 996 potentiae
3147 912 3213 971 et
3232 907 3536 992 justitiae.

2506 1253 2535 1288 «ι
2571 1223 2787 1290 Multi
2839 1224 2962 1313 qui
3003 1230 3506 1313 persequuntur
3560 1239 3690 1285 me.
3751 1240 3784 1281 ι»
3818 1214 3946 1281 Hic

2403 1334 2804 1416 secundum,
2849 1335 2917 1399 in
2946 1354 3084 1423 quo
3120 1331 3327 1399 sumit
3359 1332 3650 1398 rationes
3687 1350 3730 1394 a
3757 1334 3946 1417 parte

2403 1445 2534 1513 sui.
2576 1442 3040 1532 Allegationes
3079 1461 3239 1528 ergo
3289 1440 3509 1528 primo
3549 1437 3764 1527 ponit.
3819 1433 3946 1501 Se-

2404 1551 2653 1628 cundo,
2689 1550 2996 1639 adjungit
3025 1548 3452 1637 petitionem,
3479 1545 3596 1628 ibi,
3630 1546 3701 1610 in
3724 1541 3947 1610 medio

2401 1666 2464 1734 ᾗ.
2507 1660 2631 1726 159
2666 1679 2681 1724 :
2726 1657 2809 1725 In
2839 1653 3306 1722 misericordia
3337 1664 3485 1720 tua.

2491 1765 2646 1833 Duo
2704 1773 2930 1832 autem
2982 1762 3253 1852 allegat.
3311 1760 3568 1839 Primo,
3639 1767 3953 1828 constan-

2401 1877 2594 1942 tiam.
2643 1872 2985 1954 Secundo,
3027 1871 3372 1940 charitatis
3416 1869 3945 1945 vehementiam,

2403 1981 2523 2064 ibi,
2555 1988 2620 2056 ᾗ.
2661 1981 2785 2049 158
2811 2003 2834 2046 .·
2875 2006 2909 2042 κ
2962 1978 3115 2046 Vidi
3130 1977 3684 2070 praevaricantes.
3723 1999 3755 2040 s

2491 2089 2570 2155 In
2602 2089 2821 2176 prima
2866 2094 3242 2178 tanguntur
3287 2084 3448 2152 duo,
3496 2082 3758 2161 Primo,
3799 2103 3951 2172 per-

2401 2199 2831 2290 sequentium
2899 2194 3292 2263 multitud0.
3370 2192 3714 2271 SecundO,
3788 2213 3949 2258 con-

2400 2308 2649 2374 stantia
2688 2313 2754 2373 et
2805 2302 3132 2372 fortitudo
3184 2303 3253 2369 in
3281 2301 3775 2391 persecutione,
3811 2298 3933 2378 ibi,

2401 2440 2434 2481 e
2466 2418 2524 2483 A
2560 2414 2984 2482 testimoniis.
3024 2437 3058 2476 s

2486 2522 2662 2590 Dicit
2694 2543 2896 2610 ergo:
2944 2518 3083 2595 Sic,
3128 2517 3443 2599 Domine,
3488 2539 3570 2584 ex
3598 2524 3785 2606 parte
3825 2523 3942 2583 tua

2392 2632 2667 2707 veritaS,
2729 2639 2793 2696 et
2862 2630 3099 2717 pietas,
3179 2633 3457 2715 propter
3505 2646 3655 2716 quae
3720 2621 3937 2691 debeo

735 2739 800 2798 et
831 2730 1146 2800 dicuntur
1191 2731 1349 2797 duo.
1398 2729 1656 2809 Primo,
1701 2732 2071 2800 confitetur
2108 2732 2283 2800 divi·
2392 2735 2649 2804 audiri:
2713 2745 2778 2803 et
2816 2736 3022 2802 etiam
3079 2759 3112 2798 α
3173 2731 3383 2798 multi
3438 2760 3470 2793 a
3517 2738 3677 2799 sunt
3725 2760 3754 2793 «
3814 2731 3939 2822 qui

734 2859 835 2905 nae
893 2838 1370 2905 misericordiae
1429 2837 1967 2909 multitudinem.
2026 2837 2282 2908 Secun·
2382 2854 2887 2936 persequuntur
2914 2865 3045 2920 me,
3104 2869 3134 2904 υ
3200 2839 3280 2908 de
3346 2839 3497 2908 loco
3553 2838 3634 2907 ad
3704 2838 3931 2906 locum

728 2950 839 3027 ¹10·
885 2950 1080 3017 infert
1147 2951 1567 3039 petitionem,
1622 2949 1741 3032 ibi,
1797 2978 1830 3011 «
1883 2950 2277 3019 Secundum
2385 2953 2712 3044 fugando,
2736 2953 2934 3042 juxta
2964 2949 3134 3018 illud
3160 2946 3403 3017 matth.
3449 2971 3519 3031 x,
3568 2948 3654 3014 23
3696 2968 3712 3015 ε
3757 2948 3929 3015 Cum

710 3055 1091 3144 ,iudicium-
1136 3085 1166 3116 ¹·
2374 3072 2867 3154 persequentur
2916 3083 3032 3128 vos
3060 3059 3133 3126 in
3175 3057 3449 3125 civitate
3498 3058 3659 3138 ista,
3702 3057 3931 3146 suqite

808 3161 984 3231 Dicit
1020 3187 1222 3253 ergo:
1261 3162 1397 3242 Sic,
1440 3164 1762 3244 Domine,
1815 3173 2098 3256 propter
2135 3164 2274 3234 elo·
2382 3167 2452 3232 in
2483 3166 2728 3234 aliam.
2769 3164 3021 3233 Jerem.
3069 3184 3185 3244 xx,
3223 3162 3345 3230 10:
3379 3160 3639 3230 Audivi
3683 3171 3927 3228 contu-

718 3268 857 3357 quii
896 3268 992 3336 tui
1044 3270 1393 3337 veritatem
1449 3293 1556 3337 me
1588 3268 1888 3353 vivifica,
1940 3279 2007 3338 et
2061 3271 2268 3339 etiam
2377 3274 2623 3340 melias
2650 3272 3059 3351 multorum,
3110 3281 3173 3339 et
3204 3279 3525 3338 terrorem
3576 3271 3645 3337 in
3683 3269 3927 3338 circui·

714 3398 892 3443 nunc
934 3402 967 3441 α
1018 3379 1495 3445 misericordi&
1532 3388 1668 3445 tua·
1706 3379 1972 3455 multae,
2019 3405 2053 3444 s
2097 3404 2267 3471 sup·
2375 3391 2497 3448 tu:
2538 3379 3065 3472 Persequimini,
3097 3386 3164 3446 et
3193 3399 3688 3469 persequamur
3736 3397 3917 3445 eum.

712 3484 845 3574 ple,
877 3496 1057 3552 sunt.
1120 3485 1171 3551 ll
1219 3484 1385 3577 ltcg.
1437 3507 1626 3571 xxiv,
1677 3488 1799 3554 14:
1857 3490 2116 3557 Melius
2166 3500 2263 3557 est
2375 3516 2410 3553 α
2453 3491 2549 3556 Et
2576 3487 2921 3556 tribulant
2969 3508 3100 3570 me,
3150 3512 3183 3548 s
3227 3483 3616 3576 affligendo,
3667 3481 3915 3575 Supra,

710 3601 788 3660 ut
852 3594 1149 3660 incidam
1204 3596 1272 3662 in
1331 3617 1577 3662 manus
1636 3596 1971 3664 Domini:
2020 3598 2260 3665 multae
2369 3598 2440 3664 in
2470 3595 2654 3664 Psal.
2699 3618 2796 3673 ιιι,
2844 3597 2926 3662 2:
2986 3594 3304 3672 Domine,
3358 3592 3534 3683 quid
3576 3591 3919 3683 multipli-

832 2437 867 2472 «
907 2411 1388 2477 Misericordiae
1433 2419 1567 2477 tuae
1610 2410 1876 2479 multae.
1935 2436 1969 2473 »
2014 2409 2140 2477 llic
2179 2432 2291 2477 se-

738 2515 1061 2592 cundum,
1124 2517 1190 2583 in
1258 2539 1393 2606 quo
1463 2516 1714 2607 allegat
1764 2539 1848 2584 ex
1914 2526 2107 2609 parte
2164 2516 2288 2585 Dei

737 2621 955 2690 adhuc
997 2623 1471 2691 misericordiae
1521 2624 1667 2711 ejus
1725 2622 2281 2694 multitudinem:

704 3701 884 3768 enim
941 3702 1419 3769 misericor-dise
1474 3702 1630 3792 ejus
1682 3714 1872 3772 sunt.
1930 3703 2111 3783 Joel,
2158 3692 2252 3785 n,

2365 3708 2506 3775 cati
2528 3715 2693 3774 sunt
2719 3705 2843 3798 qui
2890 3703 3235 3773 tribulant
3264 3725 3372 3770 me
3393 3702 3435 3772 ?
3473 3701 3588 3772 Sic
3618 3702 3710 3770 illi
3738 3724 3755 3769 :
3797 3699 3915 3769 sed

712 3808 833 3874 13:
887 3810 1166 3875 Patiens
1212 3819 1275 3875 et
1326 3809 1563 3876 rnultae
1628 3810 2138 3893 misericordiae,
2190 3824 2256 3882 et
2363 3837 2491 3905 ego
2527 3843 2559 3875 «
2593 3837 2727 3881 non
2775 3812 3122 3881 declinavi
3166 3840 3199 3873 »ι
3248 3810 3334 3878 ad
3372 3809 3745 3888 dexteram,
3789 3829 3913 3877 nec

699 3914 1116 4007 praestabilis
1176 3939 1382 4009 super
1445 3918 1748 3987 malitia.
1820 3918 1909 3988 Et
1981 3943 2249 4013 magnae

702 4023 920 4101 valde,
966 4023 1168 4095 Eccli.
1214 4047 1283 4104 ιι,
1344 4026 1470 4094 23:
1522 4028 1920 4095 Secundum
1966 4030 2250 4120 maqni-

697 4133 997 4201 tudinem
1030 4136 1270 4226 ipsius,
1301 4136 1399 4201 sic·
1443 4146 1506 4201 et
1545 4126 2019 4207 misericordia
2050 4138 2249 4207 illius

693 4261 843 4307 cum
884 4242 1031 4330 ipso
1059 4251 1178 4307 est.
1217 4241 1297 4308 Et
1353 4242 1803 4332 Augustiana,
1852 4244 1936 4312 de
1970 4247 2246 4338 magni-

692 4345 925 4415 tudine
953 4346 1199 4414 divinae
1242 4348 1762 4418 misericordiae:
1809 4380 1842 4413 «
1886 4352 2246 4444 Amplissi-

695 4479 729 4516 ιι
763 4475 917 4521 mus
972 4453 1161 4522 sinus
1201 4454 1683 4525 misericordiae
1732 4455 1885 4538 Dei,
1957 4460 2076 4529 ubi
2138 4469 2240 4531 tot

692 4585 729 4621 e
763 4556 1169 4629 Sanctorum
1216 4562 1461 4630 animae
1510 4563 1953 4654 recipiuntur.
2002 4590 2037 4632 s
2089 4566 2237 4638 lmo

688 4690 951 4754 omnes,
1021 4671 1324 4762 Sapient.
1376 4693 1469 4757 xi,
1512 4672 1640 4741 24:
1705 4675 2052 4743 Miseret-is
2097 4697 2239 4745 om-

685 4777 904 4854 nium,
947 4778 1114 4868 quia
1142 4779 1374 4845 omnia
1394 4787 1613 4870 potes.
1657 4778 1742 4849 Et
1780 4790 2063 4876 propter
2097 4782 2230 4853 hoc

684 4894 866 4975 peto,
903 4910 937 4949 α
1006 4885 1279 4973 l'ivifica
1319 4910 1447 4966 me,
1513 4915 1545 4949 η
1605 4896 1671 4956 ct
1701 4887 1860 4970 hoc,
1909 4915 1942 4956 e
1999 4914 2233 4961 secun·

683 4990 849 5059 dum
874 4991 1229 5082 judicium
1269 5004 1494 5072 tuum,
1532 5020 1566 5059 s
1608 5002 1677 5063 et
1722 5019 2048 5087 praesens,
2092 5022 2230 5091 quo

678 5099 897 5189 parcis
925 5100 1243 5167 omnibus
1281 5108 1345 5169 et
1394 5103 1628 5170 omnia
1666 5103 1873 5194 regis,
1923 5114 1994 5173 et
2040 5105 2228 5174 futu-

678 5226 855 5286 rum,
891 5207 955 5274 in
999 5229 1136 5298 quo
1179 5208 1648 5277 misericordes
1683 5209 2226 5283 misericordiam

674 5324 1174 5406 consequentur
1202 5316 1245 5384 ¹.
1289 5346 1320 5379 α
1366 5318 1669 5408 Vivifica,
1718 5345 1755 5382 s
1799 5319 2108 5412 inquam,
2158 5330 2224 5392 et

673 5425 813 5494 vita
848 5427 1105 5518 gratiae,
1157 5428 1520 5521 plusquam
1558 5430 1690 5499 sim
1747 5431 1820 5499 in
1864 5435 2215 5526 praesenti,

2360 3923 2446 3991 ad
2473 3924 2844 4003 sinistram,
2880 3949 2914 3986 ιι
2958 3946 3002 3988 a
3032 3922 3436 3990 testimoniis
3473 3922 3656 3989 tuis.-
3692 3946 3723 3982 s
3749 3920 3910 4010 quia

2356 4031 2736 4100 sentiebam
2764 4031 2947 4098 viam
3005 4038 3281 4097 rectam.
3342 4026 3475 4099 lsa.
3544 4050 3756 4110 xxxv,
3807 4027 3849 4094 8
3883 4047 3899 4091 ε

2354 4142 2518 4209 Ilaec
2544 4141 2673 4209 erit
2702 4139 2889 4207 cobis
2936 4138 3194 4206 directa
3249 4137 3387 4219 via,
3443 4139 3541 4204 ita
3579 4146 3656 4205 ut
3699 4134 3905 4204 stulti

2353 4272 2488 4316 non
2521 4255 2744 4314 errent
2760 4268 2887 4337 per
2912 4267 3091 4314 eam.
3127 4243 3209 4313 Et
3247 4251 3524 4336 propter
3558 4241 3692 4312 hoc
3729 4241 3905 4310 dici-

2353 4364 2489 4439 tur,
2536 4352 2814 4436 ibidem,
2846 4374 3012 4431 xxx,
3046 4353 3123 4420 21
3168 4373 3184 4418 :
3218 4351 3379 4419 llaec
3420 4360 3519 4419 est
3565 4349 3704 4429 via,
3747 4372 3904 4417 am-

2352 4461 2588 4530 bulate
2619 4460 2692 4529 in
2718 4482 2798 4528 ea
2818 4482 2843 4528 :
2873 4470 2938 4528 et
2983 4482 3121 4527 non
3149 4457 3500 4527 declinetis
3547 4479 3762 4549 neque
3805 4456 3905 4525 ad

2347 4571 2727 4649 dexteram,
2759 4589 2974 4660 neque
2999 4564 3101 4636 ad
3129 4566 3508 4637 sinistram.

4042 1256 4226 1326 ¹57

2435 4924 2470 4959 a
2545 4894 2698 4962 Vidi
2763 4894 3313 4984 proevaricantes.
3359 4919 3393 4958 s
3453 4893 3579 4965 Hic
3643 4894 3893 4986 allegat
3989 4915 4175 4983 153

2340 5002 2689 5071 charitatis
2752 5000 3298 5074 vehementiam:
3348 5012 3416 5072 et
3486 5004 3737 5096 primo,
3804 5003 3889 5072 ad

2335 5113 2760 5202 proximum.
2830 5109 3177 5191 SecundO,
3255 5110 3342 5181 ad
3427 5112 3676 5198 Deum,
3760 5112 3881 5198 ibi,

2337 5225 2404 5297 ᾗ.
2459 5221 2585 5290 159
2626 5243 2641 5289 :
2690 5247 2723 5288 e
2771 5217 2930 5290 Vide
2957 5221 3288 5313 quoniam
3328 5222 3690 5292 mandata.
3755 5250 3789 5285 »ι

2349 5413 2356 5420 ⁸
2426 5326 2504 5397 ln
2534 5330 2755 5421 prima
2782 5328 2945 5398 duo.
2992 5329 3256 5409 Prim0,
3311 5331 3614 5424 tangitur
3664 5330 3883 5403 vehe-

2334 5457 2530 5505 mens
2560 5435 2858 5524 dilectio,
2891 5437 3098 5506 etiam
3130 5435 3215 5504 ad
3242 5435 3486 5508 malos.
3531 5436 3875 5523 Secundo,

677 5696 698 5731 χ
745 5657 994 5717 'Ratun
1050 5674 1103 5730 v,
1158 5660 1233 5717 7:
1293 5658 1452 5719 Beati
1502 5663 1904 5738 misericordes,
1950 5666 2217 5740 quoniam
2325 5668 2437 5741 ipsi
2461 5668 2896 5726 misericordiam
2925 5673 3340 5741 consequentur.
