5008 6329
788 272 919 339 476

792 441 1001 522 Quasi
1041 440 1343 508 diceret:
1411 435 1523 504 Sic
1571 437 2100 529 lacrymabiliter
2148 462 2342 529 roge,

799 579 830 611 a
860 559 924 616 et
968 577 998 611 n
1052 549 1258 615 etiam
1313 573 1348 608 «
1409 544 1931 614 tribulationem
1988 570 2236 625 meam,
2307 572 2339 612 ιι

1764 267 1851 336 D.
1891 267 2092 334 ALB.
2147 266 2365 334 MAG.
2419 265 2627 336 ORD.
2679 266 2972 334 PRAED.

2451 438 2681 515 tioniS‚
2722 463 2755 501 s
2788 436 3065 502 semitas
3095 457 3301 509 meas,
3333 459 3365 500 ιι
3399 435 3681 522 justitiae
3712 434 3985 516 scilicet,

2451 555 2517 613 et
2573 554 3061 637 praeceptorum
3122 543 3271 610 Dei.
3319 541 3645 610 Proverb.
3709 565 3798 620 iv,
3843 545 3923 607 27
3970 565 3983 607 :

791 653 1012 722 cordis
1046 652 1299 720 scilicet
1345 655 1480 720 mei
1521 654 2073 732 amaritudinem,
2121 680 2152 717 (ι
2189 662 2345 718 ante
2465 654 2617 720 Vias
2653 674 2804 742 quae
2842 675 2884 717 a
2925 649 3181 737 dea-tris
3208 660 3369 716 sunt
3397 651 3583 717 novit
3619 650 3976 715 DominuS.

790 763 1017 849 ipsum
1050 764 1451 851 pronuntio.
1494 787 1524 821 »ι
1562 759 1759 837 Osee,
1794 783 1889 837 vi,
1931 761 1961 824 1
2014 783 2027 825 ε
2088 759 2173 825 In
2213 761 2343 824 tri-

791 864 1147 935 bulatione
1189 892 1319 936 sua
1369 891 1569 935 mane
1624 875 2036 953 consurqent
2086 864 2338 931 adme.

786 974 1007 1056 Jonae,
1078 1000 1148 1056 ιι,
1194 977 1232 1044 3
1305 1000 1320 1043 :
1376 976 1700 1043 Clamavi
1747 974 1831 1039 a'e
1891 971 2344 1038 tribulatione

791 1106 943 1151 mea
971 1083 1070 1152 ad
1091 1085 1499 1152 Dominum.

897 1428 926 1463 α
961 1401 1044 1467 In
1075 1399 1470 1488 deficiendo.
1509 1425 1541 1464 n
1583 1399 1712 1468 Hic
1740 1401 2043 1478 tertium,
2084 1398 2340 1467 scilicet

788 1507 973 1598 quod
1012 1516 1159 1575 orat
1188 1506 1535 1575 humiliter
1569 1530 1584 1571 ε
1631 1507 1915 1575 defectio
1948 1508 2132 1575 enim
2191 1507 2337 1596 spi-

785 1616 952 1682 ritus
983 1622 1082 1682 est
1110 1612 1519 1681 humiliatio.

869 1721 988 1788 Ait
1024 1742 1187 1811 ergo
1224 1741 1240 1786 ε
1286 1718 1401 1786 Sic
1429 1719 1652 1786 adhuc
1706 1742 1829 1786 oro
1870 1718 2337 1809 lacrymabili-

779 1834 907 1907 ter,
950 1849 1071 1895 oro
1111 1847 1367 1908 amare,
1400 1833 1467 1893 et
1505 1826 1710 1893 etiam
1771 1848 1893 1892 oro
1953 1824 2329 1905 humiliter,

778 1936 940 2026 quia
971 1961 1005 1996 «
1050 1934 1118 1999 in
1149 1931 1518 2022 deficiendo
1546 1933 1871 2023 spiritum
1901 1954 2156 2014 meum,
2197 1960 2229 1994 ι»
2264 1931 2333 2000 id

778 2051 906 2124 est,
949 2041 1111 2110 dum
1168 2039 1394 2107 delicit
1448 2041 1723 2130 spiritus
1764 2062 1983 2119 meuS,
2054 2037 2190 2106 alia
2229 2038 2331 2106 lit·

777 2160 922 2219 tera
956 2173 970 2218 ε
1008 2158 1076 2218 et
1103 2147 1235 2216 hoc
1263 2148 1369 2215 sui
1403 2146 1831 2237 reputatione
1876 2168 1891 2212 ε
1934 2145 2095 2224 Job,
2158 2165 2325 2231 xvii,

780 2260 804 2325 1
862 2280 878 2327 2
929 2257 1238 2350 Spiritus
1291 2277 1481 2324 meus
1529 2255 2030 2323 attenuabitur.
2083 2254 2330 2322 Domi-

775 2387 903 2433 nus
968 2366 1155 2431 enim
1222 2362 1586 2429 humilium
1645 2361 2017 2453 aliquando
2104 2369 2326 2430 totum

776 2474 1089 2564 spiritum
1148 2471 1351 2561 sugit,
1396 2478 1461 2537 et
1500 2469 1586 2538 ad
1638 2494 1711 2539 se
1766 2469 1998 2548 trahit,
2042 2478 2121 2537 ut
2156 2469 2330 2537 nihil

778 2579 1063 2649 omnino
1102 2599 1174 2647 se
1214 2585 1550 2669 reputent.
1590 2577 1750 2656 Job,
1784 2600 2020 2658 xxxiv,
2072 2578 2153 2645 14
2198 2600 2215 2645 ε
2248 2578 2332 2648 Si

777 2687 1104 2756 direxerit
1167 2684 1264 2754 acl
1332 2707 1513 2766 eum,
1574 2684 1828 2753 scilicet
1887 2685 2131 2764 Deum,
2214 2707 2330 2753 cor

772 2818 1005 2875 suum,
1046 2803 1264 2862 totum
1293 2794 1619 2883 spiritum
1649 2793 1804 2881 ejus
1832 2802 1897 2860 et
1932 2801 2197 2861 statum
2237 2792 2333 2860 ad

771 2925 843 2969 se
880 2901 1130 2968 trahet.
1190 2900 1275 2966 Et
1323 2897 1456 2967 hoc
1505 2923 1624 2991 per
1659 2899 1950 2967 verbum
2000 2899 2334 2991 praedica-

775 3008 1006 3088 tionis,
1066 3006 1301 3087 Josue,
1344 3029 1419 3086 ιι,
1484 3008 1616 3075 11:
1673 3007 1813 3075 Nec
1867 3008 2199 3075 remansit
2261 3007 2334 3073 in

773 3116 971 3187 nobis
996 3116 1286 3210 spiritus
1313 3115 1411 3185 ad
1436 3115 1803 3185 introitum
1844 3123 2170 3196 vestrum,
2228 3113 2333 3182 di-

776 3227 954 3294 citur
981 3222 1528 3314 exploratoribus
1555 3223 1593 3290 J
1602 3246 1793 3293 osue.
1828 3223 1915 3292 Et
1971 3245 2095 3315 per
2133 3223 2338 3291 intui·

777 3341 928 3402 tum
992 3331 1622 3423 contemplationis,
1695 3331 1790 3399 111
1857 3331 2031 3424 neg.
2087 3354 2159 3413 x,
2219 3331 2261 3398 4
2313 3352 2329 3398 :

796 3443 1037 3512 Videns
1101 3452 1332 3510 autem
1369 3443 1603 3532 regina
1646 3440 1829 3510 Saba
1896 3463 2164 3511 omnem
2217 3462 2339 3509 sa-

775 3553 1113 3647 pientiam
1168 3550 1587 3629 Salomonis,
1676 3560 1740 3619 et
1822 3550 2005 3620 cibos
2091 3571 2337 3618 mensoe

788 3659 966 3751 ejus,
1018 3682 1155 3728 non
1201 3657 1496 3727 habebat
1553 3658 1745 3727 ultra
1807 3659 2160 3750 spiritum.
2223 3655 2330 3737 Et,

787 3764 1028 3835 Matth.
1105 3788 1173 3846 ν,
1235 3766 1300 3848 3,
1369 3764 1615 3834 dicitur
1649 3786 1664 3832 ε
1736 3767 1941 3834 Beati
1997 3786 2337 3856 pauperes

783 3874 1062 3965 spiritu.

883 4120 916 4154 «ι
948 4093 1045 4160 Et
1097 4099 1175 4158 tu
1232 4089 1628 4179 eoqnovisti.
1665 4114 1699 4155 n
1774 4088 1904 4159 Hic
1955 4090 2334 4159 secundum

791 4199 1000 4267 totius
1037 4196 1240 4286 hujus
1270 4196 1502 4286 partis,
1538 4196 1609 4262 in
1639 4218 1777 4287 quo
1807 4198 2001 4288 quasi
2043 4197 2337 4266 affirmat

792 4301 977 4395 quod
1041 4300 1390 4392 praemisit,
1457 4300 1877 4370 ostendendo
1936 4302 2123 4394 quod
2204 4300 2334 4370 hoc

796 4411 1013 4479 Deum
1045 4429 1181 4475 non
1212 4407 1441 4489 lateat,
1484 4406 1668 4498 quod
1706 4407 1899 4478 dixit.

881 4517 994 4582 Ait
1030 4515 1214 4581 enim
1246 4531 1264 4582 t
1302 4511 1417 4582 Sic
1453 4512 1631 4594 dico,
1660 4537 1786 4584 nec
1815 4518 2137 4596 mentior,
2171 4516 2333 4608 quia

791 4650 823 4683 «
884 4630 946 4687 et
1010 4627 1087 4686 tu
1155 4645 1187 4684 n
1246 4619 1415 4710 ipse,
1478 4649 1510 4683 «
1587 4625 1965 4712 coqnovisti
2053 4624 2334 4692 semitas

789 4749 998 4808 meas,
1035 4751 1069 4787 ι
1110 4727 1373 4794 strictas
1423 4727 1872 4817 cogitationes
1921 4740 1988 4799 et
2034 4729 2335 4799 affectio-

792 4855 932 4902 nes.
974 4829 1133 4911 Job,
1174 4854 1403 4911 xxxw,
1438 4834 1516 4899 21
1559 4855 1575 4901 ε
1627 4834 1832 4903 Oculi
1883 4834 2164 4905 Domini
2209 4858 2332 4903 su·

786 4963 910 5031 per
973 4939 1119 5007 vias
1189 4940 1571 5009 hominum.
1671 4939 1920 5033 Supra,
1998 4944 2070 5012 in
2150 4939 2330 5009 Psal.

790 5067 1113 5123 cxxxviii,
1147 5044 1189 5111 4
1223 5066 1239 5112 ε
1314 5046 1562 5115 Omnes
1588 5050 1737 5117 vias
1779 5073 1963 5118 meas
2006 5052 2336 5143 praevidi·

786 5154 902 5219 sti.
938 5148 1067 5217 Vel
1103 5151 1196 5219 sic
1236 5151 1609 5221 secundum
1643 5152 1999 5224 Glossam:
2038 5155 2154 5226 Sic
2182 5158 2332 5226 dico

791 5257 860 5323 in
893 5277 1000 5322 me
1038 5254 1321 5325 deiicere
1349 5259 1687 5347 spiritum,
1719 5282 1845 5329 nec
1875 5270 2103 5331 tamen
2131 5287 2336 5356 prop·

791 5371 895 5431 ter
931 5359 1063 5430 hoc
1099 5364 1425 5454 reprobus
1463 5373 1530 5434 et
1578 5367 1882 5458 perditus
1920 5394 2099 5452 sum,
2160 5373 2335 5441 sicut

793 5468 1002 5559 aliqui
1057 5479 1343 5557 possunt
1395 5471 1667 5542 credere
1712 5496 1729 5543 ε
1799 5478 1959 5567 quia
2008 5504 2044 5541 α
2085 5488 2150 5547 et
2177 5487 2255 5546 tu
2295 5501 2329 5545 ι

793 5577 936 5663 ipse
970 5599 1003 5635 α
1048 5576 1421 5663 coqnovisti
1467 5604 1503 5641 ιο
1554 5582 1948 5671 cognitione
1991 5583 2335 5675 approba-

2541 890 2574 930 «
2616 866 2700 932 In
2728 867 2843 932 via
2880 867 3030 933 lzac.
3078 894 3110 927 »
3154 864 3517 931 Praemissa
3549 866 3876 938 oratione,
3921 871 3985 928 et

2449 972 2520 1037 in
2559 994 2694 1061 quo
2726 975 3046 1054 oraverit,
3090 981 3156 1039 et
3186 971 3368 1061 quod
3407 969 3630 1037 adhuc
3661 979 3831 1046 orat,
3877 967 3987 1035 hic

2446 1078 2742 1146 ostendit
2798 1081 3262 1145 necessitatem
3322 1077 3676 1157 orationiS,
3735 1076 3984 1143 scilicet

2443 1186 2725 1254 insidias
2755 1185 3040 1273 latentis⁴
3059 1194 3126 1268 et
3151 1186 3438 1269 inimici,
3471 1193 3535 1253 et
3591 1191 3984 1274 persecuto-

2443 1293 2560 1361 rie.

2533 1397 2651 1464 Ait
2699 1398 2879 1464 enim
2917 1419 2931 1462 :
3000 1394 3112 1464 Sic
3150 1395 3368 1477 oravi,
3411 1402 3475 1461 et
3526 1392 3750 1460 adhuc
3797 1414 3917 1459 oro
3961 1415 3977 1458 :

2441 1504 2583 1573 Nec
2670 1506 2946 1580 mirum,
3026 1504 3185 1593 quia
3253 1530 3282 1565 α
3356 1500 3872 1576 absconderunt,
3941 1527 3968 1561 ιι

2441 1610 2709 1702 supple,
2753 1610 3148 1689 adversarii,
3195 1634 3228 1674 α
3267 1609 3668 1699 laqueum,»
3698 1606 3979 1673 fraudu-

2438 1719 2639 1786 lentae
2669 1717 3108 1808 deceptionis,
3146 1744 3180 1780 α
3214 1717 3408 1783 milti.
3439 1740 3472 1781 ι
3518 1714 3547 1781 1
3587 1715 3894 1783 Machab.
3931 1738 3977 1800 1,

2439 1828 2523 1895 37
2555 1847 2570 1893 ε
2641 1827 2843 1893 Facti
2875 1835 3037 1893 sunt
3066 1828 3137 1892 in
3168 1825 3493 1915 laqueum
3559 1846 3971 1912 maynum...

2438 1935 2511 2001 in
2538 1933 2780 2001 Israel.
2816 1932 2901 1999 Et
2928 1932 3082 2009 hoc,
3114 1959 3143 1994 n
3191 1934 3261 1998 in
3295 1933 3407 1998 via
3469 1953 3614 2022 qua
3651 1930 3976 1998 ambula-

2439 2039 2622 2119 bam,
2666 2069 2697 2102 »
2761 2041 3208 2108 aestimatione
3274 2060 3398 2106 sua
3450 2061 3465 2104 ε
3538 2038 3748 2104 invia
3794 2040 3976 2105 enim

2437 2172 2571 2240 qua
2610 2150 2747 2215 itur
2773 2150 2858 2216 ad
2890 2147 3133 2228 Deum,
3194 2146 3475 2237 laqueus
3524 2168 3648 2214 nec
3687 2156 3811 2222 est,
3856 2168 3976 2212 nec

2435 2279 2583 2325 esse
2615 2265 2857 2346 potest.
2904 2254 3150 2345 Supra,
3215 2257 3281 2322 in
3332 2255 3753 2323 antecedenti
3788 2255 3971 2322 Psal.

2433 2388 2708 2449 cxxxix,
2742 2365 2783 2433 6
2827 2388 2842 2432 ε
2873 2368 3094 2433 Juxta
3126 2365 3253 2431 iter
3276 2363 3686 2432 scandalum
3728 2386 3977 2454 posue-

2432 2479 2598 2539 runt
2625 2471 2821 2539 milii.
2857 2470 3017 2539 llaec
3045 2472 3155 2537 via
3193 2478 3414 2560 potest
3461 2468 3590 2537 dici
3641 2467 3971 2545 Christus,

2423 2578 2624 2668 juxta
2652 2600 2886 2669 quam,
2920 2579 3136 2645 necin
3168 2599 3299 2667 qua
3330 2575 3722 2644 scandalum
3756 2583 3979 2667 potest

2431 2686 2621 2776 poni.
2662 2684 2864 2753 Joan.
2911 2706 3051 2761 xiv,
3096 2686 3136 2751 6
3171 2705 3185 2751 ε
3222 2687 3375 2774 qu
3410 2706 3565 2751 sum
3595 2685 3734 2763 via,
3775 2693 3839 2750 et
3876 2705 3980 2749 ve·

2433 2795 2631 2874 ritas,
2674 2803 2737 2861 et
2766 2796 2934 2862 vita.
2966 2792 3121 2870 Vel,
3160 2792 3323 2860 [ides
3351 2792 3435 2860 de
3480 2790 3751 2859 Christo
3791 2814 3971 2856 vera.

2433 2901 2495 2968 11
2522 2899 2608 2968 ad
2644 2898 2955 2970 Corinth.
2999 2924 3068 2982 v,
3106 2900 3144 2965 7
3181 2921 3197 2966 ε
3230 2901 3367 2967 Per
3399 2897 3611 2988 fidem
3651 2896 3981 2966 ambula-

2431 3033 2611 3090 mus,
2654 3019 2719 3078 et
2753 3033 2889 3078 non
2947 3033 3076 3103 per
3108 3009 3418 3101 speciem.
3460 3005 3616 3085 Vel,
3659 3006 3976 3085 charitaS,

2433 3116 2518 3188 de
2565 3139 2724 3209 qua,
2767 3116 2794 3185 1
2864 3115 2948 3186 ad
3003 3114 3310 3185 Corinth.
3355 3138 3475 3194 xii,
3537 3115 3615 3183 31
3665 3137 3681 3182 ε
3739 3114 3984 3184 Adhuc

2434 3225 2980 3293 excellentiorem
3009 3226 3193 3292 viam
3219 3223 3605 3292 demonstro
3635 3221 3844 3291 vobis.

2537 3574 2569 3607 α
2598 3543 3130 3614 Considerabam
3167 3543 3266 3612 ad
3297 3543 3675 3612 dexteram.
3721 3574 3753 3606 n
3789 3543 3977 3612 1³1·ae-

2436 3653 2646 3719 missa
2675 3651 3003 3719 orationis
3030 3650 3566 3732 continuatione,
3617 3651 3977 3741 subjungi-

2435 3766 2550 3826 tur
2576 3755 2689 3826 hic
2718 3757 3090 3848 persuasio,
3153 3765 3227 3826 ut
3280 3759 3661 3848 acquiescat
3725 3759 3973 3839 oranti,

2437 3873 2506 3934 et
2543 3862 2903 3955 persuadet
2931 3862 3300 3931 aduobus:
3335 3886 3375 3931 a
3401 3866 3975 3956 contemplatione

2436 3981 2847 4043 aeternorum
2898 3972 3164 4041 interna
3209 3981 3277 4039 et
3323 3972 3612 4047 occulta,
3664 3983 3727 4042 et
3767 3996 3805 4041 a
3844 3975 3979 4041 sin-

2435 4080 2659 4172 gulari
2697 4080 3103 4156 constantia,
3147 4077 3267 4159 ibi,
3304 4105 3338 4141 α
3371 4080 3595 4147 Periit
3629 4082 3834 4170 [uqa.
3882 4110 3914 4141 ι»

2530 4185 2604 4253 ln
2643 4186 2861 4277 prima
2891 4185 3028 4253 duo
3064 4193 3465 4277 tanguntur.
3502 4185 3760 4263 Primo,
3793 4197 3976 4258 aeter·

2434 4315 2685 4362 norum
2714 4291 3087 4360 meditatio.
3134 4291 3475 4370 Secundo,
3519 4294 3976 4363 meditationis

2435 4401 2824 4480 occultati0,
2859 4400 2978 4481 ibi,
3014 4428 3047 4464 ι
3079 4402 3174 4469 Et
3200 4424 3335 4469 non
3366 4410 3536 4469 erat.
3586 4428 3617 4466 ι

2525 4509 2703 4579 Dicit
2741 4526 2950 4600 ergo:
2996 4507 3107 4576 Sic
3155 4509 3417 4599 rogavi,
3462 4516 3528 4576 et
3577 4532 3774 4601 rogo,
3807 4534 3976 4602 pra?-

2436 4619 2617 4688 dicta
2652 4617 3052 4686 necessitate
3099 4615 3522 4706 compulsus,
3555 4626 3623 4686 et
3671 4628 3742 4687 tu
3772 4641 3973 4689 exau-

2436 4726 2581 4795 dire
2653 4724 2884 4802 debes,
2962 4724 3123 4815 quia
3197 4722 3266 4790 in
3324 4732 3509 4792 tanta
3570 4726 3978 4818 impulsione

2442 4862 2475 4902 α
2509 4832 3050 4916 considerabam,
3095 4858 3129 4899 n
3179 4834 3793 4905 considerationem
3842 4839 3979 4905 sci-

2437 4944 2591 5012 licet
2651 4941 3154 5025 convertebam,
3252 4966 3285 5006 α
3346 4941 3443 5009 ad
3520 4943 3894 5024 dexteram,
3944 4973 3975 5011 ι

2438 5050 2695 5119 scilicet
2732 5047 2815 5117 ad
2854 5057 3131 5127 aeterna,
3163 5069 3315 5140 quae
3371 5057 3530 5118 sunt
3574 5052 3643 5119 in
3675 5051 3973 5123 dextera.

2439 5156 2699 5225 Cantic.
2741 5177 2813 5232 ιι,
2849 5156 2889 5223 6
2926 5176 2941 5221 :
2982 5156 3182 5222 Laeva
3211 5156 3369 5244 ejus
3392 5155 3520 5224 sub
3558 5161 3780 5250 capite
3805 5182 3977 5239 meo,

2439 5273 2503 5331 et
2550 5263 2833 5331 dea-tera
2879 5260 3079 5329 illius
3115 5260 3635 5354 amplexabitur
3663 5288 3790 5334 me.
3818 5265 3985 5336 Pro-

2437 5367 2628 5438 verb.
2665 5391 2761 5447 ιιι,
2809 5368 2932 5436 16:
2961 5368 3354 5460 Lonqitudo
3383 5368 3654 5439 dierum
3706 5372 3774 5440 in
3821 5373 3983 5443 dea:-

2439 5487 2587 5547 tera
2617 5476 2793 5567 ejus.
2833 5501 2869 5542 ι
2900 5477 2997 5545 Et
3033 5476 3376 5558 videbam,
3422 5502 3457 5546 ι
3497 5478 3716 5570 ipsam
3755 5481 3984 5554 dexte—

2441 5609 2618 5671 ram,
2652 5587 2827 5654 sicut
2858 5582 3246 5677 Stephanus
3275 5586 3348 5653 in
3377 5609 3611 5678 pugna
3655 5590 3825 5661 vidit
3852 5616 3984 5663 οω-
