<?xml version="1.0" encoding="UTF-8"?>
<!DOCTYPE html PUBLIC "-//W3C//DTD XHTML 1.0 Transitional//EN"
    "http://www.w3.org/TR/xhtml1/DTD/xhtml1-transitional.dtd">
<html xmlns="http://www.w3.org/1999/xhtml" xml:lang="en" lang="en">
 <head>
  <title>
</title>
<meta http-equiv="Content-Type" content="text/html;charset=utf-8" />
  <meta name='ocr-system' content='tesseract 3.04.00' />
  <meta name='ocr-capabilities' content='ocr_page ocr_carea ocr_par ocr_line ocrx_word'/>
</head>
<body>
  <div class='ocr_page' id='page_1' title='image "balbertimagnira02chgoog_0540.png"; bbox 0 0 5008 6329; ppageno 0'>
   <div class='ocr_carea' id='block_1_1' title="bbox 741 253 2969 331">
    <p class='ocr_par' dir='ltr' id='par_1_1' title="bbox 741 253 2969 331">
     <span class='ocr_line' id='line_1_1' title="bbox 741 253 2969 331; baseline -0.003 0"><span class='ocrx_word' id='word_1_1' title='bbox 741 263 870 331; x_wconf 75' lang='lat'>³30</span> <span class='ocrx_word' id='word_1_2' title='bbox 1751 258 1838 327; x_wconf 89' lang='lat' dir='ltr'>D.</span> <span class='ocrx_word' id='word_1_3' title='bbox 1888 257 2087 324; x_wconf 84' lang='lat' dir='ltr'>ALB.</span> <span class='ocrx_word' id='word_1_4' title='bbox 2140 255 2356 324; x_wconf 88' lang='lat' dir='ltr'><strong>MAG.</strong></span> <span class='ocrx_word' id='word_1_5' title='bbox 2410 253 2619 322; x_wconf 78' lang='lat' dir='ltr'>om).</span> <span class='ocrx_word' id='word_1_6' title='bbox 2671 254 2969 326; x_wconf 76' lang='lat' dir='ltr'>PRAED.</span> 
     </span>
    </p>
   </div>
   <div class='ocr_carea' id='block_1_2' title="bbox 744 421 4162 520">
    <p class='ocr_par' dir='ltr' id='par_1_2' title="bbox 744 421 4162 520">
     <span class='ocr_line' id='line_1_2' title="bbox 744 421 4162 520; baseline -0.004 -22"><span class='ocrx_word' id='word_1_7' title='bbox 744 432 921 499; x_wconf 89' lang='lat' dir='ltr'>idem</span> <span class='ocrx_word' id='word_1_8' title='bbox 961 429 1200 497; x_wconf 88' lang='lat' dir='ltr'>titulus</span> <span class='ocrx_word' id='word_1_9' title='bbox 1255 430 1699 520; x_wconf 83' lang='lat' dir='ltr'>praeponitur.</span> <span class='ocrx_word' id='word_1_10' title='bbox 1761 430 1876 519; x_wconf 87' lang='lat' dir='ltr'>qui</span> <span class='ocrx_word' id='word_1_11' title='bbox 1943 437 2009 496; x_wconf 90' lang='lat' dir='ltr'>et</span> <span class='ocrx_word' id='word_1_12' title='bbox 2072 428 2284 518; x_wconf 87' lang='lat' dir='ltr'>prius,</span> <span class='ocrx_word' id='word_1_13' title='bbox 2487 425 2667 493; x_wconf 78' lang='lat' dir='ltr'>Dicit</span> <span class='ocrx_word' id='word_1_14' title='bbox 2704 448 2866 517; x_wconf 85' lang='lat' dir='ltr'>ergo</span> <span class='ocrx_word' id='word_1_15' title='bbox 2912 448 2927 493; x_wconf 76' lang='grc' dir='ltr'>ε</span> <span class='ocrx_word' id='word_1_16' title='bbox 2974 423 3088 491; x_wconf 89' lang='lat' dir='ltr'>Sic</span> <span class='ocrx_word' id='word_1_17' title='bbox 3128 446 3333 511; x_wconf 84' lang='lat' dir='ltr'>supra</span> <span class='ocrx_word' id='word_1_18' title='bbox 3381 423 3615 489; x_wconf 90' lang='lat' dir='ltr'>monui</span> <span class='ocrx_word' id='word_1_19' title='bbox 3666 422 3752 488; x_wconf 91' lang='lat' dir='ltr'>ad</span> <span class='ocrx_word' id='word_1_20' title='bbox 3799 421 3953 489; x_wconf 85' lang='lat' dir='ltr'>lau·</span> <span class='ocrx_word' id='word_1_21' title='bbox 4111 453 4162 517; x_wconf 64' lang='grc' dir='ltr'>Ι</span> 
     </span>
    </p>
   </div>
   <div class='ocr_carea' id='block_1_3' title="bbox 749 529 4303 652">
    <p class='ocr_par' dir='ltr' id='par_1_3' title="bbox 749 529 4303 652">
     <span class='ocr_line' id='line_1_3' title="bbox 749 529 4303 652; baseline -0.002 -46"><span class='ocrx_word' id='word_1_22' title='bbox 749 564 781 600; x_wconf 92' lang='lat'>«</span> <span class='ocrx_word' id='word_1_23' title='bbox 815 537 1127 606; x_wconf 80' lang='lat' dir='ltr'><em>Alleluia</em></span> <span class='ocrx_word' id='word_1_24' title='bbox 1159 539 1402 629; x_wconf 71' lang='lat' dir='ltr'>Aqqaei</span> <span class='ocrx_word' id='word_1_25' title='bbox 1438 548 1501 604; x_wconf 88' lang='lat' dir='ltr'>et</span> <span class='ocrx_word' id='word_1_26' title='bbox 1530 538 1911 619; x_wconf 75' lang='lat' dir='ltr'>Zacliariae,</span> <span class='ocrx_word' id='word_1_27' title='bbox 1948 566 1979 599; x_wconf 71' lang='lat' dir='ltr'>n</span> <span class='ocrx_word' id='word_1_28' title='bbox 2019 559 2138 627; x_wconf 90' lang='lat' dir='ltr'>pro</span> <span class='ocrx_word' id='word_1_29' title='bbox 2182 559 2290 603; x_wconf 90' lang='lat' dir='ltr'>re-</span> <span class='ocrx_word' id='word_1_30' title='bbox 2398 534 2554 602; x_wconf 89' lang='lat' dir='ltr'>dem</span> <span class='ocrx_word' id='word_1_31' title='bbox 2601 533 3009 610; x_wconf 75' lang='lat' dir='ltr'>Jerusalem,</span> <span class='ocrx_word' id='word_1_32' title='bbox 3057 542 3123 600; x_wconf 87' lang='lat' dir='ltr'>et</span> <span class='ocrx_word' id='word_1_33' title='bbox 3174 531 3344 599; x_wconf 82' lang='lat' dir='ltr'>Sion</span> <span class='ocrx_word' id='word_1_34' title='bbox 3381 552 3396 596; x_wconf 76' lang='lat' dir='ltr'><em>z</em></span> <span class='ocrx_word' id='word_1_35' title='bbox 3432 529 3553 596; x_wconf 86' lang='lat' dir='ltr'>sed</span> <span class='ocrx_word' id='word_1_36' title='bbox 3612 551 3734 594; x_wconf 86' lang='lat' dir='ltr'>vos</span> <span class='ocrx_word' id='word_1_37' title='bbox 3788 554 3820 591; x_wconf 73' lang='lat' dir='ltr'>e</span> <span class='ocrx_word' id='word_1_38' title='bbox 3874 529 3955 595; x_wconf 82' lang='lat' dir='ltr'>de</span> <span class='ocrx_word' id='word_1_39' title='bbox 3986 551 4303 652; x_wconf 36' lang='lat' dir='ltr'>etQ-:maim</span> 
     </span>
    </p>
   </div>
   <div class='ocr_carea' id='block_1_4' title="bbox 742 643 2288 843">
    <p class='ocr_par' dir='ltr' id='par_1_4' title="bbox 742 643 2288 843">
     <span class='ocr_line' id='line_1_4' title="bbox 742 643 2288 737; baseline -0.001 -27"><span class='ocrx_word' id='word_1_40' title='bbox 742 647 1090 734; x_wconf 86' lang='lat' dir='ltr'>paratione</span> <span class='ocrx_word' id='word_1_41' title='bbox 1139 645 1375 737; x_wconf 83' lang='lat' dir='ltr'>templi</span> <span class='ocrx_word' id='word_1_42' title='bbox 1423 645 1621 725; x_wconf 81' lang='lat' dir='ltr'>lacta,</span> <span class='ocrx_word' id='word_1_43' title='bbox 1674 646 1873 736; x_wconf 88' lang='lat' dir='ltr'>plena</span> <span class='ocrx_word' id='word_1_44' title='bbox 1918 643 2172 711; x_wconf 89' lang='lat' dir='ltr'>scilicet</span> <span class='ocrx_word' id='word_1_45' title='bbox 2223 650 2288 709; x_wconf 82' lang='lat' dir='ltr'>ct</span> 
     </span>
     <span class='ocr_line' id='line_1_5' title="bbox 745 752 1062 843; baseline 0 -22"><span class='ocrx_word' id='word_1_46' title='bbox 745 752 1062 843; x_wconf 86' lang='lat' dir='ltr'>perfecta.</span> 
     </span>
    </p>
   </div>
   <div class='ocr_carea' id='block_1_5' title="bbox 724 957 2289 3103">
    <p class='ocr_par' dir='ltr' id='par_1_5' title="bbox 738 957 2287 1380">
     <span class='ocr_line' id='line_1_6' title="bbox 827 957 2283 1047; baseline -0.008 -16"><span class='ocrx_word' id='word_1_47' title='bbox 827 962 913 1031; x_wconf 90' lang='lat' dir='ltr'>Et</span> <span class='ocrx_word' id='word_1_48' title='bbox 961 960 1286 1030; x_wconf 87' lang='lat' dir='ltr'>dividitur</span> <span class='ocrx_word' id='word_1_49' title='bbox 1333 959 1650 1027; x_wconf 89' lang='lat' dir='ltr'>Psalmus</span> <span class='ocrx_word' id='word_1_50' title='bbox 1692 960 1759 1024; x_wconf 90' lang='lat' dir='ltr'>in</span> <span class='ocrx_word' id='word_1_51' title='bbox 1816 957 1983 1025; x_wconf 87' lang='lat' dir='ltr'>duas</span> <span class='ocrx_word' id='word_1_52' title='bbox 2036 963 2283 1047; x_wconf 82' lang='lat' dir='ltr'>parteS.</span> 
     </span>
     <span class='ocr_line' id='line_1_7' title="bbox 744 1066 2287 1160; baseline -0.004 -22"><span class='ocrx_word' id='word_1_53' title='bbox 744 1071 975 1138; x_wconf 88' lang='lat' dir='ltr'>Primo</span> <span class='ocrx_word' id='word_1_54' title='bbox 1031 1070 1307 1160; x_wconf 88' lang='lat' dir='ltr'>quidem</span> <span class='ocrx_word' id='word_1_55' title='bbox 1398 1069 1644 1137; x_wconf 90' lang='lat' dir='ltr'>invitat</span> <span class='ocrx_word' id='word_1_56' title='bbox 1698 1068 1784 1136; x_wconf 91' lang='lat' dir='ltr'>ad</span> <span class='ocrx_word' id='word_1_57' title='bbox 1839 1067 2106 1135; x_wconf 85' lang='lat' dir='ltr'>laudem</span> <span class='ocrx_word' id='word_1_58' title='bbox 2166 1066 2287 1132; x_wconf 85' lang='lat' dir='ltr'>Dei</span> 
     </span>
     <span class='ocr_line' id='line_1_8' title="bbox 738 1179 2287 1272; baseline -0.003 -23"><span class='ocrx_word' id='word_1_59' title='bbox 738 1191 1078 1249; x_wconf 86' lang='lat' dir='ltr'>creaturas</span> <span class='ocrx_word' id='word_1_60' title='bbox 1136 1180 1513 1272; x_wconf 81' lang='lat' dir='ltr'>sigillatim.</span> <span class='ocrx_word' id='word_1_61' title='bbox 1590 1179 1932 1260; x_wconf 78' lang='lat' dir='ltr'>Secunde,</span> <span class='ocrx_word' id='word_1_62' title='bbox 1991 1179 2287 1267; x_wconf 89' lang='lat' dir='ltr'>conjun-</span> 
     </span>
     <span class='ocr_line' id='line_1_9' title="bbox 741 1289 2093 1380; baseline -0.003 -23"><span class='ocrx_word' id='word_1_63' title='bbox 741 1291 924 1365; x_wconf 87' lang='lat' dir='ltr'>ctim,</span> <span class='ocrx_word' id='word_1_64' title='bbox 962 1289 1079 1373; x_wconf 89' lang='lat' dir='ltr'>ibi,</span> <span class='ocrx_word' id='word_1_65' title='bbox 1109 1299 1175 1367; x_wconf 61' lang='lat' dir='ltr'>y.</span> <span class='ocrx_word' id='word_1_66' title='bbox 1218 1291 1296 1358; x_wconf 66' lang='lat'>14</span> <span class='ocrx_word' id='word_1_67' title='bbox 1331 1314 1347 1359; x_wconf 73' lang='grc' dir='ltr'><strong><em>ε</em></strong></span> <span class='ocrx_word' id='word_1_68' title='bbox 1393 1320 1425 1354; x_wconf 80' lang='grc' dir='ltr'><strong>α</strong></span> <span class='ocrx_word' id='word_1_69' title='bbox 1460 1292 1806 1380; x_wconf 77' lang='lat' dir='ltr'><em>Confessio</em></span> <span class='ocrx_word' id='word_1_70' title='bbox 1837 1290 2013 1379; x_wconf 73' lang='lat' dir='ltr'>eju-5.</span> <span class='ocrx_word' id='word_1_71' title='bbox 2061 1314 2093 1353; x_wconf 73' lang='grc' dir='ltr'>ιι</span> 
     </span>
    </p>

    <p class='ocr_par' dir='ltr' id='par_1_6' title="bbox 740 1396 2289 1692">
     <span class='ocr_line' id='line_1_10' title="bbox 833 1396 2289 1488; baseline -0.001 -25"><span class='ocrx_word' id='word_1_72' title='bbox 833 1396 906 1465; x_wconf 91' lang='lat' dir='ltr'>ln</span> <span class='ocrx_word' id='word_1_73' title='bbox 952 1399 1170 1488; x_wconf 87' lang='lat' dir='ltr'>prima</span> <span class='ocrx_word' id='word_1_74' title='bbox 1226 1399 1388 1467; x_wconf 90' lang='lat' dir='ltr'>duo.</span> <span class='ocrx_word' id='word_1_75' title='bbox 1437 1398 1697 1481; x_wconf 83' lang='lat' dir='ltr'>PrimO,</span> <span class='ocrx_word' id='word_1_76' title='bbox 1744 1401 1983 1465; x_wconf 77' lang='lat' dir='ltr'>invitat</span> <span class='ocrx_word' id='word_1_77' title='bbox 2019 1404 2289 1464; x_wconf 86' lang='lat' dir='ltr'>creatu-</span> 
     </span>
     <span class='ocr_line' id='line_1_11' title="bbox 744 1501 2281 1596; baseline -0.004 -24"><span class='ocrx_word' id='word_1_78' title='bbox 744 1526 851 1572; x_wconf 87' lang='lat' dir='ltr'>ras</span> <span class='ocrx_word' id='word_1_79' title='bbox 898 1507 1305 1596; x_wconf 78' lang='lat' dir='ltr'>superiores,</span> <span class='ocrx_word' id='word_1_80' title='bbox 1363 1503 1707 1575; x_wconf 89' lang='lat' dir='ltr'>Secundo.</span> <span class='ocrx_word' id='word_1_81' title='bbox 1743 1504 2118 1580; x_wconf 85' lang='lat' dir='ltr'>inferiores,</span> <span class='ocrx_word' id='word_1_82' title='bbox 2163 1501 2281 1580; x_wconf 88' lang='lat' dir='ltr'>ibi,</span> 
     </span>
     <span class='ocr_line' id='line_1_12' title="bbox 740 1613 2276 1692; baseline 0 -14"><span class='ocrx_word' id='word_1_83' title='bbox 740 1620 803 1689; x_wconf 67' lang='lat'>5.</span> <span class='ocrx_word' id='word_1_84' title='bbox 850 1614 888 1681; x_wconf 83' lang='grc' dir='ltr'><em>Ἰ</em></span> <span class='ocrx_word' id='word_1_85' title='bbox 926 1637 940 1681; x_wconf 90' lang='lat'><strong>:</strong></span> <span class='ocrx_word' id='word_1_86' title='bbox 1007 1638 1040 1679; x_wconf 75' lang='grc' dir='ltr'>ι</span> <span class='ocrx_word' id='word_1_87' title='bbox 1074 1613 1389 1682; x_wconf 83' lang='lat' dir='ltr'>Laudate</span> <span class='ocrx_word' id='word_1_88' title='bbox 1447 1614 1851 1692; x_wconf 82' lang='lat' dir='ltr'>Dominum,</span> <span class='ocrx_word' id='word_1_89' title='bbox 1885 1613 1967 1678; x_wconf 85' lang='lat' dir='ltr'>de</span> <span class='ocrx_word' id='word_1_90' title='bbox 2004 1621 2209 1678; x_wconf 81' lang='lat' dir='ltr'>terra.</span> <span class='ocrx_word' id='word_1_91' title='bbox 2246 1637 2276 1671; x_wconf 88' lang='lat'>»</span> 
     </span>
    </p>

    <p class='ocr_par' dir='ltr' id='par_1_7' title="bbox 738 1715 2285 2026">
     <span class='ocr_line' id='line_1_13' title="bbox 830 1715 2285 1809; baseline -0.001 -24"><span class='ocrx_word' id='word_1_92' title='bbox 830 1718 908 1785; x_wconf 89' lang='lat' dir='ltr'>In</span> <span class='ocrx_word' id='word_1_93' title='bbox 937 1720 1155 1809; x_wconf 88' lang='lat' dir='ltr'>prima</span> <span class='ocrx_word' id='word_1_94' title='bbox 1184 1719 1343 1787; x_wconf 89' lang='lat' dir='ltr'>duo.</span> <span class='ocrx_word' id='word_1_95' title='bbox 1400 1718 1659 1796; x_wconf 87' lang='lat' dir='ltr'>Prim0,</span> <span class='ocrx_word' id='word_1_96' title='bbox 1698 1721 2094 1786; x_wconf 73' lang='lat' dir='ltr'>invitantur.</span> <span class='ocrx_word' id='word_1_97' title='bbox 2161 1715 2285 1784; x_wconf 86' lang='lat' dir='ltr'>So-</span> 
     </span>
     <span class='ocr_line' id='line_1_14' title="bbox 741 1824 2281 1905; baseline -0.002 -12"><span class='ocrx_word' id='word_1_98' title='bbox 741 1825 986 1903; x_wconf 89' lang='lat' dir='ltr'>cundo,</span> <span class='ocrx_word' id='word_1_99' title='bbox 1047 1824 1358 1894; x_wconf 78' lang='lat' dir='ltr'>subditur</span> <span class='ocrx_word' id='word_1_100' title='bbox 1413 1828 1584 1896; x_wconf 89' lang='lat' dir='ltr'>ratio</span> <span class='ocrx_word' id='word_1_101' title='bbox 1632 1827 2082 1905; x_wconf 77' lang='lat' dir='ltr'>invitationis,</span> <span class='ocrx_word' id='word_1_102' title='bbox 2161 1824 2281 1904; x_wconf 90' lang='lat' dir='ltr'>ibi,</span> 
     </span>
     <span class='ocr_line' id='line_1_15' title="bbox 738 1934 1720 2026; baseline 0 -27"><span class='ocrx_word' id='word_1_103' title='bbox 738 1939 802 2009; x_wconf 69' lang='grc'>31.</span> <span class='ocrx_word' id='word_1_104' title='bbox 837 1934 876 2002; x_wconf 82' lang='grc'><strong>5</strong></span> <span class='ocrx_word' id='word_1_105' title='bbox 921 1955 938 2001; x_wconf 75' lang='lat' dir='ltr'>t</span> <span class='ocrx_word' id='word_1_106' title='bbox 974 1958 1008 1999; x_wconf 78' lang='lat' dir='ltr'>e</span> <span class='ocrx_word' id='word_1_107' title='bbox 1043 1935 1226 2020; x_wconf 88' lang='lat' dir='ltr'>Quia</span> <span class='ocrx_word' id='word_1_108' title='bbox 1263 1935 1407 2026; x_wconf 85' lang='lat' dir='ltr'>ipse</span> <span class='ocrx_word' id='word_1_109' title='bbox 1441 1934 1648 2002; x_wconf 75' lang='lat' dir='ltr'>dixit.</span> <span class='ocrx_word' id='word_1_110' title='bbox 1688 1959 1720 1999; x_wconf 83' lang='lat' dir='ltr'>s</span> 
     </span>
    </p>

    <p class='ocr_par' dir='ltr' id='par_1_8' title="bbox 736 2041 2285 2442">
     <span class='ocr_line' id='line_1_16' title="bbox 826 2041 2284 2133; baseline -0.001 -24"><span class='ocrx_word' id='word_1_111' title='bbox 826 2041 1081 2110; x_wconf 89' lang='lat' dir='ltr'>Iterum</span> <span class='ocrx_word' id='word_1_112' title='bbox 1114 2044 1181 2109; x_wconf 90' lang='lat' dir='ltr'>in</span> <span class='ocrx_word' id='word_1_113' title='bbox 1212 2043 1453 2133; x_wconf 89' lang='lat' dir='ltr'>prima,</span> <span class='ocrx_word' id='word_1_114' title='bbox 1497 2044 1720 2133; x_wconf 90' lang='lat' dir='ltr'>primo</span> <span class='ocrx_word' id='word_1_115' title='bbox 1754 2044 2061 2110; x_wconf 86' lang='lat' dir='ltr'>invitatio</span> <span class='ocrx_word' id='word_1_116' title='bbox 2101 2063 2284 2110; x_wconf 89' lang='lat' dir='ltr'>crea-</span> 
     </span>
     <span class='ocr_line' id='line_1_17' title="bbox 736 2145 2284 2240; baseline 0 -25"><span class='ocrx_word' id='word_1_117' title='bbox 736 2154 1041 2215; x_wconf 84' lang='lat' dir='ltr'>turarum</span> <span class='ocrx_word' id='word_1_118' title='bbox 1111 2151 1540 2238; x_wconf 80' lang='lat' dir='ltr'>superiorum</span> <span class='ocrx_word' id='word_1_119' title='bbox 1606 2148 2085 2240; x_wconf 80' lang='lat' dir='ltr'>spiritualium.</span> <span class='ocrx_word' id='word_1_120' title='bbox 2151 2145 2284 2215; x_wconf 85' lang='lat' dir='ltr'>Sc-</span> 
     </span>
     <span class='ocr_line' id='line_1_18' title="bbox 739 2254 2285 2346; baseline -0.001 -24"><span class='ocrx_word' id='word_1_121' title='bbox 739 2254 985 2330; x_wconf 86' lang='lat' dir='ltr'>cundo,</span> <span class='ocrx_word' id='word_1_122' title='bbox 1046 2256 1529 2346; x_wconf 80' lang='lat' dir='ltr'>corporalium,</span> <span class='ocrx_word' id='word_1_123' title='bbox 1583 2263 1648 2333; x_wconf 64' lang='lat'>5.</span> <span class='ocrx_word' id='word_1_124' title='bbox 1714 2255 1752 2323; x_wconf 89' lang='lat'><strong>3</strong></span> <span class='ocrx_word' id='word_1_125' title='bbox 1817 2279 1832 2323; x_wconf 91' lang='lat'>:</span> <span class='ocrx_word' id='word_1_126' title='bbox 1894 2283 1930 2320; x_wconf 71' lang='grc' dir='ltr'>ι</span> <span class='ocrx_word' id='word_1_127' title='bbox 1969 2255 2285 2323; x_wconf 84' lang='lat' dir='ltr'>Laudate</span> 
     </span>
     <span class='ocr_line' id='line_1_19' title="bbox 740 2362 1449 2442; baseline -0.006 -13"><span class='ocrx_word' id='word_1_128' title='bbox 740 2384 919 2442; x_wconf 90' lang='lat' dir='ltr'>eum,</span> <span class='ocrx_word' id='word_1_129' title='bbox 949 2362 1062 2430; x_wconf 82' lang='lat' dir='ltr'>sol</span> <span class='ocrx_word' id='word_1_130' title='bbox 1087 2372 1150 2430; x_wconf 86' lang='lat' dir='ltr'>et</span> <span class='ocrx_word' id='word_1_131' title='bbox 1182 2363 1377 2431; x_wconf 84' lang='lat' dir='ltr'>luna.</span> <span class='ocrx_word' id='word_1_132' title='bbox 1416 2390 1449 2426; x_wconf 77' lang='grc' dir='ltr'>ιι</span> 
     </span>
    </p>

    <p class='ocr_par' dir='ltr' id='par_1_9' title="bbox 724 2468 2282 3103">
     <span class='ocr_line' id='line_1_20' title="bbox 822 2468 2282 2560; baseline 0.001 -24"><span class='ocrx_word' id='word_1_133' title='bbox 822 2468 898 2537; x_wconf 89' lang='lat' dir='ltr'>In</span> <span class='ocrx_word' id='word_1_134' title='bbox 938 2469 1158 2560; x_wconf 88' lang='lat' dir='ltr'>prima</span> <span class='ocrx_word' id='word_1_135' title='bbox 1202 2470 1354 2542; x_wconf 85' lang='lat' dir='ltr'>tria.</span> <span class='ocrx_word' id='word_1_136' title='bbox 1393 2468 1651 2546; x_wconf 82' lang='lat' dir='ltr'>Primo.</span> <span class='ocrx_word' id='word_1_137' title='bbox 1686 2471 1926 2538; x_wconf 89' lang='lat' dir='ltr'>invitat</span> <span class='ocrx_word' id='word_1_138' title='bbox 1968 2469 2282 2559; x_wconf 88' lang='lat' dir='ltr'>spiritua-</span> 
     </span>
     <span class='ocr_line' id='line_1_21' title="bbox 728 2574 2280 2670; baseline 0 -27"><span class='ocrx_word' id='word_1_139' title='bbox 728 2574 827 2644; x_wconf 84' lang='lat' dir='ltr'>les</span> <span class='ocrx_word' id='word_1_140' title='bbox 891 2587 1254 2655; x_wconf 70' lang='lat' dir='ltr'>creaturae,</span> <span class='ocrx_word' id='word_1_141' title='bbox 1318 2578 1663 2670; x_wconf 84' lang='lat' dir='ltr'>tangendo</span> <span class='ocrx_word' id='word_1_142' title='bbox 1746 2577 2017 2645; x_wconf 90' lang='lat' dir='ltr'>illarum</span> <span class='ocrx_word' id='word_1_143' title='bbox 2076 2577 2280 2668; x_wconf 81' lang='lat' dir='ltr'>origi-</span> 
     </span>
     <span class='ocr_line' id='line_1_22' title="bbox 726 2683 2270 2778; baseline -0.002 -26"><span class='ocrx_word' id='word_1_144' title='bbox 726 2706 908 2753; x_wconf 90' lang='lat' dir='ltr'>nem.</span> <span class='ocrx_word' id='word_1_145' title='bbox 946 2683 1289 2765; x_wconf 80' lang='lat' dir='ltr'>Secunde,</span> <span class='ocrx_word' id='word_1_146' title='bbox 1327 2684 1667 2778; x_wconf 86' lang='lat' dir='ltr'>tangendo</span> <span class='ocrx_word' id='word_1_147' title='bbox 1692 2685 2115 2777; x_wconf 82' lang='lat' dir='ltr'>dignitatem,</span> <span class='ocrx_word' id='word_1_148' title='bbox 2151 2685 2270 2763; x_wconf 88' lang='lat' dir='ltr'>ibi,</span> 
     </span>
     <span class='ocr_line' id='line_1_23' title="bbox 730 2789 2277 2870; baseline -0.001 -11"><span class='ocrx_word' id='word_1_149' title='bbox 730 2818 763 2859; x_wconf 74' lang='grc' dir='ltr'>ι</span> <span class='ocrx_word' id='word_1_150' title='bbox 802 2789 1116 2860; x_wconf 86' lang='lat' dir='ltr'>Laudate</span> <span class='ocrx_word' id='word_1_151' title='bbox 1143 2812 1299 2859; x_wconf 87' lang='lat' dir='ltr'>eum</span> <span class='ocrx_word' id='word_1_152' title='bbox 1330 2793 1404 2860; x_wconf 82' lang='lat' dir='ltr'>in</span> <span class='ocrx_word' id='word_1_153' title='bbox 1433 2792 1739 2862; x_wconf 73' lang='lat' dir='ltr'>excelsis.</span> <span class='ocrx_word' id='word_1_154' title='bbox 1774 2820 1803 2856; x_wconf 79' lang='grc' dir='ltr'>ιι</span> <span class='ocrx_word' id='word_1_155' title='bbox 1843 2791 2090 2870; x_wconf 86' lang='lat' dir='ltr'>Tertio,</span> <span class='ocrx_word' id='word_1_156' title='bbox 2128 2799 2277 2858; x_wconf 88' lang='lat' dir='ltr'>tan-</span> 
     </span>
     <span class='ocr_line' id='line_1_24' title="bbox 724 2898 2265 2991; baseline -0.001 -24"><span class='ocrx_word' id='word_1_157' title='bbox 724 2899 944 2991; x_wconf 86' lang='lat' dir='ltr'>gendo</span> <span class='ocrx_word' id='word_1_158' title='bbox 975 2898 1276 2968; x_wconf 73' lang='lat' dir='ltr'>officium</span> <span class='ocrx_word' id='word_1_159' title='bbox 1306 2906 1372 2968; x_wconf 88' lang='lat' dir='ltr'>et</span> <span class='ocrx_word' id='word_1_160' title='bbox 1402 2902 1899 2990; x_wconf 86' lang='lat' dir='ltr'>operationem,</span> <span class='ocrx_word' id='word_1_161' title='bbox 1925 2900 2039 2977; x_wconf 87' lang='lat' dir='ltr'>ibi,</span> <span class='ocrx_word' id='word_1_162' title='bbox 2075 2904 2140 2976; x_wconf 67' lang='lat'>51⁷.</span> <span class='ocrx_word' id='word_1_163' title='bbox 2176 2899 2216 2965; x_wconf 85' lang='lat'>2</span> <span class='ocrx_word' id='word_1_164' title='bbox 2250 2920 2265 2966; x_wconf 90' lang='lat'><strong>:</strong></span> 
     </span>
     <span class='ocr_line' id='line_1_25' title="bbox 725 3009 1963 3103; baseline 0.001 -27"><span class='ocrx_word' id='word_1_165' title='bbox 725 3033 760 3076; x_wconf 73' lang='grc' dir='ltr'><strong>α</strong></span> <span class='ocrx_word' id='word_1_166' title='bbox 796 3009 1108 3079; x_wconf 85' lang='lat' dir='ltr'>Laudate</span> <span class='ocrx_word' id='word_1_167' title='bbox 1135 3032 1317 3090; x_wconf 87' lang='lat' dir='ltr'>eum,</span> <span class='ocrx_word' id='word_1_168' title='bbox 1351 3033 1581 3080; x_wconf 81' lang='lat' dir='ltr'>omnes</span> <span class='ocrx_word' id='word_1_169' title='bbox 1617 3010 1892 3103; x_wconf 77' lang='lat' dir='ltr'>Anqeli.</span> <span class='ocrx_word' id='word_1_170' title='bbox 1931 3036 1963 3077; x_wconf 75' lang='lat' dir='ltr'>s</span> 
     </span>
    </p>
   </div>
   <div class='ocr_carea' id='block_1_6' title="bbox 681 3270 2269 5681">
    <p class='ocr_par' dir='ltr' id='par_1_10' title="bbox 681 3270 2269 5681">
     <span class='ocr_line' id='line_1_26' title="bbox 718 3270 2269 3347; baseline 0.001 -19"><span class='ocrx_word' id='word_1_171' title='bbox 718 3287 819 3328; x_wconf 87' lang='lat' dir='ltr'>cer</span> <span class='ocrx_word' id='word_1_172' title='bbox 846 3270 934 3328; x_wconf 91' lang='lat' dir='ltr'>les</span> <span class='ocrx_word' id='word_1_173' title='bbox 961 3270 1151 3328; x_wconf 89' lang='lat' dir='ltr'>droits</span> <span class='ocrx_word' id='word_1_174' title='bbox 1179 3271 1255 3328; x_wconf 88' lang='lat' dir='ltr'>de</span> <span class='ocrx_word' id='word_1_175' title='bbox 1284 3277 1439 3328; x_wconf 86' lang='lat' dir='ltr'>cette</span> <span class='ocrx_word' id='word_1_176' title='bbox 1489 3276 1760 3347; x_wconf 75' lang='lat' dir='ltr'>royaute,</span> <span class='ocrx_word' id='word_1_177' title='bbox 1800 3274 1836 3331; x_wconf 77' lang='lat' dir='ltr'>a</span> <span class='ocrx_word' id='word_1_178' title='bbox 1868 3273 2066 3331; x_wconf 89' lang='lat' dir='ltr'>raison</span> <span class='ocrx_word' id='word_1_179' title='bbox 2096 3273 2171 3330; x_wconf 88' lang='lat' dir='ltr'>de</span> <span class='ocrx_word' id='word_1_180' title='bbox 2202 3290 2269 3330; x_wconf 85' lang='lat' dir='ltr'>sa</span> 
     </span>
     <span class='ocr_line' id='line_1_27' title="bbox 717 3360 2264 3437; baseline -0.001 -17"><span class='ocrx_word' id='word_1_181' title='bbox 717 3360 1144 3420; x_wconf 75' lang='lat' dir='ltr'>connaissance</span> <span class='ocrx_word' id='word_1_182' title='bbox 1192 3366 1253 3419; x_wconf 85' lang='lat' dir='ltr'>et</span> <span class='ocrx_word' id='word_1_183' title='bbox 1298 3360 1374 3419; x_wconf 85' lang='lat' dir='ltr'>de</span> <span class='ocrx_word' id='word_1_184' title='bbox 1421 3379 1532 3419; x_wconf 89' lang='lat' dir='ltr'>son</span> <span class='ocrx_word' id='word_1_185' title='bbox 1579 3379 1794 3419; x_wconf 89' lang='lat' dir='ltr'>amour</span> <span class='ocrx_word' id='word_1_186' title='bbox 1829 3362 1908 3419; x_wconf 92' lang='lat' dir='ltr'>du</span> <span class='ocrx_word' id='word_1_187' title='bbox 1956 3363 2264 3437; x_wconf 82' lang='lat' dir='ltr'>Seigneur,</span> 
     </span>
     <span class='ocr_line' id='line_1_28' title="bbox 714 3448 2269 3523; baseline 0.001 -17"><span class='ocrx_word' id='word_1_188' title='bbox 714 3448 858 3506; x_wconf 76' lang='lat' dir='ltr'>c’est</span> <span class='ocrx_word' id='word_1_189' title='bbox 887 3448 939 3505; x_wconf 90' lang='lat' dir='ltr'>le</span> <span class='ocrx_word' id='word_1_190' title='bbox 988 3448 1203 3523; x_wconf 81' lang='lat' dir='ltr'>peuple</span> <span class='ocrx_word' id='word_1_191' title='bbox 1253 3450 1501 3507; x_wconf 78' lang='lat' dir='ltr'>hebreu.</span> <span class='ocrx_word' id='word_1_192' title='bbox 1559 3450 1733 3508; x_wconf 78' lang='lat' dir='ltr'>Aussi</span> <span class='ocrx_word' id='word_1_193' title='bbox 1773 3459 1864 3508; x_wconf 88' lang='lat' dir='ltr'>est</span> <span class='ocrx_word' id='word_1_194' title='bbox 1901 3467 1966 3509; x_wconf 89' lang='lat' dir='ltr'>ce</span> <span class='ocrx_word' id='word_1_195' title='bbox 2020 3450 2125 3519; x_wconf 88' lang='lat' dir='ltr'>lui,</span> <span class='ocrx_word' id='word_1_196' title='bbox 2180 3450 2269 3508; x_wconf 89' lang='lat' dir='ltr'>dit</span> 
     </span>
     <span class='ocr_line' id='line_1_29' title="bbox 724 3541 2266 3615; baseline 0.003 -18"><span class='ocrx_word' id='word_1_197' title='bbox 724 3541 1031 3601; x_wconf 74' lang='lat' dir='ltr'>Delitssch.</span> <span class='ocrx_word' id='word_1_198' title='bbox 1065 3542 1166 3615; x_wconf 90' lang='lat' dir='ltr'>qui</span> <span class='ocrx_word' id='word_1_199' title='bbox 1198 3564 1228 3592; x_wconf 87' lang='lat'>«</span> <span class='ocrx_word' id='word_1_200' title='bbox 1251 3543 1481 3600; x_wconf 85' lang='lat' dir='ltr'>semble</span> <span class='ocrx_word' id='word_1_201' title='bbox 1523 3543 1599 3602; x_wconf 89' lang='lat' dir='ltr'>ici</span> <span class='ocrx_word' id='word_1_202' title='bbox 1649 3543 1935 3600; x_wconf 87' lang='lat' dir='ltr'>conduire</span> <span class='ocrx_word' id='word_1_203' title='bbox 1967 3545 2019 3601; x_wconf 86' lang='lat' dir='ltr'>le</span> <span class='ocrx_word' id='word_1_204' title='bbox 2061 3544 2266 3602; x_wconf 85' lang='lat' dir='ltr'>choeur</span> 
     </span>
     <span class='ocr_line' id='line_1_30' title="bbox 716 3629 2262 3708; baseline 0.003 -21"><span class='ocrx_word' id='word_1_205' title='bbox 716 3652 746 3680; x_wconf 73' lang='grc' dir='ltr'>οι</span> <span class='ocrx_word' id='word_1_206' title='bbox 772 3629 846 3688; x_wconf 86' lang='lat' dir='ltr'>de</span> <span class='ocrx_word' id='word_1_207' title='bbox 875 3631 1190 3699; x_wconf 74' lang='lat' dir='ltr'>l&#39;univers3</span> <span class='ocrx_word' id='word_1_208' title='bbox 1223 3632 1264 3690; x_wconf 91' lang='lat' dir='ltr'>il</span> <span class='ocrx_word' id='word_1_209' title='bbox 1295 3634 1413 3690; x_wconf 88' lang='lat' dir='ltr'>sait</span> <span class='ocrx_word' id='word_1_210' title='bbox 1440 3650 1556 3708; x_wconf 77' lang='lat' dir='ltr'>que</span> <span class='ocrx_word' id='word_1_211' title='bbox 1587 3649 1683 3691; x_wconf 88' lang='lat' dir='ltr'>ses</span> <span class='ocrx_word' id='word_1_212' title='bbox 1704 3636 1991 3706; x_wconf 60' lang='lat' dir='ltr'>&amp;preuves</span> <span class='ocrx_word' id='word_1_213' title='bbox 2019 3641 2127 3691; x_wconf 88' lang='lat' dir='ltr'>ont</span> <span class='ocrx_word' id='word_1_214' title='bbox 2147 3650 2262 3692; x_wconf 88' lang='lat' dir='ltr'>une</span> 
     </span>
     <span class='ocr_line' id='line_1_31' title="bbox 716 3722 2265 3797; baseline 0.005 -23"><span class='ocrx_word' id='word_1_215' title='bbox 716 3745 744 3773; x_wconf 71' lang='grc' dir='ltr'><strong><em>α</em></strong></span> <span class='ocrx_word' id='word_1_216' title='bbox 787 3722 1156 3795; x_wconf 87' lang='lat' dir='ltr'>importance</span> <span class='ocrx_word' id='word_1_217' title='bbox 1203 3722 1415 3782; x_wconf 88' lang='lat' dir='ltr'>intime</span> <span class='ocrx_word' id='word_1_218' title='bbox 1459 3732 1520 3781; x_wconf 89' lang='lat' dir='ltr'>et</span> <span class='ocrx_word' id='word_1_219' title='bbox 1556 3725 1915 3784; x_wconf 69' lang='lat' dir='ltr'>unit-orselle</span> <span class='ocrx_word' id='word_1_220' title='bbox 1955 3743 2106 3797; x_wconf 90' lang='lat' dir='ltr'>pour</span> <span class='ocrx_word' id='word_1_221' title='bbox 2133 3732 2265 3783; x_wconf 89' lang='lat' dir='ltr'>tout</span> 
     </span>
     <span class='ocr_line' id='line_1_32' title="bbox 709 3812 2259 3891; baseline 0.006 -26"><span class='ocrx_word' id='word_1_222' title='bbox 709 3837 738 3865; x_wconf 68' lang='lat' dir='ltr'>a</span> <span class='ocrx_word' id='word_1_223' title='bbox 770 3829 836 3870; x_wconf 86' lang='lat' dir='ltr'>ce</span> <span class='ocrx_word' id='word_1_224' title='bbox 867 3813 968 3886; x_wconf 80' lang='lat' dir='ltr'>qui</span> <span class='ocrx_word' id='word_1_225' title='bbox 992 3812 1072 3868; x_wconf 74' lang='lat' dir='ltr'>vit</span> <span class='ocrx_word' id='word_1_226' title='bbox 1091 3812 1243 3870; x_wconf 82' lang='lat' dir='ltr'>daus</span> <span class='ocrx_word' id='word_1_227' title='bbox 1268 3813 1325 3870; x_wconf 88' lang='lat' dir='ltr'>la</span> <span class='ocrx_word' id='word_1_228' title='bbox 1345 3815 1634 3878; x_wconf 80' lang='lat' dir='ltr'>creation.</span> <span class='ocrx_word' id='word_1_229' title='bbox 1664 3821 1723 3873; x_wconf 89' lang='lat' dir='ltr'>et</span> <span class='ocrx_word' id='word_1_230' title='bbox 1752 3832 1868 3888; x_wconf 92' lang='lat' dir='ltr'>que</span> <span class='ocrx_word' id='word_1_231' title='bbox 1898 3815 1952 3871; x_wconf 86' lang='lat' dir='ltr'>la</span> <span class='ocrx_word' id='word_1_232' title='bbox 1971 3816 2144 3890; x_wconf 70' lang='lat' dir='ltr'>grdce</span> <span class='ocrx_word' id='word_1_233' title='bbox 2157 3820 2259 3891; x_wconf 87' lang='lat' dir='ltr'>qui</span> 
     </span>
     <span class='ocr_line' id='line_1_33' title="bbox 709 3901 2258 3979; baseline 0.006 -25"><span class='ocrx_word' id='word_1_234' title='bbox 709 3926 737 3954; x_wconf 71' lang='grc' dir='ltr'>ιο</span> <span class='ocrx_word' id='word_1_235' title='bbox 770 3901 854 3959; x_wconf 87' lang='lat' dir='ltr'>lui</span> <span class='ocrx_word' id='word_1_236' title='bbox 899 3902 1129 3960; x_wconf 81' lang='lat' dir='ltr'>revient</span> <span class='ocrx_word' id='word_1_237' title='bbox 1164 3910 1257 3960; x_wconf 80' lang='lat' dir='ltr'>est</span> <span class='ocrx_word' id='word_1_238' title='bbox 1297 3902 1477 3978; x_wconf 79' lang='lat' dir='ltr'>digne</span> <span class='ocrx_word' id='word_1_239' title='bbox 1522 3905 1808 3963; x_wconf 82' lang='lat' dir='ltr'>d&#39;exciter</span> <span class='ocrx_word' id='word_1_240' title='bbox 1844 3923 1961 3963; x_wconf 91' lang='lat' dir='ltr'>une</span> <span class='ocrx_word' id='word_1_241' title='bbox 2005 3906 2258 3979; x_wconf 81' lang='lat' dir='ltr'>joyeuse</span> 
     </span>
     <span class='ocr_line' id='line_1_34' title="bbox 706 3988 2253 4049; baseline 0.003 -4"><span class='ocrx_word' id='word_1_242' title='bbox 706 4011 737 4038; x_wconf 74' lang='lat' dir='ltr'>c«</span> <span class='ocrx_word' id='word_1_243' title='bbox 767 3989 1030 4045; x_wconf 76' lang='lat' dir='ltr'>emotion</span> <span class='ocrx_word' id='word_1_244' title='bbox 1060 3988 1211 4046; x_wconf 82' lang='lat' dir='ltr'>dans</span> <span class='ocrx_word' id='word_1_245' title='bbox 1258 3996 1392 4047; x_wconf 85' lang='lat' dir='ltr'>tous</span> <span class='ocrx_word' id='word_1_246' title='bbox 1424 3992 1510 4046; x_wconf 83' lang='lat' dir='ltr'>les</span> <span class='ocrx_word' id='word_1_247' title='bbox 1542 3990 1698 4047; x_wconf 68' lang='lat' dir='ltr'>etres</span> <span class='ocrx_word' id='word_1_248' title='bbox 1742 3991 1992 4048; x_wconf 78' lang='lat' dir='ltr'>celestes</span> <span class='ocrx_word' id='word_1_249' title='bbox 2046 4000 2105 4049; x_wconf 90' lang='lat' dir='ltr'>et</span> <span class='ocrx_word' id='word_1_250' title='bbox 2138 4000 2253 4049; x_wconf 90' lang='lat' dir='ltr'>ter·</span> 
     </span>
     <span class='ocr_line' id='line_1_35' title="bbox 706 4077 2255 4156; baseline 0.007 -27"><span class='ocrx_word' id='word_1_251' title='bbox 706 4100 734 4129; x_wconf 64' lang='lat' dir='ltr'>a</span> <span class='ocrx_word' id='word_1_252' title='bbox 766 4085 1007 4135; x_wconf 86' lang='lat' dir='ltr'>restres.</span> <span class='ocrx_word' id='word_1_253' title='bbox 1048 4079 1207 4135; x_wconf 80' lang='lat' dir='ltr'>l‘our</span> <span class='ocrx_word' id='word_1_254' title='bbox 1235 4077 1407 4136; x_wconf 88' lang='lat' dir='ltr'>loner</span> <span class='ocrx_word' id='word_1_255' title='bbox 1438 4079 1605 4141; x_wconf 86' lang='lat' dir='ltr'>Dieu.</span> <span class='ocrx_word' id='word_1_256' title='bbox 1636 4080 1678 4136; x_wconf 90' lang='lat' dir='ltr'>il</span> <span class='ocrx_word' id='word_1_257' title='bbox 1708 4097 1785 4137; x_wconf 87' lang='lat' dir='ltr'>ne</span> <span class='ocrx_word' id='word_1_258' title='bbox 1816 4098 2119 4155; x_wconf 80' lang='lat' dir='ltr'>convoque</span> <span class='ocrx_word' id='word_1_259' title='bbox 2148 4099 2255 4156; x_wconf 90' lang='lat' dir='ltr'>pas</span> 
     </span>
     <span class='ocr_line' id='line_1_36' title="bbox 705 4167 2255 4242; baseline 0.008 -24"><span class='ocrx_word' id='word_1_260' title='bbox 705 4191 734 4218; x_wconf 69' lang='lat' dir='ltr'>a</span> <span class='ocrx_word' id='word_1_261' title='bbox 767 4167 1106 4225; x_wconf 76' lang='lat' dir='ltr'>seulement</span> <span class='ocrx_word' id='word_1_262' title='bbox 1134 4174 1263 4225; x_wconf 85' lang='lat' dir='ltr'>tout</span> <span class='ocrx_word' id='word_1_263' title='bbox 1287 4183 1356 4226; x_wconf 84' lang='lat' dir='ltr'>ce</span> <span class='ocrx_word' id='word_1_264' title='bbox 1394 4170 1521 4242; x_wconf 84' lang='lat' dir='ltr'>qui,</span> <span class='ocrx_word' id='word_1_265' title='bbox 1549 4169 1704 4227; x_wconf 89' lang='lat' dir='ltr'>dans</span> <span class='ocrx_word' id='word_1_266' title='bbox 1737 4171 1791 4229; x_wconf 90' lang='grc'>18</span> <span class='ocrx_word' id='word_1_267' title='bbox 1815 4172 1931 4229; x_wconf 89' lang='lat' dir='ltr'>ciel</span> <span class='ocrx_word' id='word_1_268' title='bbox 1960 4179 2019 4228; x_wconf 87' lang='lat' dir='ltr'>et</span> <span class='ocrx_word' id='word_1_269' title='bbox 2062 4189 2169 4229; x_wconf 87' lang='lat' dir='ltr'>sur</span> <span class='ocrx_word' id='word_1_270' title='bbox 2196 4172 2255 4230; x_wconf 88' lang='lat' dir='ltr'>la</span> 
     </span>
     <span class='ocr_line' id='line_1_37' title="bbox 703 4256 2252 4336; baseline 0.008 -28"><span class='ocrx_word' id='word_1_271' title='bbox 703 4280 733 4308; x_wconf 71' lang='grc' dir='ltr'><strong>α</strong></span> <span class='ocrx_word' id='word_1_272' title='bbox 766 4262 941 4320; x_wconf 85' lang='lat' dir='ltr'>terre.</span> <span class='ocrx_word' id='word_1_273' title='bbox 972 4256 1226 4330; x_wconf 65' lang='lat' dir='ltr'>possode</span> <span class='ocrx_word' id='word_1_274' title='bbox 1254 4274 1491 4317; x_wconf 91' lang='lat' dir='ltr'>comme</span> <span class='ocrx_word' id='word_1_275' title='bbox 1527 4259 1613 4316; x_wconf 87' lang='lat' dir='ltr'>lui</span> <span class='ocrx_word' id='word_1_276' title='bbox 1657 4259 1718 4317; x_wconf 90' lang='lat' dir='ltr'>la</span> <span class='ocrx_word' id='word_1_277' title='bbox 1769 4263 2009 4334; x_wconf 71' lang='lat' dir='ltr'>penses.</span> <span class='ocrx_word' id='word_1_278' title='bbox 2042 4262 2100 4319; x_wconf 89' lang='lat' dir='ltr'>la</span> <span class='ocrx_word' id='word_1_279' title='bbox 2144 4279 2252 4336; x_wconf 86' lang='lat' dir='ltr'>pa-</span> 
     </span>
     <span class='ocr_line' id='line_1_38' title="bbox 704 4344 2252 4417; baseline 0.008 -20"><span class='ocrx_word' id='word_1_280' title='bbox 704 4368 733 4397; x_wconf 65' lang='grc' dir='ltr'>ι</span> <span class='ocrx_word' id='word_1_281' title='bbox 766 4345 891 4403; x_wconf 86' lang='grc' dir='ltr'><strong>ι·818</strong></span> <span class='ocrx_word' id='word_1_282' title='bbox 919 4351 981 4402; x_wconf 88' lang='lat' dir='ltr'>et</span> <span class='ocrx_word' id='word_1_283' title='bbox 1006 4344 1065 4404; x_wconf 92' lang='lat' dir='ltr'>la</span> <span class='ocrx_word' id='word_1_284' title='bbox 1095 4345 1328 4411; x_wconf 75' lang='lat' dir='ltr'>liberte.</span> <span class='ocrx_word' id='word_1_285' title='bbox 1353 4349 1505 4405; x_wconf 90' lang='lat' dir='ltr'>mais</span> <span class='ocrx_word' id='word_1_286' title='bbox 1531 4350 1693 4406; x_wconf 89' lang='lat' dir='ltr'>aussi</span> <span class='ocrx_word' id='word_1_287' title='bbox 1725 4350 1780 4406; x_wconf 89' lang='grc'>18</span> <span class='ocrx_word' id='word_1_288' title='bbox 1804 4350 1997 4417; x_wconf 84' lang='lat' dir='ltr'>soleil,</span> <span class='ocrx_word' id='word_1_289' title='bbox 2021 4351 2080 4409; x_wconf 87' lang='lat' dir='ltr'>la</span> <span class='ocrx_word' id='word_1_290' title='bbox 2109 4351 2252 4410; x_wconf 86' lang='lat' dir='ltr'>lune</span> 
     </span>
     <span class='ocr_line' id='line_1_39' title="bbox 700 4433 2250 4507; baseline 0.008 -22"><span class='ocrx_word' id='word_1_291' title='bbox 700 4457 730 4485; x_wconf 71' lang='grc' dir='ltr'><strong>α</strong></span> <span class='ocrx_word' id='word_1_292' title='bbox 761 4439 824 4490; x_wconf 89' lang='lat' dir='ltr'>et</span> <span class='ocrx_word' id='word_1_293' title='bbox 862 4433 949 4490; x_wconf 85' lang='lat' dir='ltr'>les</span> <span class='ocrx_word' id='word_1_294' title='bbox 979 4433 1212 4500; x_wconf 80' lang='lat' dir='ltr'>etoiles‚</span> <span class='ocrx_word' id='word_1_295' title='bbox 1245 4442 1360 4493; x_wconf 88' lang='lat' dir='ltr'>etc.</span> <span class='ocrx_word' id='word_1_296' title='bbox 1398 4458 1429 4488; x_wconf 76' lang='grc' dir='ltr'>ιο</span> <span class='ocrx_word' id='word_1_297' title='bbox 1458 4438 1615 4494; x_wconf 76' lang='lat' dir='ltr'>&#39;rous</span> <span class='ocrx_word' id='word_1_298' title='bbox 1651 4454 1753 4496; x_wconf 84' lang='lat' dir='ltr'>ces</span> <span class='ocrx_word' id='word_1_299' title='bbox 1794 4439 1970 4507; x_wconf 65' lang='lat' dir='ltr'>euos,</span> <span class='ocrx_word' id='word_1_300' title='bbox 2020 4440 2250 4498; x_wconf 76' lang='lat' dir='ltr'>reduits</span> 
     </span>
     <span class='ocr_line' id='line_1_40' title="bbox 700 4522 2247 4599; baseline 0.006 -18"><span class='ocrx_word' id='word_1_301' title='bbox 700 4539 775 4581; x_wconf 89' lang='lat' dir='ltr'>en</span> <span class='ocrx_word' id='word_1_302' title='bbox 805 4522 1104 4582; x_wconf 72' lang='lat' dir='ltr'>servitude</span> <span class='ocrx_word' id='word_1_303' title='bbox 1133 4541 1243 4598; x_wconf 76' lang='lat' dir='ltr'>pa·-</span> <span class='ocrx_word' id='word_1_304' title='bbox 1279 4525 1335 4582; x_wconf 90' lang='grc'>18</span> <span class='ocrx_word' id='word_1_305' title='bbox 1360 4527 1546 4599; x_wconf 75' lang='lat' dir='ltr'>peche</span> <span class='ocrx_word' id='word_1_306' title='bbox 1574 4528 1650 4585; x_wconf 81' lang='lat' dir='ltr'>de</span> <span class='ocrx_word' id='word_1_307' title='bbox 1697 4529 2000 4598; x_wconf 75' lang='lat' dir='ltr'>l&#39;homme,</span> <span class='ocrx_word' id='word_1_308' title='bbox 2026 4530 2099 4587; x_wconf 90' lang='lat' dir='ltr'>ad</span> <span class='ocrx_word' id='word_1_309' title='bbox 2131 4533 2247 4589; x_wconf 80' lang='lat' dir='ltr'>Ro·</span> 
     </span>
     <span class='ocr_line' id='line_1_41' title="bbox 698 4615 2246 4692; baseline 0.006 -23"><span class='ocrx_word' id='word_1_310' title='bbox 698 4626 859 4669; x_wconf 85' lang='lat' dir='ltr'>man.</span> <span class='ocrx_word' id='word_1_311' title='bbox 882 4628 1002 4677; x_wconf 77' lang='lat' dir='ltr'>vni,</span> <span class='ocrx_word' id='word_1_312' title='bbox 1048 4615 1238 4682; x_wconf 77' lang='grc'><strong>19-21,</strong></span> <span class='ocrx_word' id='word_1_313' title='bbox 1260 4615 1582 4689; x_wconf 82' lang='lat' dir='ltr'>preludent</span> <span class='ocrx_word' id='word_1_314' title='bbox 1608 4618 1761 4674; x_wconf 89' lang='lat' dir='ltr'>ainsi</span> <span class='ocrx_word' id='word_1_315' title='bbox 1799 4618 1837 4677; x_wconf 72' lang='lat' dir='ltr'>a</span> <span class='ocrx_word' id='word_1_316' title='bbox 1867 4619 1924 4678; x_wconf 87' lang='lat' dir='ltr'>la</span> <span class='ocrx_word' id='word_1_317' title='bbox 1950 4620 2246 4692; x_wconf 71' lang='lat' dir='ltr'>glorieuse</span> 
     </span>
     <span class='ocr_line' id='line_1_42' title="bbox 695 4698 2246 4782; baseline 0.008 -26"><span class='ocrx_word' id='word_1_318' title='bbox 695 4698 1030 4760; x_wconf 78' lang='lat' dir='ltr'>delivrance</span> <span class='ocrx_word' id='word_1_319' title='bbox 1058 4702 1162 4775; x_wconf 82' lang='lat' dir='ltr'>qui</span> <span class='ocrx_word' id='word_1_320' title='bbox 1196 4702 1283 4761; x_wconf 88' lang='lat' dir='ltr'>les</span> <span class='ocrx_word' id='word_1_321' title='bbox 1307 4705 1535 4766; x_wconf 85' lang='lat' dir='ltr'>attend.</span> <span class='ocrx_word' id='word_1_322' title='bbox 1558 4706 1804 4765; x_wconf 83' lang='lat' dir='ltr'>d&#39;abord</span> <span class='ocrx_word' id='word_1_323' title='bbox 1833 4724 1949 4766; x_wconf 84' lang='lat' dir='ltr'>aux</span> <span class='ocrx_word' id='word_1_324' title='bbox 1970 4710 2142 4782; x_wconf 85' lang='lat' dir='ltr'>jours</span> <span class='ocrx_word' id='word_1_325' title='bbox 2162 4711 2246 4770; x_wconf 90' lang='lat' dir='ltr'>du</span> 
     </span>
     <span class='ocr_line' id='line_1_43' title="bbox 696 4790 2240 4872; baseline 0.005 -26"><span class='ocrx_word' id='word_1_326' title='bbox 696 4790 926 4859; x_wconf 62' lang='lat' dir='ltr'>nessia,</span> <span class='ocrx_word' id='word_1_327' title='bbox 956 4796 1018 4847; x_wconf 88' lang='lat' dir='ltr'>et</span> <span class='ocrx_word' id='word_1_328' title='bbox 1044 4790 1181 4864; x_wconf 92' lang='lat' dir='ltr'>plus</span> <span class='ocrx_word' id='word_1_329' title='bbox 1208 4793 1341 4851; x_wconf 85' lang='lat' dir='ltr'>tard</span> <span class='ocrx_word' id='word_1_330' title='bbox 1378 4795 1414 4852; x_wconf 74' lang='lat' dir='ltr'>a</span> <span class='ocrx_word' id='word_1_331' title='bbox 1444 4794 1502 4853; x_wconf 90' lang='lat' dir='ltr'>la</span> <span class='ocrx_word' id='word_1_332' title='bbox 1540 4795 1624 4852; x_wconf 82' lang='lat' dir='ltr'>ssn</span> <span class='ocrx_word' id='word_1_333' title='bbox 1668 4796 1777 4854; x_wconf 90' lang='lat' dir='ltr'>des</span> <span class='ocrx_word' id='word_1_334' title='bbox 1821 4805 2032 4872; x_wconf 83' lang='lat' dir='ltr'>temps.</span> <span class='ocrx_word' id='word_1_335' title='bbox 2063 4799 2240 4857; x_wconf 80' lang='lat' dir='ltr'>Aussi</span> 
     </span>
     <span class='ocr_line' id='line_1_44' title="bbox 694 4879 2245 4961; baseline 0.007 -24"><span class='ocrx_word' id='word_1_336' title='bbox 694 4879 749 4937; x_wconf 89' lang='lat' dir='ltr'>S.</span> <span class='ocrx_word' id='word_1_337' title='bbox 785 4880 1026 4951; x_wconf 72' lang='lat' dir='ltr'>nitati-0,</span> <span class='ocrx_word' id='word_1_338' title='bbox 1057 4898 1122 4940; x_wconf 90' lang='lat' dir='ltr'>se</span> <span class='ocrx_word' id='word_1_339' title='bbox 1152 4890 1562 4957; x_wconf 82' lang='lat' dir='ltr'>transportant</span> <span class='ocrx_word' id='word_1_340' title='bbox 1587 4903 1663 4944; x_wconf 90' lang='lat' dir='ltr'>au</span> <span class='ocrx_word' id='word_1_341' title='bbox 1687 4888 1831 4961; x_wconf 83' lang='lat' dir='ltr'>jour</span> <span class='ocrx_word' id='word_1_342' title='bbox 1854 4893 1930 4945; x_wconf 79' lang='lat' dir='ltr'>ou</span> <span class='ocrx_word' id='word_1_343' title='bbox 1959 4896 2114 4948; x_wconf 86' lang='lat' dir='ltr'>cette</span> <span class='ocrx_word' id='word_1_344' title='bbox 2143 4891 2245 4948; x_wconf 76' lang='lat' dir='ltr'>de·</span> 
     </span>
     <span class='ocr_line' id='line_1_45' title="bbox 693 4967 2240 5048; baseline 0.008 -22"><span class='ocrx_word' id='word_1_345' title='bbox 693 4967 953 5029; x_wconf 79' lang='lat' dir='ltr'>livrance</span> <span class='ocrx_word' id='word_1_346' title='bbox 982 4988 1116 5030; x_wconf 88' lang='lat' dir='ltr'>sera</span> <span class='ocrx_word' id='word_1_347' title='bbox 1160 4976 1458 5048; x_wconf 73' lang='lat' dir='ltr'>complete</span> <span class='ocrx_word' id='word_1_348' title='bbox 1486 4984 1548 5034; x_wconf 88' lang='lat' dir='ltr'>et</span> <span class='ocrx_word' id='word_1_349' title='bbox 1583 4976 1906 5041; x_wconf 72' lang='lat' dir='ltr'>definitive.</span> <span class='ocrx_word' id='word_1_350' title='bbox 1938 4980 2137 5038; x_wconf 86' lang='lat' dir='ltr'>met-il</span> <span class='ocrx_word' id='word_1_351' title='bbox 2184 4980 2240 5039; x_wconf 90' lang='lat' dir='ltr'>le</span> 
     </span>
     <span class='ocr_line' id='line_1_46' title="bbox 692 5062 2239 5132; baseline 0.009 -17"><span class='ocrx_word' id='word_1_352' title='bbox 692 5075 937 5132; x_wconf 88' lang='lat' dir='ltr'>psaume</span> <span class='ocrx_word' id='word_1_353' title='bbox 954 5079 1059 5120; x_wconf 89' lang='lat' dir='ltr'>sur</span> <span class='ocrx_word' id='word_1_354' title='bbox 1076 5062 1162 5122; x_wconf 88' lang='lat' dir='ltr'>les</span> <span class='ocrx_word' id='word_1_355' title='bbox 1184 5062 1374 5121; x_wconf 72' lang='lat' dir='ltr'>levres</span> <span class='ocrx_word' id='word_1_356' title='bbox 1403 5082 1504 5123; x_wconf 88' lang='lat' dir='ltr'>ces</span> <span class='ocrx_word' id='word_1_357' title='bbox 1531 5068 1663 5125; x_wconf 77' lang='lat' dir='ltr'>elus</span> <span class='ocrx_word' id='word_1_358' title='bbox 1684 5083 1699 5124; x_wconf 72' lang='grc' dir='ltr'><strong><em>ε</em></strong></span> <span class='ocrx_word' id='word_1_359' title='bbox 1724 5090 1755 5119; x_wconf 73' lang='grc' dir='ltr'>«ι</span> <span class='ocrx_word' id='word_1_360' title='bbox 1774 5068 1901 5125; x_wconf 79' lang='lat' dir='ltr'>Jam</span> <span class='ocrx_word' id='word_1_361' title='bbox 1927 5069 1990 5125; x_wconf 90' lang='lat' dir='ltr'>in</span> <span class='ocrx_word' id='word_1_362' title='bbox 2013 5076 2239 5129; x_wconf 66' lang='lat' dir='ltr'>aterna</span> 
     </span>
     <span class='ocr_line' id='line_1_47' title="bbox 697 5147 2237 5227; baseline 0.008 -22"><span class='ocrx_word' id='word_1_363' title='bbox 697 5166 722 5198; x_wconf 74' lang='grc' dir='ltr'>ι</span> <span class='ocrx_word' id='word_1_364' title='bbox 751 5147 1118 5211; x_wconf 86' lang='lat' dir='ltr'>beatitudine</span> <span class='ocrx_word' id='word_1_365' title='bbox 1144 5154 1425 5212; x_wconf 84' lang='lat' dir='ltr'>omnibus</span> <span class='ocrx_word' id='word_1_366' title='bbox 1443 5157 1807 5227; x_wconf 86' lang='lat' dir='ltr'>constitutis,</span> <span class='ocrx_word' id='word_1_367' title='bbox 1837 5158 1911 5215; x_wconf 90' lang='lat' dir='ltr'>ad</span> <span class='ocrx_word' id='word_1_368' title='bbox 1934 5161 2237 5217; x_wconf 90' lang='lat' dir='ltr'>canendas</span> 
     </span>
     <span class='ocr_line' id='line_1_48' title="bbox 690 5237 2233 5321; baseline 0.01 -31"><span class='ocrx_word' id='word_1_369' title='bbox 690 5256 722 5288; x_wconf 72' lang='grc' dir='ltr'><strong>α</strong></span> <span class='ocrx_word' id='word_1_370' title='bbox 752 5237 857 5295; x_wconf 81' lang='lat' dir='ltr'>Dei</span> <span class='ocrx_word' id='word_1_371' title='bbox 886 5238 1094 5299; x_wconf 86' lang='lat' dir='ltr'>laudes</span> <span class='ocrx_word' id='word_1_372' title='bbox 1121 5243 1343 5302; x_wconf 86' lang='lat' dir='ltr'>chorus</span> <span class='ocrx_word' id='word_1_373' title='bbox 1370 5244 1701 5304; x_wconf 83' lang='lat' dir='ltr'>coelestium</span> <span class='ocrx_word' id='word_1_374' title='bbox 1738 5246 2022 5305; x_wconf 80' lang='lat' dir='ltr'>virtutum</span> <span class='ocrx_word' id='word_1_375' title='bbox 2055 5256 2233 5321; x_wconf 81' lang='lat' dir='ltr'>poto-</span> 
     </span>
     <span class='ocr_line' id='line_1_49' title="bbox 694 5332 2229 5411; baseline 0.011 -32"><span class='ocrx_word' id='word_1_376' title='bbox 694 5346 726 5378; x_wconf 80' lang='lat'>«</span> <span class='ocrx_word' id='word_1_377' title='bbox 750 5332 1088 5404; x_wconf 85' lang='lat' dir='ltr'>statumque</span> <span class='ocrx_word' id='word_1_378' title='bbox 1117 5335 1531 5407; x_wconf 67' lang='lat' dir='ltr'>contrahiturg</span> <span class='ocrx_word' id='word_1_379' title='bbox 1563 5342 1630 5393; x_wconf 90' lang='lat' dir='ltr'>ut</span> <span class='ocrx_word' id='word_1_380' title='bbox 1657 5335 1733 5395; x_wconf 89' lang='lat' dir='ltr'>ob</span> <span class='ocrx_word' id='word_1_381' title='bbox 1762 5336 2075 5411; x_wconf 83' lang='lat' dir='ltr'>depulsam</span> <span class='ocrx_word' id='word_1_382' title='bbox 2117 5354 2229 5395; x_wconf 66' lang='grc' dir='ltr'>ιω·</span> 
     </span>
     <span class='ocr_line' id='line_1_50' title="bbox 685 5417 2231 5502; baseline 0.008 -31"><span class='ocrx_word' id='word_1_383' title='bbox 685 5437 717 5469; x_wconf 76' lang='grc' dir='ltr'><strong><em>κ</em></strong></span> <span class='ocrx_word' id='word_1_384' title='bbox 747 5417 866 5474; x_wconf 88' lang='lat' dir='ltr'>culi</span> <span class='ocrx_word' id='word_1_385' title='bbox 922 5420 1247 5481; x_wconf 78' lang='lat' dir='ltr'>vanitatem</span> <span class='ocrx_word' id='word_1_386' title='bbox 1294 5431 1571 5483; x_wconf 87' lang='lat' dir='ltr'>creatura</span> <span class='ocrx_word' id='word_1_387' title='bbox 1625 5426 1824 5484; x_wconf 87' lang='lat' dir='ltr'>omnis</span> <span class='ocrx_word' id='word_1_388' title='bbox 1880 5442 1951 5484; x_wconf 82' lang='lat' dir='ltr'>ex</span> <span class='ocrx_word' id='word_1_389' title='bbox 1997 5426 2231 5502; x_wconf 76' lang='lat' dir='ltr'>magnis</span> 
     </span>
     <span class='ocr_line' id='line_1_51' title="bbox 685 5505 2229 5577; baseline 0.01 -18"><span class='ocrx_word' id='word_1_390' title='bbox 685 5525 717 5557; x_wconf 76' lang='grc' dir='ltr'><strong><em>κ</em></strong></span> <span class='ocrx_word' id='word_1_391' title='bbox 742 5505 1079 5567; x_wconf 77' lang='lat' dir='ltr'>officiorum</span> <span class='ocrx_word' id='word_1_392' title='bbox 1120 5525 1369 5568; x_wconf 85' lang='lat' dir='ltr'>suorum</span> <span class='ocrx_word' id='word_1_393' title='bbox 1412 5512 1723 5573; x_wconf 80' lang='lat' dir='ltr'>laboribus</span> <span class='ocrx_word' id='word_1_394' title='bbox 1748 5514 2041 5577; x_wconf 85' lang='lat' dir='ltr'>absoluta.</span> <span class='ocrx_word' id='word_1_395' title='bbox 2068 5522 2129 5572; x_wconf 86' lang='lat' dir='ltr'>et</span> <span class='ocrx_word' id='word_1_396' title='bbox 2164 5516 2229 5575; x_wconf 85' lang='lat' dir='ltr'>in</span> 
     </span>
     <span class='ocr_line' id='line_1_52' title="bbox 681 5593 2226 5681; baseline 0.006 -27"><span class='ocrx_word' id='word_1_397' title='bbox 681 5615 713 5647; x_wconf 77' lang='grc' dir='ltr'><strong><em>κ</em></strong></span> <span class='ocrx_word' id='word_1_398' title='bbox 743 5593 917 5656; x_wconf 76' lang='lat' dir='ltr'>besto</span> <span class='ocrx_word' id='word_1_399' title='bbox 947 5614 1131 5673; x_wconf 75' lang='lat' dir='ltr'>regno</span> <span class='ocrx_word' id='word_1_400' title='bbox 1161 5601 1513 5661; x_wconf 70' lang='lat' dir='ltr'>aternitatis</span> <span class='ocrx_word' id='word_1_401' title='bbox 1546 5603 1873 5678; x_wconf 79' lang='lat' dir='ltr'>aliquando</span> <span class='ocrx_word' id='word_1_402' title='bbox 1900 5605 2226 5681; x_wconf 81' lang='lat' dir='ltr'>respirans,</span> 
     </span>
    </p>
   </div>
   <div class='ocr_carea' id='block_1_7' title="bbox 2375 637 3959 2884">
    <p class='ocr_par' dir='ltr' id='par_1_11' title="bbox 2375 637 3959 2884">
     <span class='ocr_line' id='line_1_53' title="bbox 2395 637 3950 734; baseline -0.006 -23"><span class='ocrx_word' id='word_1_403' title='bbox 2395 644 2609 728; x_wconf 79' lang='lat' dir='ltr'>coelis,</span> <span class='ocrx_word' id='word_1_404' title='bbox 2653 669 2684 708; x_wconf 74' lang='lat' dir='ltr'>s</span> <span class='ocrx_word' id='word_1_405' title='bbox 2728 645 2993 734; x_wconf 80' lang='lat' dir='ltr'>origine</span> <span class='ocrx_word' id='word_1_406' title='bbox 3023 642 3277 711; x_wconf 85' lang='lat' dir='ltr'>scilicet</span> <span class='ocrx_word' id='word_1_407' title='bbox 3315 639 3584 730; x_wconf 83' lang='lat' dir='ltr'>Angeli,</span> <span class='ocrx_word' id='word_1_408' title='bbox 3633 637 3750 727; x_wconf 87' lang='lat' dir='ltr'>qui</span> <span class='ocrx_word' id='word_1_409' title='bbox 3799 637 3950 704; x_wconf 83' lang='lat' dir='ltr'>[acti</span> 
     </span>
     <span class='ocr_line' id='line_1_54' title="bbox 2395 745 3951 839; baseline -0.003 -25"><span class='ocrx_word' id='word_1_410' title='bbox 2395 749 2616 817; x_wconf 82' lang='lat' dir='ltr'>fuistis</span> <span class='ocrx_word' id='word_1_411' title='bbox 2666 752 2734 817; x_wconf 91' lang='lat' dir='ltr'>in</span> <span class='ocrx_word' id='word_1_412' title='bbox 2779 751 2966 819; x_wconf 86' lang='lat' dir='ltr'>coelis</span> <span class='ocrx_word' id='word_1_413' title='bbox 3004 750 3368 839; x_wconf 76' lang='lat' dir='ltr'>empyrei8‚</span> <span class='ocrx_word' id='word_1_414' title='bbox 3406 774 3439 812; x_wconf 75' lang='grc' dir='ltr'><strong>α</strong></span> <span class='ocrx_word' id='word_1_415' title='bbox 3477 745 3762 814; x_wconf 78' lang='lat' dir='ltr'>laudale</span> <span class='ocrx_word' id='word_1_416' title='bbox 3814 745 3951 810; x_wconf 88' lang='lat' dir='ltr'>Do-</span> 
     </span>
     <span class='ocr_line' id='line_1_55' title="bbox 2395 850 3953 946; baseline -0.002 -26"><span class='ocrx_word' id='word_1_417' title='bbox 2395 856 2688 922; x_wconf 83' lang='lat' dir='ltr'>minum.</span> <span class='ocrx_word' id='word_1_418' title='bbox 2737 881 2769 921; x_wconf 81' lang='lat' dir='ltr'>s</span> <span class='ocrx_word' id='word_1_419' title='bbox 2826 855 2960 923; x_wconf 88' lang='lat' dir='ltr'>Sed</span> <span class='ocrx_word' id='word_1_420' title='bbox 3003 859 3162 946; x_wconf 85' lang='lat' dir='ltr'>quia</span> <span class='ocrx_word' id='word_1_421' title='bbox 3207 856 3522 945; x_wconf 85' lang='lat' dir='ltr'>quamvis</span> <span class='ocrx_word' id='word_1_422' title='bbox 3582 873 3825 920; x_wconf 86' lang='lat' dir='ltr'>omnes</span> <span class='ocrx_word' id='word_1_423' title='bbox 3872 850 3953 917; x_wconf 86' lang='lat' dir='ltr'>de</span> 
     </span>
     <span class='ocr_line' id='line_1_56' title="bbox 2395 956 3959 1053; baseline -0.004 -24"><span class='ocrx_word' id='word_1_424' title='bbox 2395 960 2568 1029; x_wconf 88' lang='lat' dir='ltr'>coelo</span> <span class='ocrx_word' id='word_1_425' title='bbox 2609 964 2871 1053; x_wconf 84' lang='lat' dir='ltr'>origine</span> <span class='ocrx_word' id='word_1_426' title='bbox 2909 964 3095 1040; x_wconf 77' lang='lat' dir='ltr'>estis„</span> <span class='ocrx_word' id='word_1_427' title='bbox 3148 985 3288 1028; x_wconf 87' lang='lat' dir='ltr'>non</span> <span class='ocrx_word' id='word_1_428' title='bbox 3335 970 3566 1028; x_wconf 85' lang='lat' dir='ltr'>tamen</span> <span class='ocrx_word' id='word_1_429' title='bbox 3622 960 3711 1027; x_wconf 88' lang='lat' dir='ltr'>ibi</span> <span class='ocrx_word' id='word_1_430' title='bbox 3755 956 3959 1025; x_wconf 89' lang='lat' dir='ltr'>habi-</span> 
     </span>
     <span class='ocr_line' id='line_1_57' title="bbox 2395 1069 3954 1162; baseline -0.003 -25"><span class='ocrx_word' id='word_1_431' title='bbox 2395 1073 2579 1153; x_wconf 84' lang='lat' dir='ltr'>tatis,</span> <span class='ocrx_word' id='word_1_432' title='bbox 2633 1071 2752 1139; x_wconf 87' lang='lat' dir='ltr'>sed</span> <span class='ocrx_word' id='word_1_433' title='bbox 2816 1071 3097 1162; x_wconf 82' lang='lat' dir='ltr'>quidam</span> <span class='ocrx_word' id='word_1_434' title='bbox 3146 1077 3578 1140; x_wconf 88' lang='lat' dir='ltr'>corruerunt.</span> <span class='ocrx_word' id='word_1_435' title='bbox 3639 1069 3755 1157; x_wconf 92' lang='lat' dir='ltr'>qui</span> <span class='ocrx_word' id='word_1_436' title='bbox 3816 1089 3954 1134; x_wconf 89' lang='lat' dir='ltr'>non</span> 
     </span>
     <span class='ocr_line' id='line_1_58' title="bbox 2394 1175 3954 1269; baseline -0.005 -22"><span class='ocrx_word' id='word_1_437' title='bbox 2394 1179 2846 1247; x_wconf 85' lang='lat' dir='ltr'>ascenderunt</span> <span class='ocrx_word' id='word_1_438' title='bbox 2901 1187 3164 1269; x_wconf 87' lang='lat' dir='ltr'>postea.</span> <span class='ocrx_word' id='word_1_439' title='bbox 3219 1198 3345 1245; x_wconf 90' lang='lat' dir='ltr'>nec</span> <span class='ocrx_word' id='word_1_440' title='bbox 3383 1175 3776 1252; x_wconf 87' lang='lat' dir='ltr'>ascendent,</span> <span class='ocrx_word' id='word_1_441' title='bbox 3832 1196 3954 1240; x_wconf 86' lang='lat' dir='ltr'>vos</span> 
     </span>
     <span class='ocr_line' id='line_1_59' title="bbox 2398 1283 3953 1382; baseline -0.002 -32"><span class='ocrx_word' id='word_1_442' title='bbox 2398 1314 2431 1350; x_wconf 80' lang='grc' dir='ltr'><em>α</em></span> <span class='ocrx_word' id='word_1_443' title='bbox 2493 1288 2567 1353; x_wconf 81' lang='lat' dir='ltr'>in</span> <span class='ocrx_word' id='word_1_444' title='bbox 2614 1288 2919 1366; x_wconf 67' lang='lat' dir='ltr'>excelsi-5,</span> <span class='ocrx_word' id='word_1_445' title='bbox 2992 1313 3024 1353; x_wconf 81' lang='lat' dir='ltr'>s</span> <span class='ocrx_word' id='word_1_446' title='bbox 3089 1286 3306 1353; x_wconf 88' lang='lat' dir='ltr'>invito</span> <span class='ocrx_word' id='word_1_447' title='bbox 3362 1306 3377 1351; x_wconf 74' lang='grc' dir='ltr'>ε</span> <span class='ocrx_word' id='word_1_448' title='bbox 3434 1306 3582 1366; x_wconf 78' lang='lat' dir='ltr'>v05,</span> <span class='ocrx_word' id='word_1_449' title='bbox 3643 1283 3953 1382; x_wconf 79' lang='lat' dir='ltr'>inquam,</span> 
     </span>
     <span class='ocr_line' id='line_1_60' title="bbox 2407 1390 3955 1480; baseline -0.001 -22"><span class='ocrx_word' id='word_1_450' title='bbox 2407 1422 2436 1457; x_wconf 78' lang='grc' dir='ltr'>α</span> <span class='ocrx_word' id='word_1_451' title='bbox 2464 1393 2752 1462; x_wconf 87' lang='lat' dir='ltr'>laudate</span> <span class='ocrx_word' id='word_1_452' title='bbox 2793 1396 3194 1471; x_wconf 79' lang='lat' dir='ltr'>Dominum,</span> <span class='ocrx_word' id='word_1_453' title='bbox 3243 1418 3275 1458; x_wconf 67' lang='grc' dir='ltr'>ιι</span> <span class='ocrx_word' id='word_1_454' title='bbox 3319 1393 3493 1459; x_wconf 87' lang='lat' dir='ltr'>sicut</span> <span class='ocrx_word' id='word_1_455' title='bbox 3535 1414 3573 1458; x_wconf 92' lang='lat' dir='ltr'>a</span> <span class='ocrx_word' id='word_1_456' title='bbox 3625 1390 3955 1480; x_wconf 89' lang='lat' dir='ltr'>principio</span> 
     </span>
     <span class='ocr_line' id='line_1_61' title="bbox 2393 1498 3955 1580; baseline -0.003 -11"><span class='ocrx_word' id='word_1_457' title='bbox 2393 1510 2488 1569; x_wconf 89' lang='lat' dir='ltr'>est</span> <span class='ocrx_word' id='word_1_458' title='bbox 2522 1499 2798 1570; x_wconf 86' lang='lat' dir='ltr'>factum.</span> <span class='ocrx_word' id='word_1_459' title='bbox 2829 1500 2988 1579; x_wconf 83' lang='lat' dir='ltr'>Job,</span> <span class='ocrx_word' id='word_1_460' title='bbox 3017 1522 3303 1580; x_wconf 73' lang='lat' dir='ltr'>xxxviii,</span> <span class='ocrx_word' id='word_1_461' title='bbox 3328 1500 3365 1566; x_wconf 80' lang='lat'><strong>7</strong></span> <span class='ocrx_word' id='word_1_462' title='bbox 3401 1522 3416 1566; x_wconf 75' lang='grc' dir='ltr'>ε</span> <span class='ocrx_word' id='word_1_463' title='bbox 3457 1498 3591 1566; x_wconf 85' lang='lat' dir='ltr'>Ubi</span> <span class='ocrx_word' id='word_1_464' title='bbox 3618 1519 3955 1575; x_wconf 68' lang='lat' dir='ltr'>eras-‚cum</span> 
     </span>
     <span class='ocr_line' id='line_1_62' title="bbox 2393 1609 3955 1686; baseline -0.001 -11"><span class='ocrx_word' id='word_1_465' title='bbox 2393 1633 2501 1676; x_wconf 86' lang='lat' dir='ltr'>me</span> <span class='ocrx_word' id='word_1_466' title='bbox 2545 1610 2914 1678; x_wconf 84' lang='lat' dir='ltr'>laudarent</span> <span class='ocrx_word' id='word_1_467' title='bbox 2949 1609 3170 1677; x_wconf 79' lang='lat' dir='ltr'>simul</span> <span class='ocrx_word' id='word_1_468' title='bbox 3214 1617 3407 1676; x_wconf 80' lang='lat' dir='ltr'>astra</span> <span class='ocrx_word' id='word_1_469' title='bbox 3465 1610 3841 1686; x_wconf 83' lang='lat' dir='ltr'>matutina,</span> <span class='ocrx_word' id='word_1_470' title='bbox 3893 1617 3955 1673; x_wconf 87' lang='lat' dir='ltr'>et</span> 
     </span>
     <span class='ocr_line' id='line_1_63' title="bbox 2381 1714 3955 1806; baseline -0.001 -23"><span class='ocrx_word' id='word_1_471' title='bbox 2381 1715 2782 1806; x_wconf 75' lang='lat' dir='ltr'>jubilarent</span> <span class='ocrx_word' id='word_1_472' title='bbox 2809 1741 3039 1787; x_wconf 84' lang='lat' dir='ltr'>omnes</span> <span class='ocrx_word' id='word_1_473' title='bbox 3072 1718 3216 1806; x_wconf 73' lang='lat' dir='ltr'>filii</span> <span class='ocrx_word' id='word_1_474' title='bbox 3245 1719 3376 1785; x_wconf 88' lang='lat' dir='ltr'>Dei</span> <span class='ocrx_word' id='word_1_475' title='bbox 3403 1714 3443 1782; x_wconf 76' lang='lat' dir='ltr'><em>P</em></span> <span class='ocrx_word' id='word_1_476' title='bbox 3492 1715 3686 1784; x_wconf 89' lang='lat' dir='ltr'>Sicut</span> <span class='ocrx_word' id='word_1_477' title='bbox 3716 1715 3955 1782; x_wconf 80' lang='lat' dir='ltr'>facturi</span> 
     </span>
     <span class='ocr_line' id='line_1_64' title="bbox 2393 1822 3950 1903; baseline -0.003 -11"><span class='ocrx_word' id='word_1_478' title='bbox 2393 1825 2554 1892; x_wconf 87' lang='lat' dir='ltr'>estis</span> <span class='ocrx_word' id='word_1_479' title='bbox 2618 1826 2692 1892; x_wconf 90' lang='lat' dir='ltr'>in</span> <span class='ocrx_word' id='word_1_480' title='bbox 2749 1824 3126 1894; x_wconf 84' lang='lat' dir='ltr'>Salvatoris</span> <span class='ocrx_word' id='word_1_481' title='bbox 3201 1826 3582 1900; x_wconf 82' lang='lat' dir='ltr'>nativitate,</span> <span class='ocrx_word' id='word_1_482' title='bbox 3658 1822 3816 1890; x_wconf 86' lang='lat' dir='ltr'>Luc.</span> <span class='ocrx_word' id='word_1_483' title='bbox 3877 1843 3950 1903; x_wconf 84' lang='lat' dir='ltr'>n,</span> 
     </span>
     <span class='ocr_line' id='line_1_65' title="bbox 2397 1930 3953 2024; baseline -0.001 -26"><span class='ocrx_word' id='word_1_484' title='bbox 2397 1933 2478 2001; x_wconf 83' lang='lat'>13</span> <span class='ocrx_word' id='word_1_485' title='bbox 2517 1955 2548 2011; x_wconf 61' lang='grc' dir='ltr'>,ε</span> <span class='ocrx_word' id='word_1_486' title='bbox 2602 1935 2818 2002; x_wconf 89' lang='lat' dir='ltr'>Facta</span> <span class='ocrx_word' id='word_1_487' title='bbox 2874 1944 2970 2001; x_wconf 85' lang='lat' dir='ltr'>est</span> <span class='ocrx_word' id='word_1_488' title='bbox 3034 1956 3189 2002; x_wconf 87' lang='lat' dir='ltr'>cum</span> <span class='ocrx_word' id='word_1_489' title='bbox 3250 1933 3516 2024; x_wconf 79' lang='lat' dir='ltr'>Auqelo</span> <span class='ocrx_word' id='word_1_490' title='bbox 3575 1930 3953 2012; x_wconf 69' lang='lat' dir='ltr'>inullieudo</span> 
     </span>
     <span class='ocr_line' id='line_1_66' title="bbox 2389 2041 3953 2124; baseline -0.002 -16"><span class='ocrx_word' id='word_1_491' title='bbox 2389 2041 2675 2109; x_wconf 77' lang='lat' dir='ltr'>eoelestis</span> <span class='ocrx_word' id='word_1_492' title='bbox 2701 2044 3061 2124; x_wconf 70' lang='lat' dir='ltr'>exercitus,</span> <span class='ocrx_word' id='word_1_493' title='bbox 3107 2041 3556 2109; x_wconf 78' lang='lat' dir='ltr'>laudantium</span> <span class='ocrx_word' id='word_1_494' title='bbox 3597 2042 3847 2119; x_wconf 83' lang='lat' dir='ltr'>Deum,</span> <span class='ocrx_word' id='word_1_495' title='bbox 3890 2049 3953 2106; x_wconf 90' lang='lat' dir='ltr'>et</span> 
     </span>
     <span class='ocr_line' id='line_1_67' title="bbox 2390 2148 3944 2227; baseline -0.001 -10"><span class='ocrx_word' id='word_1_496' title='bbox 2390 2150 2769 2218; x_wconf 80' lang='lat' dir='ltr'>dicentium</span> <span class='ocrx_word' id='word_1_497' title='bbox 2798 2174 2821 2218; x_wconf 93' lang='lat'>.·</span> <span class='ocrx_word' id='word_1_498' title='bbox 2858 2151 3105 2221; x_wconf 81' lang='lat' dir='ltr'>Gloria</span> <span class='ocrx_word' id='word_1_499' title='bbox 3158 2152 3231 2218; x_wconf 84' lang='lat' dir='ltr'>iu</span> <span class='ocrx_word' id='word_1_500' title='bbox 3280 2148 3565 2217; x_wconf 72' lang='lat' dir='ltr'>excelsis</span> <span class='ocrx_word' id='word_1_501' title='bbox 3603 2151 3775 2227; x_wconf 84' lang='lat' dir='ltr'>Dea,</span> <span class='ocrx_word' id='word_1_502' title='bbox 3819 2158 3944 2216; x_wconf 88' lang='lat' dir='ltr'>etc.</span> 
     </span>
     <span class='ocr_line' id='line_1_68' title="bbox 2388 2253 3948 2325; baseline -0.001 -4"><span class='ocrx_word' id='word_1_503' title='bbox 2388 2255 2573 2323; x_wconf 86' lang='lat' dir='ltr'>Aure</span> <span class='ocrx_word' id='word_1_504' title='bbox 2614 2256 2836 2325; x_wconf 88' lang='lat' dir='ltr'>cordis</span> <span class='ocrx_word' id='word_1_505' title='bbox 2894 2255 3019 2324; x_wconf 86' lang='lat' dir='ltr'>has</span> <span class='ocrx_word' id='word_1_506' title='bbox 3061 2254 3298 2324; x_wconf 85' lang='lat' dir='ltr'>laudes</span> <span class='ocrx_word' id='word_1_507' title='bbox 3355 2254 3680 2322; x_wconf 75' lang='lat' dir='ltr'>audiebat</span> <span class='ocrx_word' id='word_1_508' title='bbox 3733 2253 3948 2322; x_wconf 79' lang='lat' dir='ltr'>Joan-</span> 
     </span>
     <span class='ocr_line' id='line_1_69' title="bbox 2387 2363 3946 2455; baseline -0.002 -24"><span class='ocrx_word' id='word_1_509' title='bbox 2387 2385 2536 2446; x_wconf 76' lang='lat' dir='ltr'>ncS,</span> <span class='ocrx_word' id='word_1_510' title='bbox 2568 2363 2851 2455; x_wconf 83' lang='lat' dir='ltr'>Apocnl.</span> <span class='ocrx_word' id='word_1_511' title='bbox 2887 2387 3029 2442; x_wconf 78' lang='lat' dir='ltr'>xix,</span> <span class='ocrx_word' id='word_1_512' title='bbox 3062 2367 3088 2431; x_wconf 90' lang='lat' dir='ltr'>l</span> <span class='ocrx_word' id='word_1_513' title='bbox 3137 2386 3154 2432; x_wconf 72' lang='grc' dir='ltr'>ε</span> <span class='ocrx_word' id='word_1_514' title='bbox 3199 2363 3466 2433; x_wconf 78' lang='lat' dir='ltr'>Audivi</span> <span class='ocrx_word' id='word_1_515' title='bbox 3494 2364 3699 2454; x_wconf 79' lang='lat' dir='ltr'>quasi</span> <span class='ocrx_word' id='word_1_516' title='bbox 3726 2385 3946 2430; x_wconf 80' lang='lat' dir='ltr'>racem</span> 
     </span>
     <span class='ocr_line' id='line_1_70' title="bbox 2386 2471 3944 2541; baseline 0 -4"><span class='ocrx_word' id='word_1_517' title='bbox 2386 2471 2754 2540; x_wconf 87' lang='lat' dir='ltr'>turbarum</span> <span class='ocrx_word' id='word_1_518' title='bbox 2786 2473 3173 2541; x_wconf 83' lang='lat' dir='ltr'>multarum</span> <span class='ocrx_word' id='word_1_519' title='bbox 3214 2472 3285 2539; x_wconf 84' lang='lat' dir='ltr'>iu</span> <span class='ocrx_word' id='word_1_520' title='bbox 3314 2471 3482 2540; x_wconf 86' lang='lat' dir='ltr'>coelo</span> <span class='ocrx_word' id='word_1_521' title='bbox 3513 2471 3889 2538; x_wconf 80' lang='lat' dir='ltr'>dicentium</span> <span class='ocrx_word' id='word_1_522' title='bbox 3921 2492 3944 2537; x_wconf 92' lang='lat'>.·</span> 
     </span>
     <span class='ocr_line' id='line_1_71' title="bbox 2382 2578 3942 2670; baseline 0 -24"><span class='ocrx_word' id='word_1_523' title='bbox 2382 2578 2726 2647; x_wconf 84' lang='lat' dir='ltr'>Alleluia.</span> <span class='ocrx_word' id='word_1_524' title='bbox 2782 2580 2999 2649; x_wconf 82' lang='lat' dir='ltr'>Salus</span> <span class='ocrx_word' id='word_1_525' title='bbox 3044 2590 3108 2647; x_wconf 90' lang='lat' dir='ltr'>et</span> <span class='ocrx_word' id='word_1_526' title='bbox 3149 2578 3384 2670; x_wconf 79' lang='lat' dir='ltr'>qloria</span> <span class='ocrx_word' id='word_1_527' title='bbox 3424 2589 3488 2645; x_wconf 90' lang='lat' dir='ltr'>et</span> <span class='ocrx_word' id='word_1_528' title='bbox 3543 2579 3761 2645; x_wconf 79' lang='lat' dir='ltr'>virtus</span> <span class='ocrx_word' id='word_1_529' title='bbox 3800 2580 3942 2646; x_wconf 90' lang='lat' dir='ltr'>Deo</span> 
     </span>
     <span class='ocr_line' id='line_1_72' title="bbox 2383 2685 3948 2766; baseline 0 -14"><span class='ocrx_word' id='word_1_530' title='bbox 2383 2696 2613 2754; x_wconf 81' lang='lat' dir='ltr'>nostro</span> <span class='ocrx_word' id='word_1_531' title='bbox 2685 2700 2805 2756; x_wconf 82' lang='lat' dir='ltr'>est.</span> <span class='ocrx_word' id='word_1_532' title='bbox 2877 2687 2987 2766; x_wconf 87' lang='lat' dir='ltr'>Et,</span> <span class='ocrx_word' id='word_1_533' title='bbox 3050 2687 3180 2755; x_wconf 88' lang='lat' dir='ltr'>Isa.</span> <span class='ocrx_word' id='word_1_534' title='bbox 3245 2709 3340 2763; x_wconf 87' lang='lat' dir='ltr'>v1,</span> <span class='ocrx_word' id='word_1_535' title='bbox 3402 2688 3441 2752; x_wconf 83' lang='lat'><strong>2</strong></span> <span class='ocrx_word' id='word_1_536' title='bbox 3501 2695 3567 2753; x_wconf 88' lang='lat' dir='ltr'>et</span> <span class='ocrx_word' id='word_1_537' title='bbox 3623 2685 3948 2753; x_wconf 81' lang='lat' dir='ltr'>3:8era-</span> 
     </span>
     <span class='ocr_line' id='line_1_73' title="bbox 2375 2792 3943 2884; baseline -0.001 -24"><span class='ocrx_word' id='word_1_538' title='bbox 2375 2793 2658 2884; x_wconf 73' lang='lat' dir='ltr'>pleim...</span> <span class='ocrx_word' id='word_1_539' title='bbox 2700 2794 3105 2864; x_wconf 80' lang='lat' dir='ltr'>clamabant</span> <span class='ocrx_word' id='word_1_540' title='bbox 3150 2794 3332 2862; x_wconf 86' lang='lat' dir='ltr'>aller</span> <span class='ocrx_word' id='word_1_541' title='bbox 3379 2793 3476 2861; x_wconf 80' lang='lat' dir='ltr'>acl</span> <span class='ocrx_word' id='word_1_542' title='bbox 3510 2792 3838 2870; x_wconf 79' lang='lat' dir='ltr'>alterum,</span> <span class='ocrx_word' id='word_1_543' title='bbox 3880 2802 3943 2859; x_wconf 87' lang='lat' dir='ltr'>et</span> 
     </span>
    </p>
   </div>
   <div class='ocr_carea' id='block_1_8' title="bbox 2358 2903 3939 2984">
    <p class='ocr_par' dir='ltr' id='par_1_12' title="bbox 2358 2903 3939 2984">
     <span class='ocr_line' id='line_1_74' title="bbox 2358 2903 3939 2984; baseline 0.002 -18"><span class='ocrx_word' id='word_1_544' title='bbox 2358 2903 2698 2972; x_wconf 68' lang='lat' dir='ltr'>dicebaut</span> <span class='ocrx_word' id='word_1_545' title='bbox 2731 2928 2747 2974; x_wconf 75' lang='grc' dir='ltr'>ε</span> <span class='ocrx_word' id='word_1_546' title='bbox 2782 2906 3426 2984; x_wconf 76' lang='lat' dir='ltr'>Sanctus,sa1zetus,</span> <span class='ocrx_word' id='word_1_547' title='bbox 3487 2912 3764 2970; x_wconf 78' lang='lat' dir='ltr'>sauctus</span> <span class='ocrx_word' id='word_1_548' title='bbox 3807 2903 3939 2970; x_wconf 85' lang='lat' dir='ltr'>Do·</span> 
     </span>
    </p>
   </div>
   <div class='ocr_carea' id='block_1_9' title="bbox 2379 3009 3941 3104">
    <p class='ocr_par' dir='ltr' id='par_1_13' title="bbox 2379 3009 3941 3104">
     <span class='ocr_line' id='line_1_75' title="bbox 2379 3009 3941 3104; baseline -0.001 -25"><span class='ocrx_word' id='word_1_549' title='bbox 2379 3018 2611 3081; x_wconf 80' lang='lat' dir='ltr'>miuus</span> <span class='ocrx_word' id='word_1_550' title='bbox 2646 3016 2834 3082; x_wconf 81' lang='lat' dir='ltr'>Deus</span> <span class='ocrx_word' id='word_1_551' title='bbox 2878 3014 3325 3082; x_wconf 72' lang='lat' dir='ltr'>exercituum.</span> <span class='ocrx_word' id='word_1_552' title='bbox 3372 3011 3455 3080; x_wconf 87' lang='lat' dir='ltr'>Et</span> <span class='ocrx_word' id='word_1_553' title='bbox 3512 3021 3702 3098; x_wconf 86' lang='lat' dir='ltr'>nota,</span> <span class='ocrx_word' id='word_1_554' title='bbox 3758 3009 3941 3104; x_wconf 89' lang='lat' dir='ltr'>quod</span> 
     </span>
    </p>
   </div>
   <div class='ocr_carea' id='block_1_10' title="bbox 2378 3279 3940 3353">
    <p class='ocr_par' dir='ltr' id='par_1_14' title="bbox 2378 3279 3940 3353">
     <span class='ocr_line' id='line_1_76' title="bbox 2378 3279 3940 3353; baseline -0.003 -18"><span class='ocrx_word' id='word_1_555' title='bbox 2378 3306 2407 3335; x_wconf 69' lang='lat' dir='ltr'>a</span> <span class='ocrx_word' id='word_1_556' title='bbox 2440 3285 2622 3341; x_wconf 85' lang='lat' dir='ltr'>Deum</span> <span class='ocrx_word' id='word_1_557' title='bbox 2669 3300 2841 3341; x_wconf 88' lang='lat' dir='ltr'>suum</span> <span class='ocrx_word' id='word_1_558' title='bbox 2891 3288 2952 3340; x_wconf 89' lang='lat' dir='ltr'>et</span> <span class='ocrx_word' id='word_1_559' title='bbox 3001 3282 3139 3339; x_wconf 80' lang='lat' dir='ltr'>lmta</span> <span class='ocrx_word' id='word_1_560' title='bbox 3195 3280 3480 3353; x_wconf 74' lang='lat' dir='ltr'>pra-dicet</span> <span class='ocrx_word' id='word_1_561' title='bbox 3534 3283 3596 3336; x_wconf 86' lang='lat' dir='ltr'>et</span> <span class='ocrx_word' id='word_1_562' title='bbox 3650 3279 3875 3352; x_wconf 80' lang='lat' dir='ltr'>quieta.</span> <span class='ocrx_word' id='word_1_563' title='bbox 3912 3302 3940 3329; x_wconf 64' lang='lat' dir='ltr'>a</span> 
     </span>
    </p>
   </div>
   <div class='ocr_carea' id='block_1_11' title="bbox 2354 3368 3939 3432">
    <p class='ocr_par' dir='ltr' id='par_1_15' title="bbox 2354 3368 3939 3432">
     <span class='ocr_line' id='line_1_77' title="bbox 2354 3368 3939 3432; baseline -0.004 -3"><span class='ocrx_word' id='word_1_564' title='bbox 2354 3400 2365 3412; x_wconf 92' lang='lat'><strong>·</strong></span> <span class='ocrx_word' id='word_1_565' title='bbox 2447 3373 2607 3429; x_wconf 82' lang='lat' dir='ltr'>Dans</span> <span class='ocrx_word' id='word_1_566' title='bbox 2626 3388 2736 3428; x_wconf 83' lang='lat' dir='ltr'>son</span> <span class='ocrx_word' id='word_1_567' title='bbox 2767 3371 3181 3428; x_wconf 74' lang='lat' dir='ltr'>enumeration</span> <span class='ocrx_word' id='word_1_568' title='bbox 3203 3369 3311 3427; x_wconf 86' lang='lat' dir='ltr'>des</span> <span class='ocrx_word' id='word_1_569' title='bbox 3330 3371 3659 3432; x_wconf 72' lang='lat' dir='ltr'>creatures,</span> <span class='ocrx_word' id='word_1_570' title='bbox 3685 3368 3939 3425; x_wconf 79' lang='lat' dir='ltr'>l’auteur</span> 
     </span>
    </p>
   </div>
   <div class='ocr_carea' id='block_1_12' title="bbox 2363 3459 3938 4244">
    <p class='ocr_par' dir='ltr' id='par_1_16' title="bbox 2363 3459 3938 4244">
     <span class='ocr_line' id='line_1_78' title="bbox 2375 3459 3938 3532; baseline -0.003 -15"><span class='ocrx_word' id='word_1_571' title='bbox 2375 3462 2496 3518; x_wconf 84' lang='lat' dir='ltr'>suit</span> <span class='ocrx_word' id='word_1_572' title='bbox 2543 3461 2761 3518; x_wconf 86' lang='lat' dir='ltr'>l&#39;ordre</span> <span class='ocrx_word' id='word_1_573' title='bbox 2811 3461 2885 3518; x_wconf 87' lang='lat' dir='ltr'>de</span> <span class='ocrx_word' id='word_1_574' title='bbox 2937 3461 3349 3517; x_wconf 77' lang='lat' dir='ltr'>l‘llexameron</span> <span class='ocrx_word' id='word_1_575' title='bbox 3404 3466 3735 3532; x_wconf 75' lang='lat' dir='ltr'>mosaique.</span> <span class='ocrx_word' id='word_1_576' title='bbox 3790 3459 3938 3515; x_wconf 78' lang='lat' dir='ltr'>mnis</span> 
     </span>
     <span class='ocr_line' id='line_1_79' title="bbox 2372 3545 3933 3621; baseline -0.004 -14"><span class='ocrx_word' id='word_1_577' title='bbox 2372 3565 2513 3607; x_wconf 87' lang='lat' dir='ltr'>avec</span> <span class='ocrx_word' id='word_1_578' title='bbox 2543 3566 2664 3608; x_wconf 89' lang='lat' dir='ltr'>une</span> <span class='ocrx_word' id='word_1_579' title='bbox 2692 3550 2956 3607; x_wconf 82' lang='lat' dir='ltr'>certaine</span> <span class='ocrx_word' id='word_1_580' title='bbox 2979 3547 3434 3621; x_wconf 73' lang='lat' dir='ltr'>independanee</span> <span class='ocrx_word' id='word_1_581' title='bbox 3483 3548 3672 3609; x_wconf 72' lang='lat' dir='ltr'>Ainsi,</span> <span class='ocrx_word' id='word_1_582' title='bbox 3702 3547 3739 3602; x_wconf 92' lang='lat' dir='ltr'>il</span> <span class='ocrx_word' id='word_1_583' title='bbox 3768 3545 3933 3619; x_wconf 76' lang='lat' dir='ltr'>pnrle</span> 
     </span>
     <span class='ocr_line' id='line_1_80' title="bbox 2370 3633 3931 3711; baseline -0.003 -16"><span class='ocrx_word' id='word_1_584' title='bbox 2370 3654 2449 3695; x_wconf 89' lang='lat' dir='ltr'>eu</span> <span class='ocrx_word' id='word_1_585' title='bbox 2486 3639 2751 3711; x_wconf 87' lang='lat' dir='ltr'>premier</span> <span class='ocrx_word' id='word_1_586' title='bbox 2796 3637 2917 3695; x_wconf 89' lang='lat' dir='ltr'>lieu</span> <span class='ocrx_word' id='word_1_587' title='bbox 2948 3636 3057 3694; x_wconf 83' lang='lat' dir='ltr'>des</span> <span class='ocrx_word' id='word_1_588' title='bbox 3100 3643 3315 3703; x_wconf 70' lang='lat' dir='ltr'>astrea,</span> <span class='ocrx_word' id='word_1_589' title='bbox 3346 3633 3498 3692; x_wconf 87' lang='lat' dir='ltr'>dont</span> <span class='ocrx_word' id='word_1_590' title='bbox 3552 3635 3931 3708; x_wconf 76' lang='lat' dir='ltr'>l&#39;apparition</span> 
     </span>
     <span class='ocr_line' id='line_1_81' title="bbox 2370 3724 3936 3802; baseline -0.002 -18"><span class='ocrx_word' id='word_1_591' title='bbox 2370 3735 2464 3784; x_wconf 86' lang='lat' dir='ltr'>est</span> <span class='ocrx_word' id='word_1_592' title='bbox 2489 3727 2763 3802; x_wconf 75' lang='lat' dir='ltr'>assigne&#39;e</span> <span class='ocrx_word' id='word_1_593' title='bbox 2793 3726 3132 3784; x_wconf 89' lang='lat' dir='ltr'>seulement</span> <span class='ocrx_word' id='word_1_594' title='bbox 3166 3742 3244 3782; x_wconf 93' lang='lat' dir='ltr'>au</span> <span class='ocrx_word' id='word_1_595' title='bbox 3272 3724 3612 3798; x_wconf 70' lang='lat' dir='ltr'>quatrieme</span> <span class='ocrx_word' id='word_1_596' title='bbox 3653 3725 3799 3797; x_wconf 82' lang='lat' dir='ltr'>jour</span> <span class='ocrx_word' id='word_1_597' title='bbox 3829 3741 3936 3797; x_wconf 88' lang='lat' dir='ltr'>par</span> 
     </span>
     <span class='ocr_line' id='line_1_82' title="bbox 2372 3812 3934 3882; baseline -0.001 -11"><span class='ocrx_word' id='word_1_598' title='bbox 2372 3817 2576 3882; x_wconf 75' lang='lat' dir='ltr'>Molee,</span> <span class='ocrx_word' id='word_1_599' title='bbox 2607 3823 2669 3872; x_wconf 90' lang='lat' dir='ltr'>et</span> <span class='ocrx_word' id='word_1_600' title='bbox 2707 3815 2749 3871; x_wconf 90' lang='lat' dir='ltr'>il</span> <span class='ocrx_word' id='word_1_601' title='bbox 2797 3830 3040 3871; x_wconf 86' lang='lat' dir='ltr'>nomme</span> <span class='ocrx_word' id='word_1_602' title='bbox 3074 3812 3228 3870; x_wconf 87' lang='lat' dir='ltr'>daus</span> <span class='ocrx_word' id='word_1_603' title='bbox 3271 3814 3327 3871; x_wconf 90' lang='lat' dir='ltr'>le</span> <span class='ocrx_word' id='word_1_604' title='bbox 3360 3813 3555 3869; x_wconf 70' lang='lat' dir='ltr'>meme</span> <span class='ocrx_word' id='word_1_605' title='bbox 3603 3818 3798 3868; x_wconf 76' lang='lat' dir='ltr'>verset</span> <span class='ocrx_word' id='word_1_606' title='bbox 3844 3812 3934 3870; x_wconf 88' lang='lat' dir='ltr'>les</span> 
     </span>
     <span class='ocr_line' id='line_1_83' title="bbox 2369 3901 3935 3974; baseline -0.003 -14"><span class='ocrx_word' id='word_1_607' title='bbox 2369 3906 2590 3961; x_wconf 79' lang='lat' dir='ltr'>oceans</span> <span class='ocrx_word' id='word_1_608' title='bbox 2622 3910 2684 3961; x_wconf 89' lang='lat' dir='ltr'>et</span> <span class='ocrx_word' id='word_1_609' title='bbox 2719 3903 2809 3960; x_wconf 87' lang='lat' dir='ltr'>les</span> <span class='ocrx_word' id='word_1_610' title='bbox 2842 3909 3140 3960; x_wconf 87' lang='lat' dir='ltr'>monstres</span> <span class='ocrx_word' id='word_1_611' title='bbox 3166 3901 3399 3959; x_wconf 84' lang='lat' dir='ltr'>marins</span> <span class='ocrx_word' id='word_1_612' title='bbox 3455 3901 3608 3957; x_wconf 84' lang='lat' dir='ltr'>Tont</span> <span class='ocrx_word' id='word_1_613' title='bbox 3637 3917 3713 3958; x_wconf 88' lang='lat' dir='ltr'>en</span> <span class='ocrx_word' id='word_1_614' title='bbox 3753 3905 3935 3974; x_wconf 68' lang='lat' dir='ltr'>ayant</span> 
     </span>
     <span class='ocr_line' id='line_1_84' title="bbox 2367 3990 3936 4069; baseline -0.003 -19"><span class='ocrx_word' id='word_1_615' title='bbox 2367 4011 2509 4051; x_wconf 83' lang='lat' dir='ltr'>sous</span> <span class='ocrx_word' id='word_1_616' title='bbox 2540 3994 2628 4051; x_wconf 90' lang='lat' dir='ltr'>les</span> <span class='ocrx_word' id='word_1_617' title='bbox 2648 4012 2800 4069; x_wconf 76' lang='lat' dir='ltr'>yeux</span> <span class='ocrx_word' id='word_1_618' title='bbox 2832 3994 2888 4050; x_wconf 93' lang='grc'>18</span> <span class='ocrx_word' id='word_1_619' title='bbox 2917 4000 3077 4050; x_wconf 82' lang='lat' dir='ltr'>texte</span> <span class='ocrx_word' id='word_1_620' title='bbox 3103 3991 3178 4049; x_wconf 89' lang='lat' dir='ltr'>de</span> <span class='ocrx_word' id='word_1_621' title='bbox 3211 3992 3268 4048; x_wconf 86' lang='lat' dir='ltr'>la</span> <span class='ocrx_word' id='word_1_622' title='bbox 3297 3991 3552 4058; x_wconf 76' lang='lat' dir='ltr'>Genese,</span> <span class='ocrx_word' id='word_1_623' title='bbox 3576 3991 3618 4047; x_wconf 90' lang='lat' dir='ltr'>il</span> <span class='ocrx_word' id='word_1_624' title='bbox 3643 3990 3936 4047; x_wconf 85' lang='lat' dir='ltr'>introduit</span> 
     </span>
     <span class='ocr_line' id='line_1_85' title="bbox 2365 4080 3933 4157; baseline -0.003 -17"><span class='ocrx_word' id='word_1_625' title='bbox 2365 4100 2446 4140; x_wconf 89' lang='lat' dir='ltr'>un</span> <span class='ocrx_word' id='word_1_626' title='bbox 2477 4084 2706 4141; x_wconf 86' lang='lat' dir='ltr'>certain</span> <span class='ocrx_word' id='word_1_627' title='bbox 2748 4083 2928 4141; x_wconf 89' lang='lat' dir='ltr'>ordre</span> <span class='ocrx_word' id='word_1_628' title='bbox 2967 4081 3204 4157; x_wconf 74' lang='lat' dir='ltr'>legique</span> <span class='ocrx_word' id='word_1_629' title='bbox 3249 4081 3404 4138; x_wconf 88' lang='lat' dir='ltr'>dans</span> <span class='ocrx_word' id='word_1_630' title='bbox 3450 4080 3507 4138; x_wconf 90' lang='lat' dir='ltr'>le</span> <span class='ocrx_word' id='word_1_631' title='bbox 3536 4086 3933 4154; x_wconf 81' lang='lat' dir='ltr'>groupement</span> 
     </span>
     <span class='ocr_line' id='line_1_86' title="bbox 2363 4168 3929 4244; baseline -0.002 -16"><span class='ocrx_word' id='word_1_632' title='bbox 2363 4169 2470 4228; x_wconf 85' lang='lat' dir='ltr'>des</span> <span class='ocrx_word' id='word_1_633' title='bbox 2500 4173 2679 4238; x_wconf 71' lang='lat' dir='ltr'>etres,</span> <span class='ocrx_word' id='word_1_634' title='bbox 2712 4188 2853 4229; x_wconf 89' lang='lat' dir='ltr'>sans</span> <span class='ocrx_word' id='word_1_635' title='bbox 2881 4170 3063 4244; x_wconf 84' lang='lat' dir='ltr'>qu&#39;on</span> <span class='ocrx_word' id='word_1_636' title='bbox 3096 4171 3297 4244; x_wconf 89' lang='lat' dir='ltr'>puisse</span> <span class='ocrx_word' id='word_1_637' title='bbox 3328 4171 3475 4227; x_wconf 88' lang='lat' dir='ltr'>tirer</span> <span class='ocrx_word' id='word_1_638' title='bbox 3503 4169 3579 4227; x_wconf 90' lang='lat' dir='ltr'>de</span> <span class='ocrx_word' id='word_1_639' title='bbox 3609 4168 3668 4227; x_wconf 76' lang='lat' dir='ltr'>la</span> <span class='ocrx_word' id='word_1_640' title='bbox 3695 4184 3929 4227; x_wconf 88' lang='lat' dir='ltr'>aucune</span> 
     </span>
    </p>
   </div>
   <div class='ocr_carea' id='block_1_13' title="bbox 2361 4258 3927 4422">
    <p class='ocr_par' dir='ltr' id='par_1_17' title="bbox 2361 4258 3927 4422">
     <span class='ocr_line' id='line_1_87' title="bbox 2361 4258 3148 4333; baseline -0.004 -15"><span class='ocrx_word' id='word_1_641' title='bbox 2361 4260 2716 4319; x_wconf 83' lang='lat' dir='ltr'>conclusion</span> <span class='ocrx_word' id='word_1_642' title='bbox 2737 4258 3148 4333; x_wconf 76' lang='lat' dir='ltr'>scientiaque.</span> 
     </span>
     <span class='ocr_line' id='line_1_88' title="bbox 2431 4344 3927 4422; baseline -0.001 -17"><span class='ocrx_word' id='word_1_643' title='bbox 2431 4350 2510 4405; x_wconf 82' lang='lat' dir='ltr'>Ca</span> <span class='ocrx_word' id='word_1_644' title='bbox 2566 4364 2815 4422; x_wconf 77' lang='lat' dir='ltr'>psaume</span> <span class='ocrx_word' id='word_1_645' title='bbox 2856 4353 2918 4405; x_wconf 88' lang='lat' dir='ltr'>et</span> <span class='ocrx_word' id='word_1_646' title='bbox 2966 4346 3058 4405; x_wconf 89' lang='lat' dir='ltr'>les</span> <span class='ocrx_word' id='word_1_647' title='bbox 3112 4344 3271 4405; x_wconf 78' lang='lat' dir='ltr'>deux</span> <span class='ocrx_word' id='word_1_648' title='bbox 3320 4346 3591 4404; x_wconf 79' lang='lat' dir='ltr'>suivants</span> <span class='ocrx_word' id='word_1_649' title='bbox 3640 4351 3780 4404; x_wconf 88' lang='lat' dir='ltr'>sont</span> <span class='ocrx_word' id='word_1_650' title='bbox 3820 4346 3927 4404; x_wconf 84' lang='lat' dir='ltr'>des</span> 
     </span>
    </p>
   </div>
   <div class='ocr_carea' id='block_1_14' title="bbox 2349 4433 3928 5314">
    <p class='ocr_par' dir='ltr' id='par_1_18' title="bbox 2349 4433 3928 5314">
     <span class='ocr_line' id='line_1_89' title="bbox 2359 4433 3928 4510; baseline -0.003 -14"><span class='ocrx_word' id='word_1_651' title='bbox 2359 4438 2574 4496; x_wconf 84' lang='lat' dir='ltr'>chants</span> <span class='ocrx_word' id='word_1_652' title='bbox 2627 4437 2919 4496; x_wconf 80' lang='lat' dir='ltr'>d&#39;actious</span> <span class='ocrx_word' id='word_1_653' title='bbox 2970 4436 3047 4493; x_wconf 90' lang='lat' dir='ltr'>de</span> <span class='ocrx_word' id='word_1_654' title='bbox 3099 4436 3307 4507; x_wconf 65' lang='lat' dir='ltr'>aracos</span> <span class='ocrx_word' id='word_1_655' title='bbox 3360 4435 3464 4510; x_wconf 86' lang='lat' dir='ltr'>qui</span> <span class='ocrx_word' id='word_1_656' title='bbox 3523 4433 3928 4493; x_wconf 79' lang='lat' dir='ltr'>conviennent</span> 
     </span>
     <span class='ocr_line' id='line_1_90' title="bbox 2359 4523 3924 4598; baseline -0.001 -14"><span class='ocrx_word' id='word_1_657' title='bbox 2359 4542 2579 4585; x_wconf 85' lang='lat' dir='ltr'>encore</span> <span class='ocrx_word' id='word_1_658' title='bbox 2609 4527 2810 4585; x_wconf 82' lang='lat' dir='ltr'>mieux</span> <span class='ocrx_word' id='word_1_659' title='bbox 2854 4542 2971 4584; x_wconf 82' lang='lat' dir='ltr'>aux</span> <span class='ocrx_word' id='word_1_660' title='bbox 3009 4525 3318 4582; x_wconf 70' lang='lat' dir='ltr'>chrotieus</span> <span class='ocrx_word' id='word_1_661' title='bbox 3356 4524 3574 4598; x_wconf 83' lang='lat' dir='ltr'>qu&#39;aux</span> <span class='ocrx_word' id='word_1_662' title='bbox 3599 4523 3777 4583; x_wconf 79' lang='lat' dir='ltr'>Juit’s.</span> <span class='ocrx_word' id='word_1_663' title='bbox 3808 4540 3924 4582; x_wconf 82' lang='lat' dir='ltr'>aux</span> 
     </span>
     <span class='ocr_line' id='line_1_91' title="bbox 2358 4613 3922 4690; baseline 0 -17"><span class='ocrx_word' id='word_1_664' title='bbox 2358 4617 2493 4676; x_wconf 74' lang='lat' dir='ltr'>elus</span> <span class='ocrx_word' id='word_1_665' title='bbox 2520 4616 2601 4675; x_wconf 86' lang='lat' dir='ltr'>du</span> <span class='ocrx_word' id='word_1_666' title='bbox 2628 4616 2744 4674; x_wconf 90' lang='lat' dir='ltr'>ciel</span> <span class='ocrx_word' id='word_1_667' title='bbox 2773 4615 2992 4690; x_wconf 79' lang='lat' dir='ltr'>qu&#39;aux</span> <span class='ocrx_word' id='word_1_668' title='bbox 3021 4615 3213 4673; x_wconf 74' lang='lat' dir='ltr'>exiles</span> <span class='ocrx_word' id='word_1_669' title='bbox 3239 4614 3317 4673; x_wconf 88' lang='lat' dir='ltr'>de</span> <span class='ocrx_word' id='word_1_670' title='bbox 3361 4614 3420 4670; x_wconf 88' lang='lat' dir='ltr'>la</span> <span class='ocrx_word' id='word_1_671' title='bbox 3452 4620 3631 4672; x_wconf 85' lang='lat' dir='ltr'>terre.</span> <span class='ocrx_word' id='word_1_672' title='bbox 3666 4613 3922 4689; x_wconf 75' lang='lat' dir='ltr'>L&#39;Eglise</span> 
     </span>
     <span class='ocr_line' id='line_1_92' title="bbox 2356 4700 3922 4778; baseline -0.003 -13"><span class='ocrx_word' id='word_1_673' title='bbox 2356 4708 2446 4766; x_wconf 87' lang='lat' dir='ltr'>les</span> <span class='ocrx_word' id='word_1_674' title='bbox 2473 4707 2659 4765; x_wconf 74' lang='lat' dir='ltr'>recita</span> <span class='ocrx_word' id='word_1_675' title='bbox 2688 4706 2840 4764; x_wconf 88' lang='lat' dir='ltr'>dans</span> <span class='ocrx_word' id='word_1_676' title='bbox 2869 4722 2979 4764; x_wconf 91' lang='lat' dir='ltr'>son</span> <span class='ocrx_word' id='word_1_677' title='bbox 3008 4705 3184 4763; x_wconf 74' lang='lat' dir='ltr'>office</span> <span class='ocrx_word' id='word_1_678' title='bbox 3214 4703 3323 4761; x_wconf 89' lang='lat' dir='ltr'>des</span> <span class='ocrx_word' id='word_1_679' title='bbox 3352 4703 3583 4761; x_wconf 82' lang='lat' dir='ltr'>Laudes</span> <span class='ocrx_word' id='word_1_680' title='bbox 3622 4700 3697 4760; x_wconf 85' lang='lat' dir='ltr'>de</span> <span class='ocrx_word' id='word_1_681' title='bbox 3728 4711 3922 4778; x_wconf 87' lang='lat' dir='ltr'>temps</span> 
     </span>
     <span class='ocr_line' id='line_1_93' title="bbox 2355 4792 3917 4862; baseline -0.004 -6"><span class='ocrx_word' id='word_1_682' title='bbox 2355 4796 2779 4858; x_wconf 83' lang='lat' dir='ltr'>immemorial.</span> <span class='ocrx_word' id='word_1_683' title='bbox 2817 4795 2902 4853; x_wconf 74' lang='lat' dir='ltr'>Cf.</span> <span class='ocrx_word' id='word_1_684' title='bbox 2934 4795 3204 4862; x_wconf 87' lang='lat' dir='ltr'>Cassieu,</span> <span class='ocrx_word' id='word_1_685' title='bbox 3238 4794 3383 4851; x_wconf 82' lang='lat' dir='ltr'>lust.</span> <span class='ocrx_word' id='word_1_686' title='bbox 3432 4792 3668 4851; x_wconf 81' lang='lat' dir='ltr'>cmnob.</span> <span class='ocrx_word' id='word_1_687' title='bbox 3719 4810 3803 4862; x_wconf 82' lang='grc' dir='ltr'><strong>ιιι,</strong></span> <span class='ocrx_word' id='word_1_688' title='bbox 3861 4795 3917 4851; x_wconf 73' lang='grc'>6.</span> 
     </span>
     <span class='ocr_line' id='line_1_94' title="bbox 2352 4882 3917 4959; baseline -0.003 -15"><span class='ocrx_word' id='word_1_689' title='bbox 2352 4885 2616 4954; x_wconf 73' lang='lat' dir='ltr'>Arnobe,</span> <span class='ocrx_word' id='word_1_690' title='bbox 2637 4886 2753 4944; x_wconf 68' lang='lat' dir='ltr'>cite</span> <span class='ocrx_word' id='word_1_691' title='bbox 2765 4901 2876 4959; x_wconf 88' lang='lat' dir='ltr'>par</span> <span class='ocrx_word' id='word_1_692' title='bbox 2890 4883 3229 4951; x_wconf 76' lang='lat' dir='ltr'>Thalhoser.</span> <span class='ocrx_word' id='word_1_693' title='bbox 3249 4882 3342 4940; x_wconf 89' lang='lat' dir='ltr'>dit</span> <span class='ocrx_word' id='word_1_694' title='bbox 3356 4882 3519 4941; x_wconf 90' lang='lat' dir='ltr'>aussi</span> <span class='ocrx_word' id='word_1_695' title='bbox 3543 4900 3559 4941; x_wconf 75' lang='lat' dir='ltr'><strong><em>z</em></strong></span> <span class='ocrx_word' id='word_1_696' title='bbox 3582 4903 3615 4935; x_wconf 75' lang='grc' dir='ltr'><strong><em>κ</em></strong></span> <span class='ocrx_word' id='word_1_697' title='bbox 3640 4882 3917 4948; x_wconf 83' lang='lat' dir='ltr'>Quotidie</span> 
     </span>
     <span class='ocr_line' id='line_1_95' title="bbox 2352 4972 3916 5050; baseline -0.001 -18"><span class='ocrx_word' id='word_1_698' title='bbox 2352 5000 2384 5032; x_wconf 70' lang='grc' dir='ltr'><strong>α</strong></span> <span class='ocrx_word' id='word_1_699' title='bbox 2412 4978 2597 5050; x_wconf 83' lang='lat' dir='ltr'>hujus</span> <span class='ocrx_word' id='word_1_700' title='bbox 2627 4974 2843 5050; x_wconf 84' lang='lat' dir='ltr'>psalmi</span> <span class='ocrx_word' id='word_1_701' title='bbox 2877 4973 3022 5032; x_wconf 89' lang='lat' dir='ltr'>tuba</span> <span class='ocrx_word' id='word_1_702' title='bbox 3049 4989 3157 5048; x_wconf 87' lang='lat' dir='ltr'>per</span> <span class='ocrx_word' id='word_1_703' title='bbox 3187 4978 3379 5030; x_wconf 87' lang='lat' dir='ltr'>totum</span> <span class='ocrx_word' id='word_1_704' title='bbox 3424 4972 3746 5041; x_wconf 85' lang='lat' dir='ltr'>mundum,</span> <span class='ocrx_word' id='word_1_705' title='bbox 3778 4989 3916 5031; x_wconf 83' lang='lat' dir='ltr'>mox</span> 
     </span>
     <span class='ocr_line' id='line_1_96' title="bbox 2350 5061 3911 5139; baseline -0.001 -18"><span class='ocrx_word' id='word_1_706' title='bbox 2350 5091 2381 5121; x_wconf 70' lang='grc' dir='ltr'>ιι</span> <span class='ocrx_word' id='word_1_707' title='bbox 2413 5073 2483 5124; x_wconf 89' lang='lat' dir='ltr'>nt</span> <span class='ocrx_word' id='word_1_708' title='bbox 2510 5065 2761 5139; x_wconf 86' lang='lat' dir='ltr'>coeperit</span> <span class='ocrx_word' id='word_1_709' title='bbox 2793 5080 3027 5122; x_wconf 65' lang='lat' dir='ltr'>aurora</span> <span class='ocrx_word' id='word_1_710' title='bbox 3051 5061 3172 5119; x_wconf 86' lang='lat' dir='ltr'>diei</span> <span class='ocrx_word' id='word_1_711' title='bbox 3204 5062 3491 5121; x_wconf 83' lang='lat' dir='ltr'>inchoare</span> <span class='ocrx_word' id='word_1_712' title='bbox 3523 5063 3911 5138; x_wconf 81' lang='lat' dir='ltr'>principium,</span> 
     </span>
     <span class='ocr_line' id='line_1_97' title="bbox 2349 5149 3908 5226; baseline -0.001 -18"><span class='ocrx_word' id='word_1_713' title='bbox 2349 5178 2380 5208; x_wconf 70' lang='grc' dir='ltr'>ιι</span> <span class='ocrx_word' id='word_1_714' title='bbox 2410 5154 2710 5216; x_wconf 81' lang='lat' dir='ltr'>universa.</span> <span class='ocrx_word' id='word_1_715' title='bbox 2742 5168 2877 5226; x_wconf 70' lang='lat' dir='ltr'>quas</span> <span class='ocrx_word' id='word_1_716' title='bbox 2920 5151 2984 5208; x_wconf 89' lang='lat' dir='ltr'>iu</span> <span class='ocrx_word' id='word_1_717' title='bbox 3030 5150 3180 5209; x_wconf 79' lang='lat' dir='ltr'>coelo</span> <span class='ocrx_word' id='word_1_718' title='bbox 3210 5156 3271 5208; x_wconf 88' lang='lat' dir='ltr'>et</span> <span class='ocrx_word' id='word_1_719' title='bbox 3317 5150 3384 5209; x_wconf 87' lang='lat' dir='ltr'>in</span> <span class='ocrx_word' id='word_1_720' title='bbox 3437 5157 3598 5208; x_wconf 87' lang='lat' dir='ltr'>terra</span> <span class='ocrx_word' id='word_1_721' title='bbox 3641 5157 3804 5214; x_wconf 88' lang='lat' dir='ltr'>suut.</span> <span class='ocrx_word' id='word_1_722' title='bbox 3835 5149 3908 5207; x_wconf 90' lang='lat' dir='ltr'>ad</span> 
     </span>
     <span class='ocr_line' id='line_1_98' title="bbox 2349 5240 3908 5314; baseline 0.001 -16"><span class='ocrx_word' id='word_1_723' title='bbox 2349 5271 2379 5298; x_wconf 62' lang='lat' dir='ltr'>a</span> <span class='ocrx_word' id='word_1_724' title='bbox 2400 5243 2772 5305; x_wconf 87' lang='lat' dir='ltr'>laudandum</span> <span class='ocrx_word' id='word_1_725' title='bbox 2798 5246 2861 5300; x_wconf 88' lang='lat' dir='ltr'>et</span> <span class='ocrx_word' id='word_1_726' title='bbox 2885 5240 3371 5300; x_wconf 84' lang='lat' dir='ltr'>benedicendum</span> <span class='ocrx_word' id='word_1_727' title='bbox 3402 5242 3590 5299; x_wconf 81' lang='lat' dir='ltr'>Deum</span> <span class='ocrx_word' id='word_1_728' title='bbox 3621 5257 3908 5314; x_wconf 79' lang='lat' dir='ltr'>provoca·</span> 
     </span>
    </p>
   </div>
   <div class='ocr_carea' id='block_1_15' title="bbox 3234 5496 3610 5558">
    <p class='ocr_par' dir='ltr' id='par_1_19' title="bbox 3234 5496 3610 5558">
     <span class='ocr_line' id='line_1_99' title="bbox 3234 5496 3610 5558; baseline 0.011 -4"><span class='ocrx_word' id='word_1_729' title='bbox 3234 5497 3305 5555; x_wconf 75' lang='lat' dir='ltr'>R.</span> <span class='ocrx_word' id='word_1_730' title='bbox 3345 5496 3610 5558; x_wconf 70' lang='lat' dir='ltr'>Lusus.</span> 
     </span>
    </p>
   </div>
  </div>
 </body>
</html>
