5008 6329
428 2165 482 2229 Ι

293 2266 451 2312 Prima
494 2280 611 2324 pan

359 2320 556 2370 Psalmi.

632 398 761 466 518

634 566 967 634 Glossam.
1024 564 1258 631 Primo
1309 562 1585 653 quidem
1631 562 2030 652 simpliciter
2082 562 2196 627 in-

630 674 799 739 vitat
836 671 921 737 ad
978 670 1099 738 Dei
1137 670 1408 739 laudem
1447 670 1826 759 jucundam
1869 677 1936 737 et
1989 668 2198 735 deco-

632 801 803 846 ram.
868 776 1211 858 Secund0,
1260 779 1583 848 informat
1640 779 1723 846 de
1777 776 1983 843 modo
2034 775 2195 840 lau-

635 887 862 968 dandi,
914 896 980 957 et
1032 890 1378 980 pigritiam
1445 889 1715 964 excitat,
1772 885 1891 968 ibi,
1944 890 2009 958 ᾗ.
2068 884 2106 948 7
2174 902 2187 945 :

637 1023 672 1059 α
709 997 1065 1064 Praecinite
1100 997 1421 1065 Domino.
1463 1020 1495 1055 »

726 1103 804 1171 ln
833 1105 1052 1194 prima
1097 1101 1260 1169 duo,
1306 1100 1568 1177 Primo,
1627 1098 1870 1165 invitat
1923 1094 2008 1163 ad
2040 1095 2198 1163 lau-

637 1210 792 1278 dem
838 1208 1257 1297 simpliciter.
1313 1204 1655 1283 SecundO,
1693 1204 1778 1272 ad
1819 1203 2041 1271 laudis
2075 1203 2199 1292 ju-

639 1315 1074 1391 cunditatem,
1142 1322 1208 1381 et
1272 1313 1675 1392 decentiam,
1757 1314 1877 1392 ibi,
1960 1339 1993 1378 α
2051 1316 2196 1380 Deo

638 1433 893 1492 nostro.
948 1447 980 1487 ι

731 1529 809 1597 In
861 1530 1082 1622 prima
1130 1530 1292 1598 duo.
1349 1531 1610 1619 Primo,
1663 1530 2000 1596 invitatio.
2064 1527 2197 1596 Se-

639 1640 887 1720 cundo,
922 1642 1091 1708 ratio
1123 1663 1333 1731 quare
1365 1638 1963 1730 acquiescendum,
1999 1639 2197 1727 quasi

640 1749 945 1839 quaedam
975 1749 1349 1840 persuasio,
1384 1746 1501 1825 ibi,
1533 1775 1564 1809 «
1592 1747 1938 1831 Quoniam
1979 1745 2196 1814 bonus

639 1867 735 1925 est
765 1857 1104 1948 psalmus.
1154 1881 1187 1921 a

730 2178 907 2245 Dicit
943 2199 1104 2268 ergo
1141 2199 1156 2243 ε
1205 2174 1319 2244 Sic
1348 2176 1650 2243 animam
1684 2194 1912 2241 meam
1954 2172 2193 2239 monui

640 2294 716 2354 ut
769 2285 1018 2365 laudet,
1080 2285 1265 2374 quod
1313 2293 1380 2352 et
1437 2284 1585 2372 ipsa
1635 2282 1952 2372 promisit
1995 2304 2010 2348 ε
2075 2280 2195 2350 sed

637 2394 956 2463 omnibus
1003 2395 1179 2474 dico,
1250 2422 1282 2454 α
1337 2391 1624 2460 laudate
1676 2391 2088 2459 Dominum.
2154 2415 2189 2457 »

636 2500 764 2593 lsa.
799 2523 979 2582 xux,
1045 2503 1124 2568 13
1161 2499 1541 2576 :Laudato,
1588 2497 1767 2580 coeli,
1809 2506 1873 2563 et
1919 2497 2190 2576 exulta,

638 2617 817 2677 terra
875 2632 898 2676 .·
950 2607 1290 2699 jubilate,
1354 2616 1635 2684 montes,
1701 2604 2009 2673 laudem.
2076 2605 2189 2685 Et,

634 2738 812 2795 xmv,
865 2718 948 2786 23
992 2738 1008 2785 z
1051 2715 1388 2792 Jubilate,
1439 2723 1746 2781 extrema
1787 2722 1982 2780 teme
2015 2737 2037 2780 :
2080 2735 2196 2780 re-

630 2833 892 2905 sonate,
946 2833 1229 2901 montes,
1284 2820 1786 2903 laudationem,
1835 2820 2066 2887 saltus
2131 2829 2195 2886 et

633 2954 831 3000 omne
894 2930 1166 3022 liqnum
1231 2928 1410 3019 ejus,
1495 2928 1830 3018 quoniam
1904 2926 2196 2995 redemit

634 3041 975 3111 Dominus
1069 3037 1310 3119 Jacob,
1395 3045 1458 3105 et
1551 3035 1778 3104 Israel
1853 3035 2196 3127 qloriabi·

634 3157 771 3217 tur.

726 3372 758 3406 «
799 3344 1140 3429 Quoniam
1200 3345 1415 3414 bonus
1466 3357 1586 3416 est.
1635 3371 1668 3414 ι
1722 3347 1895 3415 Ecce
1944 3369 2197 3415 secun-

633 3451 824 3536 dum,
856 3451 1110 3520 scilicet
1141 3455 1313 3521 ratio
1354 3476 1564 3544 quare
1607 3454 2016 3522 laudandus.

725 3558 933 3639 Quasi
963 3559 1250 3629 diceret:
1289 3560 1402 3629 Sic
1436 3585 1713 3640 moneo,
1756 3570 1834 3629 ut
1873 3560 2192 3642 laudetis,

638 3674 705 3735 et
750 3666 1034 3749 debetis,
1087 3695 1122 3733 a
1163 3670 1493 3760 quoniam
1543 3668 1890 3761 psalmus,
1940 3696 1973 3732 »
2017 3668 2200 3760 psal-

639 3773 869 3843 modia
906 3773 1161 3843 scilicet
1197 3784 1263 3844 et
1302 3775 1524 3843 cordis
1554 3783 1620 3843 et
1659 3776 1821 3856 oris,
1871 3801 1906 3841 a
1940 3786 2039 3844 est
2074 3775 2200 3844 bo-

639 3902 769 3947 nus
801 3901 824 3946 .·
857 3905 891 3942 n
935 3887 1003 3948 et
1034 3881 1240 3948 etiam
1289 3883 1540 3973 operis,
1584 3883 1747 3974 quia
1785 3879 1994 3950 habet
2030 3904 2200 3950 sua-

637 3988 922 4056 vitatem
966 3994 1032 4055 et
1053 3985 1481 4058 dulcedinem
1528 3990 1669 4079 jam
1687 3988 1800 4058 hic
1821 4011 2193 4073 annexam,

641 4104 708 4166 et
738 4101 1035 4165 meretur
1060 4103 1387 4165 aeternam
1417 4097 1946 4187 jucunditatem.
1985 4098 2202 4192 Prop-

641 4211 745 4272 ter
773 4202 905 4273 hoc
933 4202 1198 4273 dicebat
1219 4203 1495 4284 Paulus,
1543 4204 1573 4271 1
1605 4206 1693 4274 ad
1716 4203 2028 4275 Corinth.
2052 4231 2197 4288 xiv,

649 4313 729 4379 15
752 4333 768 4378 ε
794 4309 1114 4379 Psallam
1140 4312 1420 4404 spiritu,
1429 4310 1749 4406 psallam
1765 4323 1831 4382 et
1851 4324 2094 4384 mente.
2116 4315 2204 4385 Et

644 4418 728 4487 de
765 4416 965 4487 laude
1005 4424 1074 4487 et
1120 4418 1504 4512 psalmodia
1534 4422 1675 4488 oris
1719 4420 1992 4505 dicitur,
2034 4421 2198 4502 Job,

644 4548 877 4607 xxxix,
917 4527 995 4595 19
1027 4549 1044 4594 :
1078 4527 1445 4618 Numquid
1467 4526 1807 4621 praebebis
1846 4550 2018 4620 equo
2045 4528 2205 4619 lor-

644 4633 1035 4716 titudinem,
1096 4645 1222 4704 aut
1283 4635 1744 4705 circumdabis
1809 4636 1990 4705 collo
2046 4635 2206 4725 ejus

644 4741 992 4810 hinnitum
1026 4742 1220 4822 P‘Et,
1259 4742 1386 4813 lsa.
1431 4768 1616 4824 xmu,
1659 4747 1740 4813 21
1791 4769 1807 4815 :
1841 4746 2201 4838 Populum

649 4847 856 4917 istum
881 4850 1188 4939 formavi
1209 4851 1405 4929 milti,
1463 4851 1740 4921 laudem
1773 4875 2002 4920 meum
2028 4876 2206 4922 nar-

626 5105 1107 5184 ⁶l'inauguration
1138 5102 1244 5161 des
1270 5105 1578 5162 murailtes
1626 5106 2077 5165 nouvellement
2104 5125 2204 5166 re·

649 5194 1025 5258 construites,
1058 5194 1103 5250 ll
1135 5195 1357 5263 Esdroe,
1390 5212 1491 5263 χιι,
1517 5198 1607 5250 27.
1642 5196 1917 5252 L’auteur
1948 5214 1983 5254 a
2013 5198 2203 5272 grand

650 5287 780 5345 soin
805 5285 879 5342 de
926 5285 1197 5343 celebrer
1223 5287 1260 5343 a
1290 5285 1347 5343 la
1374 5287 1488 5343 sois
1535 5287 1621 5344 les
1667 5288 2009 5346 merveilles
2040 5289 2114 5347 de
2146 5290 2205 5346 la

649 5376 965 5451 puissance
994 5373 1193 5432 divine
1222 5374 1375 5433 dans
1404 5375 1462 5434 la
1492 5382 1706 5434 nature
1738 5383 1799 5433 et
1828 5376 1888 5434 la
1915 5378 2203 5437 conduite

649 5463 912 5532 d'lsrael,
947 5480 1100 5538 pour
1127 5464 1388 5539 inspirer
1410 5465 1719 5525 constance
1750 5467 1786 5525 a
1816 5484 1914 5525 ses
1956 5484 2202 5544 compa·

652 5557 860 5616 triotes
889 5560 949 5612 et
986 5561 1218 5612 terreur
1246 5555 1284 5612 a
1329 5556 1490 5614 leurs
1528 5558 1828 5627 ennemis,
1860 5574 1934 5615 en
1986 5573 2207 5631 rappe-

651 5646 779 5719 lant
810 5662 926 5720 que
977 5644 1033 5702 le
1064 5644 1211 5702 Dieu
1243 5642 1350 5701 des
1375 5644 1524 5703 Juit's
1577 5645 1731 5704 n’est
1759 5652 1931 5706 autre
1989 5661 2107 5720 que
2148 5645 2205 5703 le

654 5736 856 5794 Maltre
883 5733 956 5793 de
986 5732 1288 5793 l'univers.

1642 388 1720 456 D.
1774 388 1975 457 ALB.
2031 385 2251 454 MAG.

2307 385 2512 455 ORD.
2565 385 2860 454 PRAED.

2309 559 2515 627 rabit.
2584 559 2681 626 De
2738 556 3112 648 psalmodia
3170 557 3416 646 operiS,
3487 577 3716 644 supra,
3779 555 3848 621 in

2309 667 2491 736 Psal.
2527 690 2705 743 xxm,
2741 667 2779 733 8
2817 690 2830 735 :
2865 665 3160 733 Psallite
3179 666 3546 756 sapienter.

2401 902 2433 940 α
2475 879 2619 943 Deo
2657 888 2906 943 nostro.
2958 906 2989 938 υ
3023 877 3148 943 Hic
3176 875 3574 954 secundum,
3610 876 3679 941 in
3711 896 3845 964 quo

2309 983 2552 1049 invitat
2580 981 2661 1049 ad
2716 981 2932 1050 laudis
2964 982 3455 1068 jucunditatem
3488 991 3554 1049 et
3600 982 3849 1050 decen-

2308 1090 2498 1157 tiam.
2543 1090 2625 1156 Et
2653 1089 2899 1180 primu,
2932 1090 3266 1156 invitatio.
3298 1087 3639 1168 Secundo,
3675 1091 3845 1155 ratio

2307 1198 2749 1277 invitationis,
2802 1197 2920 1276 ibi,
2969 1204 3032 1274 57.
3076 1198 3115 1265 2
3151 1220 3167 1264 ε
3224 1223 3257 1259 t<
3302 1196 3694 1284 AEdificans
3728 1198 3849 1266 Je-

2309 1307 2632 1377 ruSalem.
2671 1334 2703 1368 ›>

2395 1415 2575 1482 Dicit
2640 1437 2800 1504 ergo
2878 1435 2893 1479 :
2968 1411 3081 1480 Sic
3144 1411 3442 1490 laudate,
3513 1419 3579 1478 et
3642 1412 3844 1479 etiam

2313 1551 2346 1592 ι
2392 1523 2705 1592 laudatio
2753 1522 3078 1612 jucunda
3135 1531 3198 1589 et
3254 1521 3523 1600 decora,
3563 1548 3597 1584 υ
3655 1521 3850 1589 aliter

2309 1638 2491 1703 enim
2514 1633 2817 1724 jucunda
2840 1655 2976 1700 non
3001 1639 3126 1710 est,
3163 1658 3195 1694 α
3229 1633 3319 1699 sit
3357 1633 3500 1700 Deo
3530 1641 3782 1698 nostro.
3811 1655 3842 1695 »

2308 1743 2541 1811 Primo
2582 1744 2763 1809 enim
2804 1747 3071 1831 oportet
3116 1738 3499 1807 orationem
3532 1761 3676 1808 esse
3730 1739 3848 1806 de-

2306 1873 2539 1922 coram
2568 1872 2690 1940 per
2736 1849 2986 1940 peccati
3039 1849 3513 1927 remotionem,
3566 1847 3749 1939 quod
3777 1848 3848 1914 fit

2306 1959 2377 2026 in
2442 1957 2886 2033 confessione,
2944 1964 3010 2024 et
3065 1955 3502 2047 postmodum
3551 1963 3653 2025 est
3706 1954 3847 2024 Deo

2305 2066 2603 2158 placenS,
2637 2073 2703 2134 et
2729 2064 3057 2154 jucunda.
3110 2063 3368 2132 Cantic.
3423 2088 3496 2145 ιι,
3545 2065 3675 2131 14:
3722 2064 3850 2134 Os-

2309 2172 2504 2241 tende
2546 2171 2716 2238 milaei
2751 2172 3001 2261 faciem
3049 2180 3270 2249 tuam,
3320 2172 3540 2260 primo
3581 2172 3651 2238 in
3693 2192 3850 2239 con-

2307 2280 2598 2348 fessione
2631 2301 2648 2347 z
2688 2292 2877 2348 sonet
2913 2303 3044 2347 vox
3072 2289 3195 2346 tua
3235 2280 3304 2345 in
3339 2277 3626 2346 auribus
3655 2279 3843 2355 meis,

2306 2389 2743 2480 postmodum
2800 2391 2869 2455 in
2927 2390 3257 2456 oratione.
3320 2387 3524 2456 Eccli.
3576 2411 3690 2467 xv,
3742 2390 3782 2457 9
3825 2411 3840 2456 :

2306 2498 2459 2566 Non
2497 2505 2595 2564 est
2637 2498 2936 2588 speciosa
2995 2497 3151 2563 laus
3183 2497 3253 2562 in
3302 2519 3416 2562 ore
3445 2497 3841 2587 peccatoris

2308 2603 2541 2672 Oratio
2572 2604 2752 2671 enim
2793 2625 2931 2671 non
2970 2603 3259 2670 libenter
3295 2604 3364 2670 in
3400 2603 3845 2671 immunditiis

2305 2734 2378 2780 se
2415 2711 2662 2802 ingerit
2694 2733 2710 2776 ε
2754 2710 3277 2778 mundissimum
3309 2713 3489 2778 enim
3522 2710 3684 2803 quid
3715 2721 3840 2778 est.

2303 2818 2554 2887 Thrcn.
2606 2841 2700 2897 ιιι,
2753 2818 2888 2884 44:
2946 2816 3343 2909 opposuisti
3379 2817 3624 2886 nubem
3691 2817 3840 2898 tibi,

2304 2951 2390 2996 ne
2411 2937 2713 2995 transeat
2740 2927 2987 2997 oratio.

2405 3274 2437 3308 α
2493 3245 2886 3335 AEdificans
2951 3242 3337 3312 Jerusalem
3398 3243 3760 3311 Dominus.
3808 3266 3840 3306 ι

2305 3353 2435 3423 llic
2462 3351 2860 3428 secundum,
2907 3352 2974 3417 in
3005 3372 3141 3440 quo
3190 3349 3627 3438 subjungitur
3667 3346 3848 3416 mul-

2307 3461 2520 3553 tiplex
2560 3461 2755 3540 ratio,
2798 3481 3006 3550 quare
3037 3458 3099 3527 ei
3130 3456 3352 3525 tienda
3391 3458 3476 3525 sit
3505 3455 3660 3524 talis
3697 3456 3847 3523 lau-

2307 3568 2518 3647 datio,
2566 3575 2633 3635 et
2668 3567 2971 3657 tangitur
2998 3563 3443 3656 quadruplex.
3490 3564 3718 3631 Prima
3747 3571 3844 3632 est

2308 3674 2624 3745 Ecclesiae
2655 3673 3035 3742 aediticatio.
3064 3670 3400 3750 Secunda,
3447 3673 3842 3741 meritorum

2307 3784 2647 3854 distinctio
2702 3784 2771 3851 in
2809 3781 3157 3859 aediticata,
3211 3780 3329 3860 ibi,
3371 3788 3436 3858 ᾗ.
3477 3782 3568 3851 43
3621 3812 3653 3845 ιι
3714 3783 3850 3867 Qui

2306 3901 2646 3961 numerat.
2678 3890 2789 3957 »T
2791 3890 2984 3973 ertia,
3027 3899 3540 3958 mansuetorum
3585 3888 3847 3958 exalta-

2307 4001 2405 4069 tio
2462 4000 2534 4067 in
2602 3998 2842 4067 merito
2901 4018 3105 4088 super
3168 3997 3363 4073 alios,
3434 3997 3554 4078 ibi,
3615 4005 3677 4073 ς.
3741 3999 3841 4063 0:

2314 4133 2347 4174 ι
2388 4106 2800 4197 Suscipiens.
2838 4131 2872 4167 ιι
2922 4102 3176 4183 Quarta
3215 4112 3281 4171 et
3320 4103 3585 4187 ultima,
3628 4104 3850 4172 malo-

2312 4237 2464 4284 rum
2520 4211 2888 4303 depressio,
2957 4211 3073 4290 ihi,
3146 4237 3181 4277 «
3254 4211 3655 4280 llumilians
3719 4233 3849 4280 au-

2312 4332 2468 4390 lem.
2510 4347 2543 4383 »

2403 4427 2481 4497 ln
2519 4428 2738 4518 prima
2785 4427 2946 4496 duc.
2989 4426 3248 4505 Primo,
3291 4428 3594 4517 tangitur
3636 4426 3850 4495 aedifi-

2313 4533 2517 4602 catio.
2588 4531 2928 4614 Secundo,
2981 4531 3222 4601 modus
3266 4530 3669 4612 aediticandi,
3729 4531 3848 4614 ihi,

2319 4667 2352 4708 ι
2384 4643 2852 4734 Dispersiones
2880 4640 3181 4709 Israelis.
3220 4669 3254 4705 »

2403 4748 2581 4818 Dicit
2617 4772 2780 4842 ergo
2815 4772 2830 4818 ε
2875 4748 2989 4818 Sic
3016 4751 3104 4817 sit
3139 4748 3438 4818 laudatio
3459 4749 3761 4837 jucunda
3786 4759 3852 4818 et

2316 4855 2560 4925 decora
2596 4854 2741 4925 Deo
2788 4878 2962 4935 meo,
2999 4857 3157 4948 quia
3190 4881 3223 4922 ι
3259 4857 3624 4938 Dominus,
3671 4883 3703 4923 1·
3737 4857 3850 4948 qui

2389 5104 2497 5161 Les
2525 5102 2702 5160 Pares
2729 5101 3081 5175 appliquent
3103 5099 3159 5156 le
3189 5115 3436 5173 psaume
3466 5101 3501 5158 a
3531 5100 3591 5158 la
3622 5102 3853 5158 Jerusa-

2315 5193 2435 5250 lem
2465 5193 2821 5268 spirituelte,
2850 5190 3104 5265 l'Eglise,
3139 5194 3200 5247 et
3247 5190 3282 5247 a
3312 5190 3370 5247 la
3397 5190 3723 5248 Jerusalem
3754 5192 3851 5247 ce-

2316 5285 2485 5343 leste.
2518 5287 2573 5342 S.
2610 5284 2746 5355 uit,
2777 5285 2835 5340 S.
2867 5286 3038 5356 Aug..
3096 5280 3170 5338 de
3224 5280 3345 5339 Civ.
3407 5282 3529 5349 Dei,
3597 5298 3714 5349 ιιι,
3768 5284 3849 5337 tt.

2316 5376 2372 5433 S.
2412 5377 2461 5435 J.
2491 5375 2722 5449 Chrys„
2756 5378 2866 5431 etc.
2911 5369 3164 5448 L'Eglise
3204 5388 3268 5429 se
3325 5377 3449 5429 sert
3500 5369 3582 5429 du
3639 5369 3846 5434 Lauda.

2313 5470 2638 5539 Jerusalem,
2666 5483 2782 5526 aux
2818 5465 2968 5523 setes
2991 5464 3072 5523 du
3100 5465 3266 5523 Saint
3294 5465 3660 5535 Sacrement,
3679 5463 3752 5521 de
3800 5464 3853 5521 la

2318 5559 2517 5618 Sainte
2551 5560 2776 5633 vierge,
2807 5555 2881 5613 de
2913 5558 2973 5615 Ia
3001 5555 3314 5625 Dedicace,
3347 5559 3462 5613 etc.

3346 5738 3417 5796 Η.
3449 5737 3709 5796 Luserat.
