5008 6329
1906 373 2623 444 COMMENTARIUS
2676 373 2768 440 ΙΝ
2818 372 3257 442 PSALMUM
3308 370 3673 440 CXLVIII.

1179 546 1564 637 specialiter
1601 570 1616 618 ι
1662 555 1728 614 et
1761 545 2085 614 dicuntur
2111 548 2264 623 tria,
2300 555 2580 636 propter
2599 565 2749 633 quae

1185 656 1486 722 maxime
1521 657 1705 722 Deus
1739 654 2121 721 laudandus
2179 663 2303 720 est.
2343 652 2575 718 Primo
2616 650 2751 716 sci-

1187 762 1337 830 licet
1364 786 1538 853 opus
1568 763 1960 830 creationis.
2002 758 2346 839 Secundo,
2383 757 2750 825 recreatio-

1185 870 1319 952 niS,
1363 869 1484 947 ibi,
1533 896 1564 932 α
1599 871 1697 935 Et
1753 866 2096 933 exaltavit
2137 888 2371 932 cornu.
2419 890 2451 929 n
2492 864 2743 941 Terti0,

1187 977 1737 1067 glorificationiS,
1776 972 1896 1050 ibi,
1926 998 1959 1038 ιι
1993 975 2314 1064 Hymnus
2344 971 2683 1041 omnibuS.
2712 997 2744 1036 n

1270 1082 1452 1151 Dicit
1477 1102 1695 1172 ergo:
1762 1077 1876 1146 Sic
1927 1078 2200 1148 laudate
2252 1080 2629 1171 sigillatim,
2681 1087 2747 1146 et

1178 1189 1380 1255 etiam
1424 1187 1702 1254 laudate
1745 1207 1989 1253 omnes
2048 1186 2277 1265 simul,
2314 1189 2472 1277 quia
2515 1213 2545 1248 «ι
2582 1207 2746 1252 eon-

1170 1296 1379 1385 sessio
1413 1293 1594 1381 ejuS,
1635 1319 1668 1353 n
1724 1291 1992 1382 supple,
2018 1303 2121 1361 est
2162 1319 2195 1359 ιι
2224 1316 2432 1385 super
2493 1293 2740 1360 coelum

1179 1413 1241 1469 et
1272 1413 1557 1472 terram.
1586 1424 1619 1465 ι
1648 1400 1714 1466 id
1745 1410 1871 1479 est,
1902 1424 2110 1490 super
2134 1405 2365 1469 omnia
2392 1409 2644 1481 creata,
2678 1399 2743 1466 id

1176 1518 1302 1591 est,
1331 1508 1413 1576 de
1445 1508 1771 1575 omnibus
1801 1510 2162 1587 creaturis,
2204 1516 2343 1574 tam
2367 1508 2742 1598 superiori-

1176 1616 1304 1685 bus
1362 1639 1570 1707 quam
1613 1618 2053 1685 inferioribus
2081 1627 2184 1685 est
2224 1614 2742 1685 laudanduS.Et

1171 1727 1407 1808 etiam,
1444 1749 1477 1789 ιι
1518 1747 1726 1815 super
1763 1724 2013 1790 coelum
2044 1735 2107 1792 et
2138 1732 2417 1803 terram,
2449 1749 2483 1789 ι
2521 1723 2587 1791 id
2610 1731 2736 1801 est,

1169 1832 1540 1924 plusquam
1611 1832 1935 1911 eoelestis,
2005 1834 2116 1902 vel
2190 1843 2454 1903 terrena
2508 1841 2739 1924 posset

1169 1943 1550 2032 exprimere
1580 1949 1918 2010 creatura.
1956 1941 2303 2021 Ilabacue,
2329 1966 2425 2025 ιιι,
2447 1943 2526 2009 3:
2556 1941 2738 2032 Ope-

1168 2048 1313 2114 ruit
1341 2046 1544 2115 eoelos
1578 2048 1816 2137 qloria
1845 2048 2029 2137 ejus,
2063 2059 2127 2116 et
2159 2049 2391 2117 laudis
2419 2048 2575 2138 ejus
2589 2048 2738 2139 ple-

1173 2176 1267 2222 na
1305 2164 1401 2222 est
1432 2163 1643 2223 terra.
1680 2154 1743 2222 11
1768 2154 1997 2223 Paral.
2026 2157 2096 2223 in
2127 2158 2437 2225 oratione
2468 2155 2737 2224 Manas-

1169 2283 1285 2338 sae,
1338 2262 1593 2352 passim
1644 2283 1660 2330 ι
1703 2263 2003 2330 Domine
2050 2264 2499 2355 omnipotens,
2551 2263 2735 2329 Deus

1157 2377 1443 2460 patrum
1492 2378 2004 2450 no.s·trorum,...
2051 2371 2175 2460 qui
2226 2371 2455 2460 jecisti
2482 2368 2729 2437 caelum

1161 2482 1226 2541 et
1265 2483 1521 2541 terram
1551 2497 1709 2542 cum
1735 2477 1928 2543 omni
1945 2487 2197 2544 ornatu
2218 2474 2731 2553 eorum,...lau-

1168 2582 1346 2651 dabo
1378 2592 1445 2649 te
1459 2605 1728 2674 semper
1754 2583 2077 2652 omnibus
2095 2583 2333 2653 diebus
2361 2586 2517 2653 vitae
2536 2608 2722 2653 meae.

1251 2816 1284 2856 ιι
1317 2795 1413 2861 Et
1473 2790 1842 2859 exaltavit.
1906 2817 1940 2858 ι
1992 2790 2121 2860 llic
2194 2792 2497 2883 tangitur
2553 2814 2725 2883 opus

1164 2900 1625 2968 recreationis.
1660 2897 1871 2980 Quasi
1905 2900 2157 2968 diceret
2189 2923 2204 2967 ε
2240 2898 2356 2969 Sic
2392 2899 2637 2969 coelum
2661 2909 2727 2969 et

1156 3015 1407 3075 terram
1443 3017 1511 3074 tu
1553 3006 1797 3085 fecisti,
1830 3007 2013 3076 unde
2037 3005 2412 3076 laudandus
2446 3031 2463 3076 ε
2492 3037 2525 3071 ιι
2567 3011 2711 3077 Ee.

1162 3117 1366 3186 etiam
1404 3143 1437 3181 ιι
1472 3118 1810 3185 exaltavit
1857 3140 2097 3198 cornu,
2137 3147 2170 3181 ι»
2222 3116 2288 3186 id
2344 3127 2466 3192 est.
2522 3117 2727 3188 Chri-

1167 3236 1377 3301 stum,
1405 3247 1527 3315 per
1565 3224 1910 3315 propriam
1939 3225 2351 3316 passionem.
2387 3225 2411 3292 l
2447 3226 2617 3318 neg.
2648 3250 2720 3310 ιι,

1166 3331 1246 3398 10
1282 3331 1751 3399 :Dominus...
1789 3329 1987 3398 dabit
2018 3332 2379 3423 imperium
2405 3335 2551 3423 reqi
2565 3356 2717 3415 suo,

1164 3446 1227 3505 et
1252 3435 1665 3504 sublimabit
1697 3459 1911 3505 cornu
1943 3438 2199 3506 Christi
2214 3440 2348 3508 sui.
2391 3438 2473 3507 Et
2499 3442 2566 3506 in
2599 3462 2723 3508 eo-

1151 3544 1337 3624 dem,
1362 3553 1427 3623 5.
1472 3547 1496 3611 1
1542 3566 1557 3611 :
1593 3547 2016 3614 Eaaltatum
2040 3556 2138 3614 est
2163 3570 2613 3617 comumeum
2648 3551 2721 3617 in

1149 3656 1292 3724 Deo
1322 3677 1495 3723 meo.
1533 3680 1566 3720 ιι
1591 3653 1857 3746 Populi
1879 3656 2020 3733 sui,
2044 3682 2077 3717 ιι
2103 3655 2367 3747 supple,
2411 3657 2638 3726 reden)
2650 3682 2718 3749 p·

997 3776 1002 3781 ·
1094 3789 1101 3795 ·
1151 3767 1368 3828 torem
1396 3759 2238 3849 inipsasuaexaltatione.
2271 3763 2475 3832 Joan.
2512 3786 2608 3846 ιιι,
2635 3764 2715 3831 Η

1156 3878 1223 3936 et
1269 3868 1344 3937 15
1382 3889 1396 3934 :
1442 3869 1644 3938 Sicut
1672 3870 1947 3959 Moyses
1973 3868 2316 3938 exaltarit
2338 3881 2714 3963 serpentem

1153 3976 1224 4043 in
1262 3975 1551 4057 deserte,
1621 3977 1722 4043 ita
1779 3976 2090 4044 exaltari
2128 3984 2390 4068 oportet
2442 3978 2713 4047 Filium

1145 4080 1472 4148 bominis.
1507 4079 1614 4147 Ad
1666 4080 1830 4171 quid
1860 4082 1898 4148 ⁶?
1931 4081 2023 4149 Ut
2077 4084 2301 4150 omnis
2337 4083 2462 4173 qui
2495 4083 2713 4152 credit

1142 4191 1211 4255 in
1255 4188 1516 4280 ipsum,
1559 4210 1699 4255 non
1743 4196 2013 4279 pereat,
2043 4188 2168 4256 sed
2207 4188 2456 4257 babeat
2493 4192 2711 4260 vitam

1137 4306 1491 4364 eternam.
1529 4293 1640 4375 Et,
1678 4317 1803 4374 ιιι,
1838 4296 1924 4362 32
1969 4317 1985 4364 :
2020 4297 2118 4364 Et
2163 4319 2285 4387 eqo
2338 4298 2405 4364 si
2430 4298 2709 4367 eoealta-

1138 4410 1250 4468 tus
1302 4404 1507 4492 suero
1576 4425 1620 4469 a
1677 4410 1888 4480 terra,
1969 4404 2204 4471 omnia
2269 4404 2547 4473 traleam
2612 4406 2711 4474 ad

1138 4509 1504 4599 meipsum.

1227 4613 1378 4691 Vel,
1414 4637 1630 4683 cornu
1662 4615 1961 4706 appellat
2010 4625 2442 4707 potestatem·
2475 4628 2543 4687 et
2594 4620 2704 4688 di-

1132 4723 1464 4811 gnitatem
1497 4723 1807 4790 nominis
1841 4722 2239 4803 Christiani,
2283 4748 2488 4817 quam
2517 4726 2702 4794 mul-

1139 4838 1285 4897 tum
1327 4830 1683 4899 exaltavit.
1718 4828 1884 4899 Luc.
1931 4853 1978 4912 ι,
2013 4836 2098 4900 139
2135 4854 2151 4900 :
2192 4835 2439 4903 Erexit
2482 4857 2698 4903 cornu

1129 4936 1386 5005 salutis
1414 4936 1636 5019 nobis,
1673 4939 1742 5004 in
1782 4938 1988 5005 domo
2040 4940 2280 5007 David
2301 4942 2512 5035 pueri
2552 4945 2691 5024 sui,

1136 5042 1204 5110 id
1235 5053 1357 5120 est,
1396 5045 1465 5110 in
1509 5042 1836 5112 Ecclesia.

1217 5295 1249 5328 α
1294 5267 1617 5355 Hymnus
1681 5266 2027 5336 omnibus.
2098 5294 2131 5335 ι
2184 5267 2311 5338 llic
2373 5270 2689 5340 subditur

1124 5396 1252 5464 pro
1281 5372 1782 5464 glorificatione
1817 5373 1992 5454 laus,
2036 5385 2094 5443 et
2156 5381 2461 5469 tangitur
2489 5383 2687 5470 quasi

1122 5478 1368 5571 triplex
1415 5478 2020 5570 glorificandorum
2064 5484 2465 5555 differentia.
2503 5484 2686 5555 San-

1123 5590 1239 5667 cti,
1286 5586 1402 5653 filii
1441 5585 1679 5667 lsrael,
1713 5595 1780 5655 et
1829 5592 2458 5683 appropinquantes
2506 5593 2676 5667 Deo,

1123 5694 1208 5765 Et
1249 5695 1636 5763 innuuntur
1679 5696 1749 5763 in
1780 5694 1888 5765 his
1917 5698 2260 5769 subtiliter
2287 5703 2685 5772 considera-

4275 373 4404 439 53⁷

2856 544 2939 608 tis
2971 553 3103 609 tres
3162 544 3407 608 aniinae
3467 541 3679 608 dotes.
3729 539 3956 608 Sancti
4010 542 4192 609 enim
4248 547 4410 608 sunt

2855 651 2969 738 qui
3008 649 3277 739 purgati
3319 660 3479 717 sunt
3535 649 3618 716 ab
3677 651 3865 715 omni
3907 671 4143 716 amore
4202 659 4410 717 terre-

2853 778 2969 834 no,
3015 767 3074 824 et
3122 779 3242 847 per
3306 780 3610 825 amorem
3668 758 4008 823 sincerum
4071 757 4408 825 inhaerent

2851 867 3119 932 aeternis
3151 888 3165 932 :
3206 866 3319 932 lilii
3356 874 3585 932 autem
3621 863 3853 943 Israel,
3880 863 3973 930 illi
4008 864 4211 930 iidem
4244 874 4404 931 sunt

2851 995 2971 1062 per
3024 973 3388 1047 visionem,
3454 981 3521 1037 et
3588 971 4049 1061 cognitionem
4124 970 4397 1060 plenam

2850 1101 3140 1145 summae
3180 1080 3484 1146 veritatis
3528 1101 3543 1146 :
3596 1078 4225 1168 appropinquantes
4282 1099 4400 1145 au·

2849 1193 3013 1263 tem,
3048 1194 3113 1252 et
3168 1186 3361 1275 quasi
3420 1206 3491 1252 se
3556 1195 3737 1251 totos
3798 1186 4209 1274 ingerenteS,
4279 1207 4403 1275 per

2849 1295 3239 1361 fruitionem
3269 1295 3518 1361 divinae
3557 1294 3903 1361 bonitatiS.
4363 1323 4372 1331 ·

2938 1400 3112 1469 Dicit
3159 1423 3366 1491 ergo:
3414 1400 3528 1469 Sic
3558 1402 3828 1468 laudate
3860 1410 4138 1491 propter
4191 1423 4398 1492 opera

2848 1507 3232 1591 creationiS,
3312 1516 3378 1575 et
3476 1507 3934 1587 recreationiS,
4002 1515 4067 1576 et
4160 1511 4390 1588 etiam,

2847 1616 3170 1704 quoniam
3259 1616 3646 1705 «hymnuS‚
3688 1640 3720 1679 ιι
3785 1625 3851 1682 et
3924 1615 4180 1694 laetitia,
4244 1615 4393 1684 laus

2844 1722 3098 1791 seilicet
3147 1722 3267 1792 Dei
3327 1745 3482 1791 cum
3543 1725 3830 1791 cantico.
3877 1722 3902 1789 1
3945 1722 4255 1792 Machab.
4293 1747 4387 1808 w,

2842 1830 2964 1896 24:
2998 1832 3358 1921 Ilymnum
3396 1830 3752 1909 canebant,
3803 1841 3865 1899 et
3914 1830 4394 1900 benedicebant

2841 1940 3064 2007 Deum
3106 1940 3177 2005 in
3231 1937 3506 2017 eaelum,
3586 1940 3915 2029 quoniam
3983 1938 4198 2007 bonus
4262 1951 4386 2022 est,

2840 2045 3168 2136 quoniam
3213 2046 3284 2112 in
3331 2045 3663 2113 saeculum
3702 2044 4174 2114 misericordia
4203 2045 4385 2136 ejus.

2840 2152 2925 2220 Et
2963 2175 3196 2220 rursus
3251 2152 3335 2221 de
3383 2152 3667 2244 hymnn,
3718 2153 3777 2220 11
3846 2152 4067 2222 Mach.
4112 2176 4180 2228 x,
4248 2154 4383 2223 38:

2839 2263 2924 2329 In
2977 2261 3256 2351 hymnis
3310 2271 3372 2329 et
3438 2262 3977 2351 confessionibus
4035 2261 4385 2331 benedice-

2840 2369 3002 2438 bant
3043 2371 3452 2449 Dominum,
3489 2372 3613 2461 qui
3657 2359 3912 2458 maqna
3948 2371 4114 2460 seeit
4153 2371 4224 2437 in
4282 2374 4389 2439 Is-

2835 2476 3008 2545 rael.
3057 2475 3324 2554 Judith,
3386 2499 3525 2556 xv1,
3574 2479 3695 2547 13:
3741 2479 4100 2568 Ilymnum
4130 2499 4385 2546 novum

2833 2594 3185 2651 cantemus
3217 2584 3357 2650 Deo
3388 2593 3643 2650 nostro.
3679 2582 3817 2657 Est.
3854 2594 3922 2651 et
3948 2584 4078 2651 erit
4109 2611 4141 2645 ιι
4176 2585 4392 2651 omni·

2834 2670 2959 2759 bus
2986 2693 3241 2760 sanctis
3270 2692 3451 2782 ejus,
3490 2719 3523 2754 ιι
3565 2692 3886 2760 omnibus
3931 2691 4186 2760 scilicet
4216 2715 4387 2784 puro

2833 2810 2899 2866 et
2936 2807 3174 2867 sancto
3222 2822 3458 2868 amore
3503 2800 3562 2867 ei
3624 2798 4134 2868 initiet-entibus.
4200 2799 4383 2887 Apo·

2829 2906 2956 2975 cal.
2991 2929 3131 2986 xix,
3164 2909 3205 2976 5
3232 2930 3248 2975 ε
3272 2908 3412 2975 Vox
3448 2906 3533 2975 de
3567 2908 3808 2974 clirono
3836 2908 4070 2980 exivit,
4114 2905 4384 2974 dicens:

2832 3016 3141 3083 Laudem
3171 3015 3378 3083 dicite
3403 3018 3573 3092 Deo,
3607 3037 3839 3082 omnes
3864 3016 4044 3082 servi
4088 3015 4268 3104 ejus,
4320 3023 4385 3083 et

2829 3124 2956 3215 qui
2982 3124 3237 3192 timetis
3273 3125 3527 3202 Deum,
3560 3133 3687 3192 etc.

2922 3260 2956 3296 ιι
3028 3232 3202 3301 Filii
3274 3232 3516 3301 Israel.
3596 3261 3627 3293 »
3708 3231 3875 3299 Eece
3972 3231 4376 3301 secundum.

2831 3340 3038 3421 Quasi
3097 3341 3397 3410 diceret:
3495 3339 3811 3433 Hymnus
3876 3342 4003 3409 erit
4081 3340 4377 3409 Sanctis.

2832 3449 3124 3528 Sanctis,
3151 3451 3457 3542 inquam,
3505 3475 3538 3515 ιι
3578 3450 3752 3540 filiis
3781 3449 4024 3527 lsrael,
4070 3474 4103 3515 ι
4138 3449 4205 3517 id
4249 3459 4375 3528 est,

2831 3557 3048 3627 Deum
3106 3567 3336 3650 aperte
3382 3558 3794 3628 videntibus.
3851 3557 4018 3625 Tob.
4084 3579 4229 3634 xttt,
4291 3557 4372 3625 3:

2830 3666 3270 3756 Confitemini
3315 3668 3643 3742 Domino,
3669 3667 3813 3755 filii
3843 3666 4087 3735 Israel.
4116 3662 4248 3735 Isa.
4296 3686 4383 3747 ιι,

2829 3775 2944 3842 il:
2988 3775 3259 3842 Venient
3291 3775 3361 3842 in
3384 3773 3580 3853 Sion,
3615 3774 3683 3841 in
3704 3771 4167 3864 speculatione
4195 3779 4389 3839 arter-

2824 3902 3099 3959 norum,
3136 3880 3523 3948 laudantes.
3558 3878 3669 3960 Et,
3701 3901 3815 3961 ιιι,
3838 3880 3922 3947 8:
3964 3876 4204 3947 Simul
4231 3876 4385 3945 lau·

2823 3985 3114 4067 dabunt,
3156 3989 3322 4077 quia
3359 3986 3558 4054 oculo
3590 3986 3687 4052 ad
3719 3986 3999 4054 oculum
4022 3984 4376 4064 videbunt,

2821 4101 2951 4162 etc.

2912 4228 2946 4264 a
2977 4200 3258 4292 Populo
3325 4202 3922 4293 appropinquanti
3956 4199 4118 4285 sibi,
4153 4223 4188 4265 ι
4239 4198 4371 4266 sci·

2816 4308 2973 4377 licet
3036 4330 3156 4399 per
3220 4318 3545 4377 aeternam
3612 4308 4006 4377 fruitionem
4057 4329 4073 4375 :
4137 4305 4370 4374 fruens

2816 4418 2997 4484 enim
3029 4424 3215 4483 totus
3253 4417 3497 4485 transit
3534 4418 3601 4484 in
3642 4416 3885 4486 Deum.
3929 4414 4136 4485 Eccli.
4176 4437 4364 4495 xxtv,

2815 4525 2902 4592 26
2948 4533 3017 4591 et
3071 4524 3198 4591 27:
3255 4525 3564 4593 Transite
3607 4524 3705 4591 ad
3755 4548 3887 4603 me,
3938 4547 4172 4592 omnes
4244 4528 4370 4616 qui

2812 4633 3289 4724 concupiscitis
3355 4655 3486 4710 me,
3563 4642 3628 4700 et
3708 4656 3752 4701 a
3806 4633 4370 4723 yenerationibus

2812 4743 2979 4808 meis
3008 4742 3436 4833 implemini:
3471 4742 3761 4833 spiritus
3789 4744 3968 4811 enim
4001 4765 4193 4811 meus
4234 4765 4363 4811 su-

2800 4871 2928 4940 per
2955 4847 3096 4915 mel
3130 4848 3380 4916 dulcis.
3412 4849 3668 4917 Jerem.
3713 4871 3903 4927 xxxi,
3946 4850 4066 4918 ¹4:
4125 4853 4360 4943 Popu-

2812 4956 2921 5024 lus
2958 4978 3147 5023 meus
3186 4953 3381 5024 bonis
3433 4955 3935 5048 adimplebitur
3988 4958 4178 5026 meis.
4236 4957 4363 5027 Ja-

2804 5063 2958 5133 cob.
2997 5086 3089 5144 iv,
3124 5065 3206 5132 8:
3268 5065 3835 5156 Appropinquate
3887 5067 4060 5145 Deo,
4093 5066 4360 5136 deside·

2806 5174 2983 5239 rium
3013 5172 3473 5254 extendendo,
3514 5177 3726 5242 sancti
3762 5169 3877 5266 q'ui
3911 5177 4074 5243 estis
4112 5175 4182 5243 in
4228 5198 4356 5266 pa-

2805 5281 2931 5346 tria
2961 5301 2977 5346 z
3019 5280 3248 5370 etipse
3277 5280 3867 5372 appropinquabit
3894 5280 4110 5359 vobis,
4151 5305 4349 5353 suam

2802 5382 3226 5452 dulcedinem
3290 5385 3738 5461 infundendo,
3812 5408 4017 5477 quam
4072 5397 4142 5456 et
4207 5391 4352 5481 ipse

2799 5491 3071 5561 tandem
3108 5491 3309 5558 nobis
3339 5491 3693 5561 infundere
3724 5493 4065 5585 dignetur,
4100 5497 4216 5588 qui
4248 5506 4350 5565 est

2797 5600 3193 5670 benedictus
3229 5621 3353 5689 per
3371 5602 3603 5668 omnia
3632 5601 3877 5670 saecula
3905 5602 4341 5672 saeeulorum.

2792 5709 3041 5777 Amen.
