5008 6329
593 277 724 343 222
1609 276 1690 343 D.
1742 272 1944 342 ALB.

590 472 752 516 nem
787 451 1070 517 rationis
1101 448 1372 526 additae,
1409 455 1474 514 et
1505 446 2150 527 manifestationem,

590 557 711 634 ibi,
757 564 819 632 5.
857 560 897 624 5
943 580 958 623 :
1001 582 1032 615 «
1070 557 1169 621 Dc
1199 553 1649 622 tribulatione
1680 556 1990 622 invocavi
2017 556 2156 621 Do-

591 666 890 729 minum.
931 688 964 721 »

680 770 755 835 In
799 768 1022 857 prima
1070 766 1233 836 due.
1284 768 1545 847 Primo,
1610 768 1856 834 invitat
1921 764 2151 832 fideles

585 876 1023 969 generaliter,
1103 877 1330 946 addita
1418 878 1705 944 ratione.
1802 873 2144 951 Secunde,

585 983 927 1077 quosdam
958 987 1361 1077 specialiter,
1398 985 1597 1073 juxta
1654 983 1951 1050 litteram
1993 1005 2152 1050 con-

581 1113 822 1159 versos
871 1090 954 1158 de
1014 1091 1321 1158 Judaeis:
1368 1090 1568 1177 juxta
1615 1095 1895 1156 sensum
1944 1088 2150 1177 spiri-

581 1200 870 1282 tualem,
929 1196 1161 1266 fideles
1211 1198 1278 1263 in
1329 1204 1512 1264 statu
1560 1195 1972 1278 differenteS,
2025 1195 2143 1275 ibi,

578 1318 642 1386 5.
682 1312 723 1376 2
767 1329 783 1376 ε
828 1335 861 1369 α
897 1309 1103 1374 Dicat
1139 1328 1321 1372 nunc
1355 1306 1596 1373 Israel.
1641 1333 1671 1366 »2

667 1414 825 1479 Jam
875 1416 1063 1499 patet
1108 1410 1267 1500 quia
1323 1411 1395 1476 in
1443 1411 1670 1499 prima
1706 1406 1931 1475 adhuc
1978 1409 2139 1475 duo.

580 1523 847 1601 Primo,
883 1519 1149 1587 invitat.
1198 1518 1541 1597 Secundo,
1594 1519 1897 1607 assignat
1943 1519 2147 1585 ratio·

578 1652 739 1698 nem
793 1650 1005 1719 quare
1062 1628 1353 1695 debeant
1403 1626 1831 1717 acquiescere
1887 1624 2145 1693 invita-

576 1736 776 1814 tioni,
815 1734 938 1816 ibi,
977 1760 1011 1800 ι
1042 1735 1385 1819 Quoniam
1418 1733 1657 1800 bonus.
1701 1760 1732 1793 υ

1245 2049 1359 2117 Sic
1443 2048 1673 2117 fideles
1742 2048 1984 2116 monui
2065 2056 2143 2115 ut

361 2081 419 2146 ι
673 2053 854 2119 Dicit
922 2073 1085 2141 ergo
1146 2072 1163 2116 :

226 2191 546 2292 mmlx„
578 2159 872 2228 laudetis
928 2182 1053 2248 pro
1117 2158 1636 2226 confirmatione
1701 2154 2004 2224 fidelium
2070 2157 2140 2224 in

576 2269 862 2345 unione,
899 2274 966 2334 et
1013 2264 1363 2343 charitate,
1428 2273 1498 2333 et
1551 2263 1679 2332 fide
1731 2287 1747 2331 ε
1799 2263 1918 2331 sed
1957 2286 2140 2332 nunc

575 2377 761 2458 dice,
813 2405 846 2439 «
880 2375 1320 2463 Confitemini
1383 2375 1701 2452 Domino,
1757 2372 2138 2441 confessio-

572 2508 658 2552 ne
716 2482 965 2551 laudis.
1019 2480 1265 2571 Supra,
1310 2481 1381 2547 in
1424 2479 1716 2548 Psalmis
1772 2502 1903 2559 etv,
1937 2502 2021 2548 ev
2066 2487 2133 2547 et

565 2614 702 2669 cvi,
739 2589 1093 2657 multoties
1125 2588 1304 2656 idem
1332 2587 1644 2656 habitum
1703 2598 1826 2654 est.
1873 2612 1905 2653 ι
1947 2589 2133 2658 Con-

560 2699 891 2785 fitemini,
934 2723 967 2758 n
1019 2718 1155 2763 non
1186 2695 1412 2763 solum
1458 2695 1708 2773 Judaei,
1761 2696 1880 2763 sed
1919 2696 2128 2766 etiam

561 2803 871 2873 Gentiles
928 2824 1170 2870 omnes
1216 2799 1650 2893 generaliter,
1702 2800 1860 2892 quia
1918 2802 2125 2868 etiam
2235 2826 2364 2870 res.
2403 2802 2751 2886 Secunde,
2794 2805 3185 2880 sanctiores,
3222 2802 3339 2879 ibi,
3373 2813 3436 2880 5.
3467 2809 3505 2870 3
3542 2829 3558 2872 :
3597 2836 3626 2866 «

1998 272 2216 342 MAG.
2272 270 2479 340 ORD.
2536 269 2835 338 PRAED.

2261 444 2455 525 mini,
2493 442 2613 511 sed
2649 469 2686 506 ce·
2726 441 3055 533 quoniam
3092 441 3162 508 in
3190 444 3539 520 saeculum,
3579 469 3611 509 »
3658 469 3813 536 sup-

2260 550 2394 639 ple,
2430 548 2841 626 extenditur,
2917 577 2949 612 «
3002 549 3466 616 misericordia
3531 551 3707 638 ejus,
3773 578 3804 616 s

2259 680 2396 747 qua
2433 665 2712 745 peccata
2731 655 3105 723 condonat.
3152 655 3363 739 Idem,
3401 657 3663 725 Daniel.
3710 682 3802 734 111,

2259 765 2342 831 89
2436 785 2450 829 ε
2548 762 2988 850 Confitemini
3065 765 3387 845 Domino,
3479 768 3807 854 quoniam

2258 873 2496 950 bonna,
2559 872 2888 961 quoniam
2936 872 3007 936 in
3067 871 3388 937 sa‘culum
3439 875 3808 941 misericor-

2255 984 2375 1049 dia
2405 982 2585 1070 ejus.
2632 980 2661 1047 I
2704 980 2925 1047 Paral.
2971 1004 3108 1056 xm,
3166 981 3250 1048 34
3304 1004 3319 1047 ε
3377 982 3809 1070 Confitcmini

2255 1091 2580 1168 Domine,
2606 1099 2668 1155 el
2690 1091 2992 1155 invocate
3016 1111 3256 1155 nomen
3287 1089 3463 1177 ejus.
3494 1090 3577 1156 Et
3606 1100 3798 1180 post:

2260 1198 2606 1283 Quoniam
2660 1196 2898 1279 bonus,
2958 1199 3284 1287 quoniam
3351 1199 3422 1264 in
3477 1200 3802 1266 saeculum

2253 1304 2726 1371 misericordia
2756 1302 2933 1391 ejus.
2967 1301 3136 1369 Tob.
3187 1326 3307 1379 xn,
3352 1305 3391 1369 (i
3447 1327 3460 1370 ε
3517 1305 3804 1393 Confite-

2252 1411 2428 1478 mini
2472 1411 2560 1494 ei,
2602 1411 2772 1500 quia
2818 1410 2984 1497 lecit
3021 1408 3361 1476 vobiscum
3415 1412 3801 1477 miscricor-

2251 1518 2444 1586 diam
2471 1540 2701 1584 suam.

2341 1868 2377 1904 α
2420 1841 2631 1907 Dicat
2665 1862 2847 1906 nunc
2874 1839 3118 1907 Israel.
3156 1866 3187 1900 »
3225 1838 3351 1906 llic
3388 1840 3787 1919 secundum,

2245 1947 2317 2014 in
2349 1970 2485 2038 quo
2545 1955 2780 2014 monet
2818 1969 2935 2016 eos
2974 1945 3058 2014 ad
3110 1945 3379 2014 laudem
3420 1949 3790 2016 secundum

2245 2061 2460 2121 status
2491 2052 2877 2122 differentes.
2909 2052 3048 2121 Nec
3077 2052 3300 2120 solum
3338 2063 3413 2121 ut
3445 2055 3568 2144 ipsi
3615 2054 3683 2121 in
3721 2077 3793 2123 se

2245 2161 2550 2243 laudent,
2608 2161 2729 2229 sed
2768 2162 2975 2229 etiam
3023 2171 3097 2227 ut
3152 2160 3322 2228 alios
3381 2164 3465 2230 ad
3523 2162 3792 2232 laudem

2245 2270 2561 2336 invitent.
2581 2268 2662 2335 Et
2695 2270 2943 2359 prime,
2965 2276 3196 2336 monet
3226 2270 3520 2358 majores
3549 2293 3785 2360 perse.

2245 2376 2591 2456 Secundo,
2637 2375 2945 2446 addendo
2977 2377 3177 2444 simul
3218 2379 3419 2444 etiam
3464 2380 3784 2458 minores,

2241 2483 2363 2568 ibi,
2394 2490 2460 2560 5.
2497 2483 2540 2550 4
2575 2506 2591 2552 ε
2625 2484 2881 2552 Dicant
2910 2505 3090 2550 nunc
3118 2484 3242 2575 qni
3271 2486 3532 2550 liment.
3574 2510 3607 2551 ι

2330 2589 2407 2656 ln
2438 2592 2661 2681 prima
2690 2590 2826 2658 duo
2856 2589 3227 2659 secundum
3269 2599 3517 2659 statum
3559 2592 3788 2683 dupli-

2235 2719 2383 2765 cem
2426 2699 2793 2787 majorum.
2830 2697 3088 2773 Primo,
3134 2708 3366 2765 monet
3413 2702 3786 2789 sapientio-

3659 2810 3782 2875 Di·

554 2923 867 2984 vestrum
909 2920 1013 2981 est
1053 2911 1384 2979 confiteri.
1425 2911 1680 2979 Jerem.
1732 2932 1975 2989 xxxin,
2043 2911 2122 2979 10
2229 2919 2343 2979 cat
2381 2932 2567 2978 nutic
2605 2908 2852 2978 domus
2888 2912 3145 2978 Aaron.
3188 2935 3219 2973 n

553 3034 622 3093 et
688 3024 761 3108 ij
833 3044 848 3089 ε
934 3021 1183 3090 Adhuc
1238 3020 1569 3088 audietur
1633 3021 1704 3087 in
1774 3018 1922 3087 Ioco
1989 3020 2121 3087 isto
2319 3015 2513 3084 Etin
2578 3016 2801 3107 prima
2874 3014 3036 3085 duo.
3099 3015 3357 3095 Primo,
3439 3018 3770 3091 invitatio,

550 3151 755 3224 quem
785 3150 903 3197 vos
931 3128 1164 3196 dicitis
1189 3149 1328 3196 esse
1366 3126 1792 3196 desertum...
1825 3148 1962 3194 vox
2003 3126 2122 3194 di·
2230 3124 2576 3205 Secundo,
2656 3126 2829 3195 ratio
2922 3148 3129 3216 quare
3210 3127 3773 3217 acquiescendum

546 3238 854 3306 centium
910 3259 933 3302 .·
998 3235 1441 3323 Confitemini
1494 3235 1795 3302 Domino
1859 3235 2118 3302 exerci-
2226 3234 2644 3313 invitationi,
2688 3233 2809 3312 ibi,
2855 3234 3260 3317 «Quoniam
3301 3234 3539 3303 bonus.
3589 3261 3622 3302 ι

545 3356 779 3425 tuum,
814 3342 1147 3435 quoniam
1191 3339 1431 3419 bonus,
1465 3348 1594 3409 etc.
2313 3334 2494 3403 Dicit
2524 3355 2690 3425 ergo
2732 3356 2749 3402 ε
2797 3333 2911 3401 Sic
2943 3336 3177 3401 monui
3207 3358 3447 3401 omnes
3485 3359 3776 3425 genera-

2220 3441 2377 3510 liter
2421 3463 2437 3508 :
2486 3440 2695 3510 modo
2736 3440 2917 3523 dicO,
2978 3469 3008 3502 ιι
3042 3443 3250 3509 Dicat
3296 3442 3540 3521 lsrael,
3596 3468 3629 3509 ι
3670 3445 3772 3512 vi·

638 3580 672 3620 ι
731 3553 1081 3638 Quoniam
1133 3551 1371 3620 bonuS.
1421 3579 1451 3616 ι
1505 3550 1633 3620 llic
1680 3551 1853 3619 ratio
1900 3572 2112 3642 quare
2220 3548 2388 3617 dens
2418 3547 2668 3618 Deum.
2704 3548 2790 3616 lli
2819 3558 2977 3617 sunt
3014 3551 3377 3640 sapit-ntea,
3429 3552 3769 3619 monendo

540 3658 1019 3730 confitendum
1087 3681 1104 3728 t
1161 3668 1226 3728 et
1267 3660 1576 3751 tangitur
1628 3656 1906 3749 duplex.
1968 3657 2116 3725 Pri·
2217 3655 2391 3725 alios
2419 3657 2507 3725 ad
2534 3657 2836 3727 laudem.
2879 3655 2963 3725 Et
3006 3684 3037 3720 ι
3070 3680 3274 3739 ηηηε,
3312 3684 3344 3722 ι
3397 3682 3535 3727 non
3572 3659 3773 3727 diss'e-

538 3792 687 3847 mo,
734 3766 858 3834 Dei
906 3766 1180 3835 bonitas
1227 3765 1545 3834 absoluta
1585 3768 1654 3834 in
1701 3788 1798 3833 se.
1845 3764 2111 3835 Secun-
2219 3773 2343 3834 rat.
2403 3765 2688 3835 Cortina
2723 3767 3059 3834 cortinam
3119 3764 3341 3834 trahat
3392 3765 3436 3833 ¹.
3497 3770 3591 3835 Et
3646 3769 3771 3859 qui

535 3877 655 3961 do,
726 3882 1130 3966 comparata
1196 3873 1280 3942 ad
1340 3882 1646 3942 nostram
1729 3875 2105 3962 miseriam,

538 4009 697 4077 quae
729 3992 835 4052 est
884 3982 1382 4067 misericordia,
1427 3981 1518 4050 ibi
1571 4007 1606 4049 ι
1653 3983 1996 4068 Quoniam
2037 3986 2109 4054 in

536 4090 909 4161 saeculum.
952 4118 983 4154 n

629 4197 819 4265 Dicit
853 4219 1022 4287 ergo
1068 4217 1085 4265 τ
1135 4195 1251 4265 Sic
1279 4195 1541 4264 monui·
1570 4202 1646 4263 ut
1686 4195 2108 4266 confiteami-

535 4310 638 4391 ni,
709 4313 779 4374 et
836 4303 1099 4373 debetis
1161 4325 1178 4372 ε
1250 4331 1289 4369 ι
1357 4304 1687 4396 quoniam
1754 4302 1995 4386 bonus,
2065 4330 2101 4372 s

533 4413 812 4508 supple,
845 4421 972 4491 est,
1006 4421 1073 4482 et
1094 4411 1225 4481 hoc
1253 4414 1322 4480 in
1352 4434 1451 4494 se,
1496 4420 1563 4481 et
1588 4435 1711 4504 per
1736 4413 2103 4483 essentiam

535 4546 740 4592 suam
774 4530 842 4588 et
882 4530 1226 4589 naturam.
1269 4517 1513 4587 Matth.
1546 4542 1690 4598 xlx,
1730 4520 1808 4586 Π
1843 4541 1859 4586 :
1911 4521 2104 4589 Unus

533 4631 759 4699 bonus
790 4639 890 4696 cs!
909 4632 1123 4697 Deus.
1158 4627 1269 4712 Et,
1306 4626 1468 4695 Luc.
1491 4650 1680 4703 xvm,
1721 4629 1800 4695 19
1833 4651 1849 4696 :
1884 4629 2101 4697 Nemo

531 4736 758 4806 bonus
794 4733 935 4802 nisi
959 4732 1156 4801 solus
1203 4733 1414 4801 Deus.
1448 4729 1626 4800 Vere
1668 4731 1914 4811 bonus.
1956 4733 2098 4802 imo

530 4846 604 4913 in
633 4841 948 4909 bonitate
984 4839 1386 4908 ditissimus.
1420 4838 1526 4907 Ad
1559 4838 1848 4907 Roman.
1894 4862 1968 4918 n,
1998 4841 2042 4907 4
2075 4862 2092 4908 ε

527 4954 639 5021 An
670 4948 959 5017 divitias
991 4945 1317 5015 bonitatis
1344 4946 1525 5038 eju-5,
1557 4949 2012 5038 etpatientiae,
2033 4959 2101 5016 et

531 5057 1105 5146 Imeqanimilatis
1131 5056 1505 5122 contemnis
1530 5053 1573 5121 Ρ
1600 5053 1681 5121 Et
1713 5078 1971 5135 rursus,
1996 5079 2091 5135 xi,

525 5171 616 5235 22
652 5188 669 5232 :
731 5164 895 5233 Vide
918 5163 1315 5242 bonitatm,
1348 5172 1413 5231 et
1438 5163 1860 5231 severitatem
1891 5165 2045 5232 Dei.

620 5301 656 5333 ιι
699 5272 1051 5357 Quoniam
1082 5271 1155 5338 in
1189 5269 1548 5339 seculum.
1592 5293 1628 5335 s
1662 5268 1869 5350 Quasi
1916 5271 2096 5339 dice-

527 5387 632 5449 ret
668 5398 686 5444 :
723 5375 882 5443 Non
912 5375 1138 5444 solum
1172 5377 1331 5467 quia
1359 5375 1583 5444 bonus
1603 5376 1672 5444 in
1700 5398 1773 5445 se
1801 5376 2094 5446 confite·

600 5607 621 5643 ¹
647 5602 734 5661 Cf.
767 5600 955 5664 exod.
985 5619 1140 5673 xxvi,
1171 5606 1198 5658 ί
1231 5608 1292 5661 et
1316 5622 1443 5678 seq.

2214 3871 2444 3955 audit,
2478 3871 2672 3941 dicat
2702 3894 2726 3939 .·
2771 3871 2932 3936 vem·
3002 3922 3018 3937 .

2303 3978 2433 4048 Vel
2460 3981 2610 4048 sic:
2650 4004 2682 4045 ι
2728 3977 2976 4057 Israel,
3023 4004 3056 4045 ι
3108 3980 3280 4047 sicut
3318 3982 3534 4071 prius,
3592 4007 3626 4047 ι
3668 3982 3772 4052 di-

2208 4095 2322 4155 σαι
2376 4114 2409 4149 n
2474 4085 2751 4155 laudem
2809 4084 3254 4155 confessionis
3319 4087 3645 4167 Domino,
3702 4098 3769 4160 et

2211 4195 2471 4285 statim,
2509 4221 2544 4259 α
2580 4217 2787 4263 nunc.
2827 4219 2861 4257 υ
2921 4193 3186 4263 Daniel.
3237 4217 3332 4271 ιιι,
3368 4199 3452 4263 83
3498 4219 3514 4266 :
3559 4201 3767 4267 Bene-

2209 4300 2397 4369 dicat
2435 4300 2665 4369 Israel
2705 4301 3111 4377 Dominum,
3146 4301 3408 4381 laudet,
3453 4312 3584 4371 etc.
3627 4303 3759 4374 lsa.

2209 4431 2398 4495 axin,
2441 4411 2483 4479 7
2519 4427 2537 4479 :
2570 4409 3098 4479 Miserationum
3129 4411 3412 4477 Domini
3437 4413 3762 4481 recorda-

2208 4517 2357 4599 bor,
2397 4516 2678 4586 laudem
2713 4517 2998 4586 Domini
3022 4541 3226 4610 super
3254 4518 3571 4586 omnibus
3607 4545 3759 4613 qua.-

2207 4625 2515 4695 reddidi!
2559 4624 2758 4693 nobis
2785 4627 3147 4695 Dominus.
3194 4625 3329 4694 Sed
3379 4651 3585 4718 quare
3626 4628 3757 4699 hoc

2204 4733 2386 4802 dicet
2437 4731 2702 4802 Israel?
2734 4732 2847 4802 vel
2892 4733 2980 4802 ad
3018 4732 3145 4801 hoc
3192 4734 3358 4825 quid
3397 4735 3756 4806 suadebit?

2205 4838 2339 4909 hoc
2370 4857 2389 4910 ε
2427 4865 2462 4907 ι
2500 4841 2847 4926 Quoniam
2877 4839 3117 4917 bonus.
3164 4866 3197 4907 ι
3241 4842 3309 4908 in
3342 4864 3415 4908 se
3448 4863 3465 4908 ε
3513 4872 3547 4906 α
3578 4867 3755 4935 quo-

2201 4947 2398 5014 niam
2452 4944 2925 5015 misericordia
2987 4946 3167 5035 ejus.
3219 4971 3252 5012 ι
3300 4947 3383 5014 nd
3426 4970 3576 5021 nos,
3613 4975 3645 5012 ι
3681 4951 3752 5016 in

2198 5053 2559 5133 smculum,
2626 5081 2660 5114 υ
2710 5054 2782 5120 in
2834 5062 3160 5123 eternum
3218 5055 3493 5121 seilicet.
3570 5055 3747 5125 l‘snl.

2199 5183 2314 5242 cu,
2361 5161 2494 5229 17:
2547 5159 3024 5228 Misericordia
3071 5173 3300 5230 autem
3347 5163 3626 5230 Dortiini
3661 5164 3750 5229 ab

2197 5276 2477 5349 oeterno,
2530 5277 2597 5335 et
2644 5289 2858 5358 usque
2913 5269 2982 5336 in
3029 5277 3356 5337 oeternum
3403 5291 3610 5362 super
3654 5273 3751 5338 li-

2198 5385 2454 5443 mentes
2481 5397 2667 5445 eum.
2701 5375 2833 5445 lsa.
2868 5399 3000 5456 mv,
3032 5379 3074 5445 8
3107 5398 3123 5444 ε
3168 5376 3252 5443 In
3281 5378 3750 5447 misericordia

2268 5611 2293 5649 ⁸
2320 5612 2570 5686 Apocal.
2611 5628 2750 5679 xxn,
2774 5613 2863 5671 ¹7.
