5008 6329
1978 391 2682 461 COMMENTARIUS
2732 390 2824 456 IN
2874 390 3311 461 PSALMUM
3365 395 3675 462 CXVIII.

4323 395 4445 462 321

1199 551 1352 646 lua,
1414 588 1448 627 ι
1505 562 2017 653 Scripturarurn
2082 562 2338 631 scilicet
2392 562 2593 640 dicta,
2661 560 2767 625 vel
2883 583 3036 652 ¹47·
3095 565 3419 634 Praeveni
3464 566 3536 635 in
3573 563 4018 648 maturitate,
4062 583 4133 634 et
4164 564 4433 634 clama-

1197 672 1346 762 ipsa
1401 673 1752 762 martyria,
1787 695 1942 763 quae
1997 671 2198 738 video
2244 678 2514 736 sanctos
2556 667 2763 733 fuisse

1193 802 1458 869 passm,
1492 788 1654 847 sunt
1691 780 1865 847 mihi
1930 808 1961 845 α
2003 779 2318 868 aequitaS,
2379 801 2411 840 »
2455 774 2589 841 hoc
2635 782 2760 858 est,

3138 674 3233 755 vi,
3287 674 3456 765 quia
3496 676 3568 745 in
3613 676 3831 744 verba
3873 692 3997 742 tua
4037 695 4431 764 superspe-

3139 803 3311 850 ravi.

1200 889 1540 979 aequitatis
1558 910 1789 957 causa.
1819 887 2036 954 Levit.
2062 906 2251 961 xxw,
2279 885 2362 949 22
2397 905 2412 949 ε
2444 884 2761 973 quuum
2881 890 3033 975 148.
3091 890 3605 959 praevenerunt
3646 888 3837 957 oculi
3892 887 4035 957 mei
4084 887 4174 956 ad
4217 904 4287 957 te
4317 887 4435 956 di-

1189 996 1552 1086 judicium
1596 996 1688 1062 sit
1727 997 1906 1061 inter
1951 1014 2091 1071 vos,
2146 989 2398 1058 seilicet
2440 999 2511 1056 ut
2570 989 2756 1057 nullo

1201 1103 1410 1170 modo
1457 1123 1786 1192 personas
1843 1098 2213 1188 accipiatis.
2277 1096 2550 1166 Denter.
2612 1120 2751 1174 xv1,

1201 1212 1280 1278 19
1308 1233 1323 1277 ε
1357 1211 1515 1278 Νοη
1544 1208 1837 1299 accipies
1853 1227 2254 1297 personam,
2289 1229 2406 1272 nec
2439 1227 2749 1271 trilatera.

1203 1341 1237 1380 α
1295 1316 1733 1393 Teo-limonia,
1791 1338 1824 1377 11
1870 1313 2176 1403 inquam,
2223 1337 2257 1376 α
2292 1321 2413 1378 tua
2445 1312 2516 1377 in
2558 1319 2755 1376 «τίεν-

1209 1445 1442 1490 num»
1499 1442 1847 1503 mansura,
1893 1429 2224 1511 quantum
2263 1418 2349 1485 ad
2386 1418 2633 1508 legem,
2686 1418 2757 1483 in

1200 1537 1537 1598 aeternum
1569 1550 1858 1618 regnum
1913 1527 2252 1610 ducentia,
2297 1532 2629 1615 quantum
2670 1523 2757 1590 ad

1201 1638 1552 1728 martyria.

1292 1770 1326 1809 α
1373 1744 1812 1812 Intellectum
1850 1742 1943 1809 da
1991 1742 2187 1818 mihi,
2243 1764 2275 1805 »
2328 1748 2394 1808 et
2444 1739 2638 1828 legis,
2690 1745 2758 1806 et

1202 1852 1515 1920 utilitatis
1566 1852 2081 1941 martyriorum.
2126 1847 2187 1915 11
2238 1846 2459 1915 Paral.
2514 1870 2560 1922 1,
2609 1848 2688 1914 10
2736 1868 2751 1913 ε

1203 1962 1313 2028 Da
1367 1960 1546 2026 milti
1598 1958 2017 2049 sapientiam
2071 1965 2138 2023 et
2193 1954 2753 2044 itztelliqetztiam,

1198 2077 1277 2135 ut
1350 2066 1706 2156 inqrediar
1753 2074 1819 2134 et
1865 2064 2183 2156 eqrediar
2218 2085 2448 2130 coram
2486 2061 2753 2154 populo

1202 2186 1344 2243 tu0.
1388 2174 1608 2244 Aliter
1636 2196 1776 2243 non
1808 2196 2089 2263 possum
2118 2171 2290 2240 bene
2324 2173 2392 2238 in
2423 2172 2752 2262 regimine

1199 2283 1433 2375 populi
1468 2285 1879 2351 ministrare.
1933 2279 2259 2349 Proverb.
2305 2304 2351 2360 1,
2393 2282 2432 2348 5
2477 2302 2492 2348 :
2536 2280 2753 2348 Intel-

1203 2391 1422 2481 liqens
1463 2387 1943 2481 qubernacula
1980 2386 2378 2480 possidebit.
2437 2385 2545 2463 Et,
2607 2408 2748 2464 xus,

1197 2501 1282 2569 35
1328 2520 1344 2566 ε
1405 2500 1738 2589 Acceptus
1784 2503 1883 2564 est
1929 2496 2076 2585 reqi
2128 2496 2440 2561 minister
2493 2492 2752 2559 intelli·

1192 2630 1382 2697 qens.
1422 2632 1456 2671 α
1482 2608 1577 2674 Et
1600 2631 1634 2670 ι
1666 2605 1765 2674 sic
1796 2631 1829 2666 «
1856 2605 2109 2683 vivom,
2146 2629 2180 2668 ι
2221 2605 2363 2670 vita
2398 2603 2636 2693 gratiae
2677 2602 2749 2667 in

1196 2714 1544 2805 praesenti,
1586 2720 1653 2781 et
1689 2712 1831 2780 vita
1861 2710 2096 2802 gloriae
2127 2711 2196 2778 in
2224 2709 2475 2777 futuro.

1286 2932 1460 3001 Vide
1488 2953 1653 3023 ergo
1692 2928 2043 3021 quomodo
2082 2927 2193 2996 hic
2228 2926 2334 2994 sui
2367 2932 2746 3002 accusator,

1195 3051 1264 3111 et
1291 3040 1545 3111 zelator
1582 3038 2020 3116 fortissimus,
2054 3044 2122 3105 et
2167 3041 2485 3104 constans
2514 3034 2585 3100 in
2624 3033 2750 3101 tri-

1194 3151 1544 3221 bulatione
1593 3158 1661 3219 et
1706 3148 2110 3237 dejectione,
2163 3153 2436 3215 maneat
2479 3163 2750 3235 semper

1196 3263 1265 3329 in
1297 3261 1644 3350 aequitate,
1684 3265 1754 3325 et
1800 3264 2152 3346 tamquam
2205 3252 2593 3322 consolatus
2632 3273 2747 3341 pe-

1191 3377 1290 3439 tat
1381 3365 1903 3456 intelligentiam
1978 3386 2247 3454 semper
2315 3359 2739 3452 ampliorem,

1191 3485 1266 3544 ut
1304 3476 1402 3543 sic
1449 3482 1853 3564 assequatur
1890 3472 2106 3539 vitam
2159 3491 2175 3539 ε
2227 3467 2406 3536 unde
2445 3489 2583 3535 non
2639 3489 2747 3534 ca·

1191 3583 1290 3652 dit
1315 3604 1438 3673 per
1474 3581 2046 3671 desperationem,
2099 3575 2411 3668 quamvis
2450 3573 2746 3643 tabescat

1188 3698 1470 3781 propter
1551 3685 1798 3766 malos,
1866 3683 1985 3754 sed
2059 3683 2450 3753 consolatur
2525 3681 2744 3771 magis

1191 3806 1471 3890 propter
1514 3797 1821 3865 divinam
1863 3793 2231 3884 justitiam,
2273 3800 2338 3859 et
2375 3790 2622 3858 divinae
2654 3789 2746 3858 le·

1192 3909 1298 3997 gis
1326 3908 1711 3974 veritatem.
1766 3902 1962 3971 Unde
1992 3900 2103 3970 hic
2122 3899 2542 3992 praeponitur
2570 3897 2744 3966 litte-

1193 4046 1269 4092 ra
1306 4046 1469 4092 sana
1509 4014 1688 4110 (B),
1722 4021 1908 4112 quod
1936 4015 2745 4108 interpretaturconsola-

1193 4131 1314 4198 tio.

1805 4664 2007 4738 com
2036 4665 2154 4804 ‹p›

1203 5102 1374 5187 145.
1428 5090 1756 5167 Clamavi
1791 5088 1862 5159 in
1896 5086 2281 5159 totocorde
2315 5106 2477 5156 meo
2510 5105 2754 5154 :exau-

1471 5200 1545 5270 di
1600 5221 1747 5283 me,
1794 5193 2105 5266 Domine
2157 5189 2751 5285 :justificationes

1471 5325 1636 5378 tuas
1678 5302 2072 5397 requiram.

1212 5421 1370 5506 146.
1425 5413 1752 5490 Clamavi
1797 5411 1887 5483 ad
1929 5429 2000 5482 te
2044 5430 2063 5481 :
2115 5409 2393 5479 salvum
2441 5428 2557 5478 me
2613 5405 2748 5488 sac,

1475 5543 1553 5595 ut
1585 5521 1995 5595 custodiam
2037 5515 2375 5590 mandata
2397 5534 2542 5586 tua.

1273 5765 1291 5801 ¹
1322 5759 1408 5818 Cf.
1433 5756 1711 5831 superius
1738 5753 2088 5810 divisionem
2138 5753 2277 5806 ante
2316 5744 2751 5821 expositionem

1484 5888 1604 5934 XVI!

3136 994 3404 1077 Iucu10‚
3511 1013 3590 1064 ut
3671 993 4066 1063 meditarer
4144 993 4434 1084 eloquia

3136 1123 3283 1174 tua.

2878 1234 3033 1301 ¹49·
3089 1211 3359 1280 Vocem
3432 1233 3673 1281 meam
3758 1210 3929 1279 audi
4023 1210 4430 1291 secundum

3133 1316 3710 1387 misericordiam
3785 1334 4016 1397 tuam,
4082 1316 4420 1395 Domine,

3127 1442 3195 1493 et
3243 1423 3643 1492 secundum
3680 1422 4033 1512 judicium
4065 1438 4277 1491 tuum
4317 1421 4427 1490 vi-

3130 1533 3336 1603 vifica
3372 1555 3513 1602 me.

2873 1648 3030 1713 150.
3084 1639 3881 1733 Appropinquaverunt
3904 1657 4421 1732 persequentes

3130 1770 3247 1817 me
3290 1746 3689 1839 iniquitati.
3735 1747 3960 1838 alege
4008 1762 4256 1816 autem
4294 1762 4418 1816 tua

3128 1857 3341 1948 longe
3363 1856 3529 1925 facti
3581 1873 3781 1925 sunt.

2871 1969 3025 2036 151.
3084 1964 3319 2055 Prope
3366 1985 3442 2031 es
3486 1981 3594 2047 tu,
3654 1959 3995 2037 Domine,
4051 1976 4121 2030 et
4158 1980 4415 2029 omnes

3128 2068 3263 2139 viae
3294 2073 3435 2139 tuae
3475 2067 3766 2138 veritas.

2869 2181 3022 2249 152.
3064 2174 3283 2246 Initio
3314 2174 3617 2267 cognovi
3654 2173 3743 2242 de
3777 2169 4412 2251 testimoniistuis,

3127 2282 3298 2376 quia
3326 2281 3400 2352 in
3434 2300 3791 2352 aeternum
3824 2279 4148 2350 fundasti
4190 2302 4298 2350 ea.

3443 2837 3609 2882 001’11
3661 2806 3820 2943 (Ρ)

2943 3284 2977 3323 α
3041 3257 3360 3328 Clamavi
3405 3259 3476 3325 in
3535 3267 3701 3324 toto.
3760 3283 3793 3319 n
3850 3254 4042 3324 Sicut
4100 3257 4420 3346 superius

2849 3368 3106 3436 dictum
3134 3367 3263 3436 fuit
3309 3369 3378 3435 in
3411 3396 3446 3431 α
3487 3365 3858 3436 Mirabilia
3899 3361 4324 3448 testimonia}
4378 3398 4412 3433 »o

2848 3486 2954 3545 etc
2997 3478 3043 3546 ¹.

2939 3583 3313 3674 Postquam
3380 3591 3608 3652 actum
3659 3591 3763 3650 est
3811 3581 3895 3650 de
3954 3584 4203 3650 merito
4254 3604 4417 3672 per-

2845 3691 3178 3760 fectorum
3239 3691 3307 3758 in
3365 3699 3547 3758 statu
3605 3688 4045 3781 perfectionis
4114 3691 4413 3780 proprie,

2846 3797 2958 3868 hic
3020 3797 3459 3889 subjungitur
3518 3797 3601 3865 de
3643 3799 3891 3865 merito
3949 3795 4412 3886 perfectorum

2847 3906 3075 3998 quoad
3113 3913 3367 3974 statum
3405 3906 3722 3981 actionis,
3779 3904 3896 3995 qui
3947 3905 4094 3971 sive
4138 3905 4206 3972 in
4258 3926 4413 3995 pro·

2845 4014 3167 4106 speritate
3215 4014 3375 4091 sint,
3417 4012 3563 4079 sive
3603 4012 3676 4078 in
3707 4011 4151 4090 adversitate,
4178 4017 4408 4078 tamen

2846 4144 2967 4191 cor
2993 4117 3247 4189 habent
3277 4141 3548 4211 semper
3570 4118 3658 4186 ad
3687 4116 3913 4209 legem
3941 4116 4099 4197 Dei,
4123 4123 4192 4186 et
4219 4139 4416 4186 man-

2847 4228 3009 4298 data
3081 4227 3295 4318 ipsius
3387 4223 3848 4317 adimplenda.
3921 4223 4162 4294 Primo
4247 4246 4413 4317 ergo

2849 4336 3156 4430 tangitur
3192 4334 3515 4404 meritum
3569 4335 3882 4425 ipsorum
3922 4333 3994 4402 in
4033 4340 4218 4403 statu
4245 4355 4419 4428 pro-

2850 4442 3215 4537 speritatis.
3282 4439 3629 4520 Secundo,
3685 4439 4121 4510 adversitatis
4186 4440 4257 4509 in
4299 4462 4418 4511 se-

2852 4551 3090 4644 quenti
3143 4549 3523 4628 octonario,
3567 4547 3691 4630 ibi,
3741 4556 3808 4626 7.
3871 4548 4002 4618 153
4059 4570 4078 4617 ε
4146 4573 4183 4615 ι
4250 4547 4417 4618 Vide

2850 4658 3345 4728 humilitatem.
3378 4687 3410 4720 ι

2944 4765 3021 4834 111
3061 4766 3283 4857 prima
3313 4772 3690 4856 tanguntur
3742 4762 3892 4831 tria.
3938 4761 4206 4842 Primo,
4245 4784 4419 4832 con-

2852 4876 3083 4945 titetur
3120 4896 3194 4943 se
3237 4895 3467 4942 orasse
3514 4872 3862 4942 ferventer
3909 4893 4034 4963 pro
4083 4871 4258 4964 legis
4303 4871 4420 4940 iu-

2854 4983 3232 5076 telligentia
3311 4989 3379 5053 et
3455 4979 3976 5073 adimpletione.
4069 4977 4417 5063 Secundo,
4541 5042 4549 5049 .

2854 5093 3211 5169 instanter,
3246 5090 3364 5169 ibi,
3403 5099 3469 5169 5.
3512 5090 3635 5158 147
3672 5113 3689 5160 :
3735 5117 3770 5152 α
3806 5089 4118 5158 Praevem‘
4156 5087 4229 5155 in
4275 5109 4426 5155 ma·

2855 5199 3164 5266 tur-itote.
3210 5220 3245 5262 ι
3275 5196 3526 5273 Tertio,
3580 5195 3809 5265 adhuc
3853 5194 4227 5286 persistens
4269 5202 4422 5263 orat

2852 5302 3301 5383 confidenter,
3389 5298 3508 5379 ibi,
3585 5307 3652 5379 γ.
3746 5299 3871 5368 149
3955 5320 3973 5368 z
4053 5325 4087 5359 «
4186 5298 4423 5367 Vocem

2858 5434 3110 5480 meam.
3148 5436 3184 5474 n

2947 5520 3025 5588 ln
3084 5519 3305 5612 prima
3360 5516 3524 5584 duo.
3596 5514 3861 5596 Primo,
3928 5515 4301 5583 confitetur
4353 5535 4427 5582 se

2858 5749 2913 5821 5·
2953 5748 3076 5805 129.
4022 5801 4029 5808 ,
4121 5799 4284 5821 ,..,

4069 5855 4136 5912 21
