5008 6329
666 297 794 363 450

666 462 803 530 brae
851 460 1115 535 mortis,
1155 457 1285 524 lua·
1339 465 1492 523 orta
1550 467 1644 523 est
1673 458 1790 523 eis.
1836 455 1899 522 Π
1939 455 2025 521 ad
2083 455 2222 524 Co-

665 566 869 636 rinth.
906 588 1000 642 ιν.
1042 565 1081 631 6
1120 587 1134 630 :
1186 566 1367 631 Deus
1415 566 1538 655 qui
1576 565 1758 631 ‹lazzit
1802 565 1884 631 de
1931 563 2220 630 tenebris

664 679 886 742 lucem
909 673 1399 763 splendescere,
1433 677 1576 765 ipse
1606 674 1851 740 illuxit
1895 672 2220 739 cordibus

661 784 922 848 vestris.
952 808 983 843 «
1019 784 1114 849 Et
1143 805 1309 860 ηοω,
1348 808 1379 842 »
1406 780 1811 870 peccati,vel
1836 776 2047 844 horno
2074 800 2217 865 pec-

660 898 875 968 cator,
928 914 962 956 a
998 889 1523 957 illuminabitur
1560 909 1603 952 a
1650 896 1737 968 te,
1770 913 1803 944 »ι
1845 906 2008 950 vera
2043 884 2214 965 luce,

664 1027 695 1060 «
729 999 909 1064 sicut
947 997 1090 1064 dies
1122 1019 1144 1062 .·
1208 1020 1241 1060 ι)
1286 1014 1524 1060 omnes
1589 992 1771 1059 enim
1840 990 2211 1057 illuminas,

657 1107 861 1174 Joan.
897 1129 942 1184 1,
1003 1106 1087 1173 9:
1150 1103 1519 1170 Illuminat
1558 1123 1824 1168 omnem
1870 1101 2217 1167 hominem

656 1214 1031 1280 venientem
1068 1212 1140 1276 in
1180 1210 1363 1277 hunc
1392 1209 1754 1276 mundum.
1792 1207 1947 1275 Non
1989 1207 2213 1275 solum

643 1322 873 1407 justos
900 1327 966 1385 et
1008 1319 1409 1385 innocentes
1461 1316 1822 1393 illuminat,
1858 1315 1976 1382 sed
2007 1317 2213 1382 etiam

653 1434 1069 1517 peccatores,
1115 1424 1361 1493 Matth.
1406 1447 1502 1502 ιιι,
1542 1425 1621 1491 13
1658 1446 1673 1489 :
1726 1425 1881 1490 Non
1915 1425 2073 1489 veni
2103 1446 2212 1489 vo-

651 1556 809 1600 care
823 1533 1086 1622 justoS,
1111 1531 1237 1597 sed
1255 1539 1665 1619 peccatores,
1698 1527 1942 1595 Ezech.
1970 1550 2206 1603 xxxm,

657 1642 728 1708 ll
767 1662 782 1706 :
815 1638 998 1707 Nolo
1038 1648 1327 1704 mortem
1367 1636 1593 1725 impii,
1617 1634 1740 1701 sed
1768 1643 1844 1701 ut
1867 1644 2212 1702 converta-

650 1757 770 1814 tur
799 1746 1058 1837 impius
1080 1770 1123 1814 a
1154 1746 1269 1812 via
1298 1766 1454 1821 sua,
1476 1755 1539 1810 et
1568 1744 1754 1810 vivat
1789 1744 1832 1809 ¹.
1866 1742 2022 1819 Vel,
2082 1765 2211 1808 no-

649 1865 823 1921 ctem
872 1851 1171 1942 appellat
1200 1851 1313 1919 hic
1361 1850 1867 1927 adversitatem,
1911 1859 1977 1917 et
2027 1850 2207 1916 diem

645 1962 1197 2054 prosperitatem,
1235 1982 1387 2050 quae
1426 1958 1563 2026 duo
1596 1967 1754 2025 sunt
1795 1960 1863 2024 in
1904 1955 2029 2024 hac
2071 1959 2204 2024 nii·

648 2092 802 2136 sera
833 2069 974 2135 vita
1009 2090 1024 2134 ε
1060 2066 1176 2135 sed
1213 2066 1397 2134 Deus
1436 2074 1800 2154 utramque
1829 2064 2202 2142 illuminat,

645 2178 975 2268 qnoniam
1016 2175 1459 2244 stabilitatem
1512 2176 1758 2241 animae
1790 2173 1928 2250 dat,
1965 2173 2107 2240 sive
2136 2175 2204 2239 in

642 2285 1113 2360 adversitates,
1149 2284 1387 2350 sivein
1447 2281 1919 2372 prosperitate.
1961 2280 1981 2344 l
2031 2279 2197 2370 [teg.

642 2417 685 2466 ι,
739 2391 861 2458 18:
913 2390 1157 2457 Vultus
1185 2389 1387 2456 itlius
1416 2410 1553 2455 non
1590 2396 1753 2453 sunt
1782 2387 2092 2475 amplius
2131 2388 2204 2454 in

638 2499 911 2565 diversa
951 2497 1230 2564 mutati.
1276 2494 1383 2562 Ad
1411 2492 1667 2585 Philip.
1703 2516 1797 2574 lv,
1836 2496 1907 2559 11
1958 2503 2024 2560 et
2074 2496 2196 2560 12:

640 2607 794 2693 qu
860 2602 1100 2680 didici,
1149 2603 1220 2668 in
1303 2599 1554 2691 quibus
1606 2623 1786 2677 sum,
1846 2600 2204 2690 sufficiens

636 2736 797 2780 esse.
850 2713 1008 2781 Scio
1082 2720 1146 2778 et
1200 2707 1591 2785 humiliari,
1658 2708 1795 2774 scio
1862 2717 1926 2773 et
1974 2705 2201 2773 abun-

635 2820 828 2887 dare.

728 2950 761 2991 α
800 2926 1002 2994 Sicut
1064 2922 1353 2991 tenebrae
1382 2922 1562 3012 ejus,
1610 2948 1645 2984 n
1687 2920 1894 3011 hujus
1943 2919 2203 2989 scilicet

628 3036 790 3103 vitae
822 3032 1291 3112 adversitates,
1329 3058 1358 3093 α
1389 3032 1489 3098 ita
1518 3039 1582 3097 et
1613 3029 1846 3098 lumen
1875 3028 2100 3119 ejus,»
2129 3026 2200 3095 id

1655 286 1738 353 D.
1791 284 1991 351 ALB.
2037 285 2255 354 MAG.
2310 286 2515 357 ORD.
2571 288 2861 355 PRAED.

2335 456 2454 525 bes
2497 461 2563 524 in
2620 468 2732 525 tua
2775 469 3128 550 potestate.
3160 462 3413 530 Jerem.
3451 488 3565 536 xx.
3607 468 3685 530 12
3721 488 3735 532 ε
3780 466 3872 531 Et

2335 574 2434 639 tu,
2491 568 2778 631 Domine
2814 570 3259 643 exercituum,
3297 571 3631 661 probator
3656 572 3867 658 justi,

2334 674 2455 759 qui
2486 673 2665 737 vides
2705 696 2887 739 renes
2916 682 2977 739 et
3006 700 3140 742 cor.
3193 678 3274 744 Et
3316 681 3522 746 etiam
3576 704 3609 745 α
3639 702 3870 747 susce-

2337 799 2368 836 «
2397 775 2566 863 pisti
2604 798 2729 858 me,
2769 803 2799 840 »
2836 788 3156 868 tanquam
3192 791 3411 863 tuum,
3438 793 3505 851 et
3536 807 3576 850 a
3606 793 3671 850 te
3700 805 3870 849 con-

2331 882 2762 961 servandum,
2828 913 2859 946 «
2930 887 3011 952 cle
3059 898 3248 954 utero
3304 892 3550 957 matris
3598 913 3783 957 mese.
3831 915 3864 955 ι)

2333 986 2576 1077 Supra,
2623 991 2685 1056 in
2728 991 2902 1059 Psal.
2939 1016 3075 1069 xxi,
3129 997 3244 1062 11:
3290 998 3373 1063 In
3422 1007 3487 1064 te
3516 998 3868 1088 projectus

2324 1120 2477 1164 sum
2518 1122 2600 1165 ex
2656 1110 2866 1179 utero,
2912 1103 2995 1169 de
3031 1113 3257 1172 ventre
3303 1107 3548 1173 matris
3586 1127 3751 1173 meae
3792 1115 3867 1172 tu

2326 1227 2392 1270 es
2417 1218 2760 1295 susceptor
2787 1230 2997 1276 meuS.

2412 1310 2564 1389 Vel,
2608 1316 2977 1384 secundum
3018 1318 3222 1386 aliam
3263 1319 3625 1389 lecturam:
3673 1320 3865 1392 Sicut

2323 1423 2756 1509 prosperitaS,
2807 1427 2902 1492 sie
2950 1427 3361 1496 adversitas:
3426 1430 3495 1495 in
3539 1432 3859 1500 omnibus

2325 1534 2386 1593 te
2461 1526 2744 1596 faciente
2791 1531 3254 1601 illuminamur
3309 1545 3376 1602 et
3441 1546 3726 1606 stamus,
3776 1539 3858 1606 Et

2321 1630 2452 1700 hoc
2509 1644 2630 1713 est,
2682 1659 2722 1704 o
2762 1637 3076 1720 Domine,
3138 1667 3170 1707 ι
3205 1645 3536 1732 quoniam
3584 1653 3661 1711 tu
3693 1669 3858 1736 pos-

2317 1742 2554 1808 sedisti
2609 1767 2791 1811 rcnes
2847 1769 3049 1825 meos,
3087 1774 3120 1812 ι)
3175 1772 3532 1838 possessor
3561 1774 3680 1840 per
3707 1774 3857 1843 gra-

2321 1849 2483 1915 tiam
2528 1873 2826 1919 mearum
2856 1855 3292 1924 affectionum
3352 1858 3563 1937 fuisti,
3625 1869 3702 1929 ut
3757 1885 3855 1930 re-

2321 1956 2655 2045 stringens
2696 1961 2761 2026 in
2809 1984 2917 2029 me
2984 1986 3256 2031 omnem
3305 1964 3673 2035 luxuriam.
3723 1967 3856 2037 Sa-

2316 2061 2527 2149 pient.
2569 2086 2713 2141 vin,
2756 2067 2831 2132 21
2867 2091 2881 2134 :
2923 2070 3019 2135 Et
3048 2080 3125 2136 ut
3158 2072 3328 2138 scivi
3354 2076 3685 2161 quoniam
3723 2075 3856 2142 ali-

2316 2178 2415 2236 ter
2443 2195 2574 2238 non
2608 2196 2870 2262 possem
2901 2199 3037 2244 esse
3083 2181 3455 2259 continens,
3491 2184 3628 2249 nisi
3665 2186 3854 2252 Deus

2313 2275 2448 2345 det.
2483 2286 2609 2344 etc.
2678 2278 2999 2347 l‘roverb.
3056 2306 3194 2360 xx1,
3235 2289 3264 2353 1
3300 2309 3316 2353 ε
3383 2288 3516 2357 Cor
3562 2292 3742 2381 reqis
3780 2293 3849 2357 in

2313 2406 2525 2450 marm
2560 2387 2866 2453 Domini.
2905 2389 3115 2458 Levit.
3159 2415 3257 2474 ιιι,
3309 2396 3350 2460 4
3408 2404 3472 2462 et
3513 2399 3598 2465 5:
3661 2399 3854 2464 Reti-

2309 2489 2542 2556 culum
2578 2491 2834 2580 jecoris
2886 2518 3041 2562 cum
3097 2500 3516 2578 renunculis,
3574 2523 3850 2571 omnem

2310 2597 2561 2664 scilicet
2592 2598 3105 2670 delectationem
3150 2606 3570 2688 interiorem,
3603 2609 3849 2678 adole-

2312 2703 2479 2770 bunt
2527 2729 2607 2773 ea
2659 2731 2868 2801 super
2920 2711 3145 2779 altare
3199 2715 3270 2780 in
3335 2716 3844 2797 holocaustum,

2309 2818 2432 2876 etc.
2472 2810 2555 2878 Hi
2593 2824 2750 2880 sunt
2782 2839 2996 2895 reneS,
3036 2817 3119 2885 de
3150 2820 3424 2910 quibuS,
3470 2821 3685 2891 Exod.
3722 2846 3843 2905 xn,

2310 2919 2382 2984 11
2421 2940 2436 2984 :
2473 2922 2684 2989 Renes
2719 2934 2969 2991 cestros
2997 2929 3382 3016 accinqetis.

2396 3048 2429 3087 ι
2471 3025 2843 3118 Suscepisti
2878 3053 3005 3107 me,
3043 3057 3077 3098 »
3155 3055 3427 3102 sursum
3497 3037 3584 3105 ad
3613 3046 3679 3106 te
3744 3061 3850 3109 ce-

626 3149 753 3220 est,
788 3139 1298 3232 prosperitates.
1335 3136 1663 3205 Proverb.
1699 3159 1818 3215 ιω,
1858 3137 1934 3203 21
1969 3157 1985 3204 :
2039 3137 2196 3205 Non
2303 3130 2485 3220 [118ίί,
2524 3160 2554 3198 11
2599 3134 2682 3202 de
2720 3147 2931 3217 utero,
2986 3164 3019 3204 ¹0
3052 3140 3134 3209 de
3174 3143 3665 3216 consuetudine
3694 3170 3847 3238 pra·

625 3249 1063 3319 contristabit
1099 3248 1384 3339 justum
1432 3247 1779 3338 quidquid
1816 3247 1881 3315 ei
1936 3245 2196 3315 accide-
2300 3258 2411 3315 va,
2447 3240 2513 3306 111
2554 3264 2684 3331 qua
2728 3245 3064 3333 jacebam,
3102 3275 3135 3313 ⁸
3168 3253 3415 3319 ”1011'1’5
3442 3275 3631 3338 meae,
3665 3283 3696 3317 ’⁹
3744 3257 3844 3323 Ci-

625 3362 742 3428 rit.
776 3355 1108 3425 proverb.
1154 3357 1505 3433 xxvm,1:
1556 3357 1801 3423 Justus
1851 3355 2057 3445 quasi
2088 3354 2193 3421 leo
2300 3345 2526 3413 vitatis
2592 3349 3042 3441 Babylonicae,
3080 3358 3147 3422 in
3206 3380 3340 3447 qua
3387 3362 3608 3428 mansi
3658 3372 3841 3429 tam-

622 3465 1003 3555 confideus,
1037 3464 1297 3555 absque
1325 3474 1581 3531 terrore
1607 3464 1758 3529 erit.
1785 3461 2005 3530 Exod.
2040 3484 2184 3537 xni.
2298 3473 2503 3542 quum
2573 3455 2772 3524 filius·
2836 3457 2964 3526 ¹⁸8·
3026 3483 3181 3539 ¹¹³¹,
3235 3466 3259 3531 ¹
3295 3487 3315 3530 -·
3384 3467 3562 3534 Ecce
3604 3491 3839 3536 servu-⁹

621 3578 708 3642 22
750 3581 813 3640 Ν
847 3595 1022 3664 seq„
1072 3572 1411 3639 Dominus
1448 3570 1561 3639 dat
1594 3571 1736 3637 suis
1790 3567 2185 3638 columnam
2294 3579 2511 3642 meus,
2540 3566 2914 3654 suscipiam
2943 3589 3120 3636 eum.
3163 3569 3272 3648 Et,
3306 3593 3443 3653 xm,
3492 3575 3571 3642 10
3596 3596 3618 3640 .·
3661 3576 3839 3643 Sus-

616 3680 823 3749 nubis
853 3679 924 3746 in
952 3680 1089 3760 die,
1124 3687 1195 3748 et
1234 3679 1412 3770 ignis
1460 3677 1749 3744 lucentis
1811 3677 1878 3743 in
1955 3684 2182 3755 nocte,
2290 3668 2466 3755 cepit
2494 3676 2557 3735 tc
2583 3669 2861 3740 ‹lea-tera
2876 3676 3065 3742 Justi
3081 3679 3236 3744 mei.
3270 3678 3380 3746 Ad
3400 3678 3688 3760 Galam,
3717 3684 3831 3753 15:

615 3797 688 3856 ut
722 3789 792 3854 in
822 3794 1111 3877 utraque
1140 3786 1279 3854 sint
1313 3785 1487 3854 bene
1517 3784 1830 3855 instituti.
2294 3774 2463 3845 Cum
2494 3788 2720 3848 aulem
2742 3783 3014 3873 placuit
3073 3787 3138 3853 ei
3171 3788 3298 3877 qui
3322 3811 3432 3858 me
3455 3794 3838 3882 seqreyavit

2286 3906 2373 3952 ex
2401 3896 2590 3955 utero
2619 3893 2861 3959 matris
2901 3916 3087 3974 meoe,
3131 3904 3258 3965 etc.

716 4130 749 4160 α
785 4100 970 4185 Quia
998 4108 1075 4166 tu
1094 4097 1488 4188 possedisti.
1523 4123 1554 4157 υ
1603 4096 1730 4165 Hic
1767 4095 2173 4174 secundum,

614 4207 874 4275 scilicet
912 4204 1228 4297 probatio
1270 4204 1496 4295 primi,
1540 4204 1726 4295 quod
1783 4203 1989 4272 latere
2037 4205 2177 4271 sci·
2379 4235 2412 4267 α
2444 4206 2822 4295 Confitebor
2858 4207 3004 4277 tibi.
3045 4233 3080 4274 ι
3131 4209 3258 4279 nic
3305 4222 3408 4280 est
3438 4214 3635 4282 tertia
3663 4237 3820 4306 pars
3950 4245 4074 4312 ¹⁴

611 4315 770 4384 licet
802 4336 945 4381 non
1004 4314 1218 4403 possit
1275 4313 1343 4378 iu
1378 4311 1698 4386 tenebris,
1736 4312 1875 4378 imo
1911 4311 2055 4400 ipse
2086 4312 2175 4379 sit
2278 4312 2665 4404 principalis
2696 4314 2972 4392 Psalmi,
3011 4318 3075 4383 in
3116 4339 3250 4408 qua
3279 4319 3599 4397 ostendit,
3635 4322 3819 4412 quod
3844 4340 4164 4444 τοξιιιῶιη
4205 4361 4218 4368 -

605 4448 803 4517 :eque
877 4423 1193 4513 cognitus
1259 4443 1300 4488 a
1353 4419 1522 4500 Dee,
1571 4420 1746 4487 sicut
1800 4421 1872 4487 in
1919 4420 2054 4488 die.
2093 4420 2175 4489 Et
2278 4441 2414 4487 non
2483 4421 2806 4490 recedeta
2878 4422 3045 4505 Dee,
3087 4424 3201 4493 sed
3261 4426 3482 4517 magis
3512 4425 3819 4498 laudabit
3938 4411 3997 4445 ⁸⁸
4084 4432 4098 4445 ⁰

603 4529 854 4624 probat
910 4528 1040 4597 hoc
1107 4550 1231 4619 per
1276 4526 1438 4594 duo.
1475 4525 1735 4596 Primo.
1780 4548 1901 4616 per
1954 4524 2174 4594 donni·
2276 4535 2551 4616 propter
2585 4528 2932 4608 beneficia,
3000 4541 3064 4597 et
3113 4531 3373 4621 largam
3435 4533 3646 4623 ipsius
3690 4535 3817 4603 mi·

604 4642 827 4713 nium,
872 4645 939 4706 et
973 4635 1477 4727 possessionem
1519 4633 1767 4701 cordis.
1818 4633 2164 4716 Secundo,
2273 4637 2732 4705 sericordiam.
2763 4637 2914 4703 Tria
2952 4660 3115 4729 ergo
3165 4638 3508 4710 dicuntur.
3550 4642 3812 4725 Primo,

601 4768 724 4840 per
751 4744 1185 4811 eductionem
1217 4742 1523 4809 deutero
1564 4740 1852 4830 propriae
1902 4742 2164 4820 matris,
2274 4745 2606 4836 promittit
2659 4742 2948 4812 laudem.
3040 4746 3383 4827 Secundo,
3460 4749 3814 4844 subjungit

603 4855 724 4926 ibi.
761 4876 798 4917 ι
832 4851 1213 4941 Suscepisti
1240 4871 1371 4916 me.
1407 4878 1438 4912 n

695 4958 871 5027 Dicit
904 4978 1111 5047 ergo:
1152 4956 1267 5023 Sic
1315 4955 1483 5037 dixi,
1526 4953 1712 5045 quod
1756 4953 1930 5021 sicut
1969 4961 2166 5023 tene-

599 5068 763 5147 brae,
802 5069 892 5132 ita
924 5076 990 5132 et
1051 5064 1326 5131 lumen:
1371 5071 1438 5132 et
1484 5086 1520 5131 e
1566 5064 1935 5141 contrario,
1980 5065 2161 5133 unde

595 5176 688 5244 ibi
742 5174 950 5242 latere
1014 5194 1155 5240 non
1213 5194 1521 5264 possum.
1568 5197 1601 5236 ι
1642 5174 1824 5256 Quia
1872 5184 1950 5240 tu
1990 5196 2161 5264 pos-

588 5281 836 5350 sedisti
874 5303 1062 5347 renes
1092 5302 1299 5356 meos,
1341 5308 1373 5340 »ι
1410 5277 1473 5345 id
1506 5287 1632 5358 est,
1667 5280 2024 5346 interiores
2063 5280 2158 5347 af-

591 5389 920 5458 fectiones
960 5408 1172 5467 iiieaS,
1208 5394 1275 5455 et
1310 5384 1699 5454 voluntates
1756 5407 2000 5454 omnes
2039 5385 2154 5453 lia·

2271 4848 2487 4917 laudis
2529 4850 2976 4918 universalem
3004 4852 3360 4934 rationem,
3395 4853 3515 4934 ibi,
3556 4885 3589 4919 «
3626 4859 3810 4942 Quia

2269 4958 2688 5027 terribiliter.
2728 4986 2759 5021 n
2797 4959 3049 5040 Tertio,
3092 4960 3440 5031 descendit
3471 4973 3538 5033 et
3593 4969 3810 5056 speci-

2267 5064 2418 5132 ficat
2450 5067 2659 5142 illam,
2703 5067 2819 5140 ibi.
2856 5096 2886 5123 u
2931 5069 3025 5134 Et
3064 5069 3302 5136 anima
3339 5093 3521 5138 mea.
3554 5099 3585 5134 n

2355 5171 2529 5240 Dicit
2566 5194 2727 5262 ergo
2757 5193 2772 5239 :
2813 5172 3041 5241 Tantae
3064 5179 3385 5265 potentiae
3424 5199 3523 5254 es,
3558 5177 3805 5248 Domi-

2262 5308 2371 5359 ne.
2418 5297 2480 5354 et
2540 5295 2740 5354 tanta*
2805 5290 3173 5377 sapientiae,
3208 5314 3346 5359 non
3414 5313 3693 5381 possum
3735 5304 3801 5364 te

2259 5393 2579 5484 effugere,
2604 5393 2710 5462 vel
2747 5393 2951 5464 latere
2984 5417 3001 5465 ε
3035 5406 3313 5488 propter
3341 5397 3473 5467 hoc
3500 5421 3630 5491 ego
3660 5424 3800 5471 ιιοιι

664 5625 681 5659 ¹
704 5619 794 5678 Cf.
837 5616 1130 5675 Ezechiel.
1161 5633 1323 5687 mn,
1359 5619 1451 5675 2³.
