5008 6329
654 334 781 401 248

649 525 769 593 per
808 511 1027 571 totum
1058 502 1461 570 Levitieum.
1510 502 1594 569 Et
1643 503 1713 569 in
1770 503 2021 571 talibus
2078 526 2205 571 ne-

653 612 944 679 cessaria
1009 618 1110 676 est
1163 607 1359 675 valde
1438 609 1819 690 meditatio,
1882 621 1950 680 et
2006 611 2205 679 valde

653 719 927 809 placens
976 718 1148 784 De0.
1196 715 1446 807 Supra,
1491 722 1560 786 in
1602 720 1785 788 Psal.
1820 744 2008 799 xvut,
2057 723 2136 787 15
2181 741 2196 785 ε

655 829 751 894 Ee
810 835 1009 892 erunt
1076 833 1151 891 ut
1209 827 1683 918 complaceant
1733 828 2011 918 eloquia
2067 828 2204 892 oris

653 934 812 1016 mei,
845 943 909 999 et
940 934 1294 1002 meditatio
1323 937 1549 1004 cordis
1586 937 1725 1003 mei
1754 938 1826 1002 in
1845 945 2203 1024 conspectu

651 1053 769 1108 tuo
797 1062 1062 1131 semper
1100 1064 1123 1108 .·
1156 1051 1230 1109 ut
1268 1044 1559 1112 mediter
1590 1041 1999 1132 inquirendo
2041 1040 2203 1130 quid

654 1147 855 1217 lateat
882 1150 1185 1217 veritatis
1222 1150 1349 1217 sub
1408 1150 1681 1228 umbra,
1731 1148 1841 1216 Ad
1876 1148 2085 1218 Hebr.
2130 1172 2203 1228 x,

657 1261 685 1325 1
756 1281 772 1327 :
841 1262 985 1328 Lex
1040 1257 1361 1326 umbram
1434 1256 1695 1325 habens
1770 1260 2200 1348 futurorum.

648 1363 828 1444 Quid
857 1363 1054 1432 solidi
1095 1362 1223 1430 sub
1268 1363 1511 1453 figura,
1579 1363 1728 1432 Iad
1786 1363 2096 1433 Corinth.
2131 1387 2199 1444 x,

651 1471 724 1536 11
776 1490 793 1536 t
842 1467 1096 1536 Omnia
1130 1468 1204 1533 in
1239 1467 1478 1557 fiqura
1508 1469 2016 1559 continqebant.

743 1702 778 1743 e
847 1679 1002 1747 Non
1070 1677 1462 1746 obliviscar.
1536 1705 1571 1745 a
1633 1679 1807 1748 Ecce
1857 1688 2199 1768 quartum.

656 1783 864 1864 Quasi
903 1787 1155 1856 diceset
1190 1809 1207 1853 z
1246 1785 1362 1855 Sic
1409 1786 1816 1871 meditabor,
1861 1788 1978 1878 qui
2019 1788 2205 1878 prius

650 1892 1028 1961 meditabar
1082 1894 1154 1960 in
1218 1894 1640 1963 vanitatibus
1685 1902 1802 1963 :et
1840 1896 1938 1964 sic
1986 1920 2020 1961 α
2069 1918 2205 1963 non

652 2000 1025 2069 obliviscar
1059 2023 1400 2070 sermones
1430 2013 1611 2085 tuos,
1658 2029 1693 2067 n
1729 2004 1800 2071 in
1821 2003 2021 2072 corde
2050 2026 2204 2073 meo

654 2104 960 2175 scribens
1006 2105 1185 2175 illos
1253 2106 1534 2175 Denter.
1595 2131 1694 2192 tv,
1734 2110 1760 2176 1
1805 2130 1823 2176 :
1873 2111 1971 2177 Ee
1997 2133 2203 2191 nunc,

651 2210 897 2291 Israel,
930 2213 1106 2280 audi
1125 2222 1470 2305 praecepta
1498 2224 1565 2282 et
1580 2214 1869 2305 judicia
1906 2238 2057 2307 quae
2085 2240 2206 2306 eqo

650 2316 852 2385 doceo
883 2328 948 2385 te
975 2340 998 2385 .·
1029 2325 1097 2387 et
1126 2341 1206 2386 ea
1236 2319 1306 2386 in
1336 2319 1544 2388 corde
1590 2327 1714 2390 tuo
1744 2329 2098 2413 tamquam
2137 2324 2207 2390 in

657 2421 837 2492 libro
867 2424 1109 2494 scribe.
1135 2425 1245 2505 Et,
1269 2448 1418 2505 vm,
1460 2428 1533 2495 11
1574 2449 1592 2495 :
1640 2428 1821 2498 Cave
1844 2430 2208 2521 nequando

656 2530 1086 2601 obliviscaris
1105 2535 1395 2602 Domini
1423 2537 1555 2615 tui,
1587 2544 1656 2604 et
1672 2537 1992 2629 neqlt'yas
2019 2562 2211 2607 man·

656 2637 824 2707 data
862 2637 1019 2729 ejus
1054 2649 1263 2731 alque
1301 2640 1614 2729 judicia.
1659 2641 1819 2712 Non
1849 2643 2212 2714 obliviscar

657 2768 848 2836 ergo,
889 2747 1009 2837 qui
1037 2747 1227 2836 prius
1262 2746 1746 2819 obliviscebar.

743 2953 1035 3024 Attende
1065 2977 1231 3048 ergo
1275 2958 1345 3025 in
1411 2959 1547 3027 hoc
1613 2961 1997 3046 octonario,
2038 2985 2211 3054 quo·

657 3060 864 3130 modo
902 3061 1028 3132 iste
1079 3064 1413 3155 incipiens
1440 3066 1796 3137 confessus
1823 3068 1938 3148 sit,
1973 3069 2042 3138 in
2072 3093 2208 3163 quo

655 3170 745 3238 sit
809 3172 1140 3241 correctio
1198 3175 1330 3242 viae
1394 3180 1802 3268 peccatoris,
1862 3179 2209 3271 quomodo

657 3274 1010 3347 humiliter
1033 3280 1254 3369 petiit,
1291 3282 1589 3372 qualiter
1626 3284 2109 3354 confundendo
2138 3308 2209 3354 se

655 3385 996 3474 promittit
1031 3408 1105 3455 se
1137 3386 1222 3457 de
1259 3398 1507 3460 caetero
1544 3390 1885 3463 facturum
1927 3400 2210 3490 opposi-

655 3497 805 3558 tum
837 3512 1077 3560 eorum
1116 3516 1267 3585 quae
1299 3503 1460 3565 ante
1496 3496 1679 3569 fecit.
1717 3499 1911 3572 Unde
1959 3525 2208 3573 secun-

653 3597 820 3667 dum
874 3599 1366 3692 Augustinum,
1426 3603 1589 3675 huic
1643 3612 2000 3682 octonario
2041 3636 2207 3706 pro-

654 3705 932 3794 ponitur
992 3707 1167 3776 Bene
1217 3710 1358 3807 (2)
1411 3711 1699 3803 optime,
1749 3716 1936 3808 quod
1993 3720 2206 3790 inter-

650 3820 962 3903 pretatur
985 3817 1304 3905 conlusio
1331 3841 1358 3887 .·
1393 3816 1507 3888 hic
1535 3822 1726 3891 enim
1752 3846 1827 3893 se
1852 3826 2209 3899 confundit

649 3918 833 3989 bona
876 3919 1301 3992 confusione.
1382 3923 1609 3996 Eccle.
1672 3951 1767 4013 tv,
1834 3933 1921 4001 25
1999 3954 2018 4002 τ
2078 3938 2208 4005 Est

646 4028 962 4116 conlusio
1031 4027 1382 4099 adducens
1443 4032 1778 4122 qlon‘am.
1840 4036 2048 4109 mich.
2108 4065 2201 4122 tv,

659 4134 740 4203 10
783 4154 800 4202 ε
847 4135 1076 4206 Venies
1112 4138 1446 4230 usquead
1475 4140 1934 4233 Babylonem,
1975 4149 2210 4220 confu-

652 4238 916 4308 sionem
982 4241 1235 4311 scilicet
1281 4242 1365 4312 de
1405 4248 1701 4337 peccatis
1736 4252 2055 4343 propriis,
2108 4254 2207 4324 ibi

656 4343 1077 4417 liberaberis.
1146 4347 1231 4417 Et
1297 4357 1477 4421 recte
1540 4361 1698 4446 post
1760 4380 1972 4428 meu
2019 4363 2204 4455 quod

653 4452 1134 4545 interpretatur
1158 4454 1477 4527 doctrina
1515 4481 1543 4529 .·
1568 4462 1761 4553 prius
1807 4465 1991 4536 enim
2039 4491 2206 4561 pec-

648 4566 844 4629 cator
870 4560 1178 4631 doctrina
1206 4562 1642 4638 illuminatur
1668 4570 1754 4640 ad
1782 4595 2204 4665 cognoscen-

654 4665 817 4735 dum
858 4674 1114 4738 statum
1152 4692 1384 4754 suum,
1426 4682 1495 4743 et
1548 4678 1780 4746 statim
1838 4681 2204 4752 confundi-

649 4784 785 4860 tur,
845 4776 1221 4846 secundum
1281 4778 1452 4850 illud
1511 4781 1769 4854 Jerem.
1813 4809 1999 4867 xxxt,
2066 4793 2198 4860 19:

642 4884 1029 4974 Postquam
1056 4884 1416 4955 ostendisti
1469 4889 1672 4971 milui,
1740 4914 1895 4964 ecce
1932 4918 2142 4966 Auru
2176 4920 2192 4967 τ

633 4989 943 5078 percussi
1008 4992 1246 5081 femur
1289 5014 1522 5063 meum
1562 5016 1588 5063 .·
1636 5003 1969 5091 confusus
2009 5027 2193 5086 sum,

640 5102 705 5161 et
729 5093 1001 5177 erubui,
1033 5118 1188 5166 ecce
1218 5119 1413 5182 mn,
1460 5102 1652 5195 quod
1716 5104 2197 5199 interpretatur

639 5204 981 5292 conlusio,
1013 5206 1133 5275 sed
1164 5207 1235 5276 in
1273 5207 1565 5284 bonum.

1633 333 1721 401 D.
1773 332 1974 401 ΑΕΒ.
2026 331 2242 402 MAG.
2295 331 2499 401 om).
2553 334 2818 402 PRAED

2840 921 3123 992 Gaium
3188 924 3284 1017 (J)

2323 1383 2426 1449 ¹7·
2482 1357 2821 1428 Retribue
2881 1379 3087 1426 servo
3144 1375 3297 1442 tu0,
3363 1355 3642 1425 vivifica
3699 1378 3843 1434 me.

2574 1484 2643 1534 et
2671 1464 3074 1534 custodiam
3113 1486 3485 1535 sermones
3529 1482 3722 1532 tuos.

2321 1574 2425 1644 18.
2483 1573 2742 1641 Revela
2788 1571 3035 1640 oculos
3066 1592 3293 1649 meos,
3328 1587 3397 1640 et
3427 1569 3843 1639 considera·

2575 1678 2667 1747 bo
2706 1677 3062 1749 mirabilia
3093 1678 3183 1747 de
3224 1677 3374 1769 lege
3408 1695 3557 1746 tua.

2324 1811 2427 1881 ¹9·
2482 1786 2721 1856 Incola
2759 1808 2889 1879 ego
2937 1807 3101 1855 sum
3134 1785 3205 1855 in
3255 1803 3467 1867 terra,
3502 1807 3646 1853 non
3681 1783 3848 1855 abs-

2574 1894 2840 1964 condas
2897 1917 2936 1964 a
2965 1916 3080 1964 me
3119 1892 3456 1963 mandata
3488 1910 3636 1962 tua.

2482 2000 2912 2094 Concupivit
2950 2000 3192 2071 anima
3237 2021 3396 2070 mea
3435 1998 3846 2070 desiderare

2576 2109 3112 2198 justificationes
3142 2126 3304 2179 tuas
3336 2108 3405 2178 in
3438 2107 3641 2178 omni
3672 2125 3851 2177 tem·

2579 2238 2774 2308 pore.

2308 2344 2430 2394 21.
2485 2321 2872 2414 increpasti
2951 2320 3307 2414 superbos
3384 2340 3401 2390 ε
3483 2317 3850 2389 maledicti

2578 2428 2701 2521 qui
2732 2429 3093 2499 declinant
3129 2451 3168 2498 a
3217 2424 3578 2498 mandatis
3628 2425 3799 2496 tuis.

2320 2559 2432 2607 22.
2484 2536 2707 2607 Aufer
2751 2560 2790 2607 a
2843 2557 2957 2608 me
3021 2535 3496 2628 opprobrium
3556 2551 3627 2604 et
3671 2555 3852 2604 con-

2580 2662 2961 2736 temptum,
3022 2643 3192 2736 quia
3235 2640 3651 2714 testimonia
3725 2658 3849 2711 tua

2315 2023 2429 2071 20.

2580 2773 2955 2845 exquisivi.

2319 2862 2434 2932 23.
2492 2860 2778 2931 Etenim
2811 2860 3152 2931 sederunt
3191 2857 3578 2952 principes,
3613 2875 3682 2929 et
3721 2857 3856 2927 ad-

2579 2989 2866 3038 versum
2915 2988 3032 3037 me
3076 2963 3564 3058 loquebantur
3611 2986 3631 3033 :
3698 2985 3854 3034 ser-

2587 3096 2719 3144 vus
2761 3092 3003 3144 autem
3050 3090 3221 3143 tuus
3267 3069 3727 3142 exercebatur
3772 3069 3848 3140 in

2581 3176 3218 3267 justificationibus
3256 3177 3429 3248 tuis.

2318 3311 2433 3377 ²4·
2492 3288 2682 3359 Nam
2729 3305 2799 3359 et
2846 3285 3258 3358 testimonia
3311 3302 3431 3356 tua
3473 3285 3852 3357 meditatio

2579 3416 2736 3465 mea
2765 3412 2871 3465 est
2897 3417 2917 3464 :
2940 3412 3010 3465 et
3046 3392 3433 3464 consilium
3471 3413 3719 3465 meum
3748 3392 3856 3482 iu·

2581 3501 3045 3574 stificationes
3072 3520 3243 3574 tuae.

2883 4044 3131 4091 oman·
3175 4022 3278 4119 ‹a›

2402 4484 2438 4522 α
2469 4455 2788 4526 Belo-ibae
2817 4478 3008 4526 servo
3045 4465 3193 4526 tuo.
3229 4480 3263 4521 ι
3301 4452 3430 4525 llic
3466 4460 3570 4524 est
3597 4476 3850 4525 secun·

2310 4567 2395 4637 da
2425 4588 2580 4658 pars
2617 4563 2823 4649 illius,
2855 4564 2924 4633 in
2951 4585 3088 4655 qua
3116 4564 3259 4655 agit
3285 4562 3368 4632 de
3398 4563 3643 4632 merito
3684 4561 3851 4634 inci·

2310 4672 2667 4765 pientiutn.
2702 4670 2874 4740 Cum
2900 4671 3086 4739 enim
3112 4677 3341 4738 actum
3369 4669 3459 4737 sit
3484 4667 3569 4738 de
3600 4668 3845 4738 merito

2308 4778 2609 4857 illorum,
2641 4785 2969 4869 quantum
2989 4773 3282 4867 pertinet
3316 4773 3404 4843 ad
3433 4796 3777 4844 recessum
3804 4796 3846 4843 a

2308 4887 2519 4972 malo,
2541 4886 2653 4956 hic
2678 4886 2760 4956 de
2782 4884 3023 4955 merito
3053 4882 3354 4966 illorum,
3387 4889 3719 4975 quantum
3751 4881 3844 4951 ad

2308 5016 2649 5065 accessum
2712 4991 2800 5062 ad
2850 4990 3135 5061 bonum.
3208 4990 3380 5061 Cum
3435 4990 3621 5060 enim
3663 4988 3844 5060 inci-

2304 5105 2566 5197 pientes
2607 5107 2762 5193 post
2800 5122 3141 5169 recessum
3189 5121 3230 5168 a
3256 5096 3440 5167 malo
3477 5096 3848 5167 difficulta-

2305 5219 2444 5280 tem
2500 5208 2798 5278 habeant
2856 5205 3145 5276 faciendi
3208 5205 3499 5289 bonum,
3552 5212 3704 5273 tum
3761 5226 3847 5275 ex

2302 5324 2494 5409 parte
2521 5313 2935 5383 infirmitatis
2961 5309 3315 5389 naturalis,
3355 5317 3506 5379 tum
3531 5332 3622 5381 ex
3656 5320 3847 5402 parte

2301 5422 2625 5495 consortii
2669 5422 2755 5492 ad
2791 5428 3142 5514 peccatum
3178 5416 3533 5503 trahentis,
3573 5427 3722 5490 tum
3762 5443 3850 5491 ex

2298 5540 2488 5628 parte
2518 5530 3023 5601 consuetudinis
3048 5526 3395 5620 peccandi,
3427 5548 3583 5619 quae
3617 5529 3854 5597 omnia

2299 5660 2573 5712 necesse
2626 5645 2729 5709 est
2789 5659 2912 5729 per
2967 5636 3088 5705 Dei
3160 5634 3451 5729 gratiam
3513 5634 3848 5723 amoveri,
