5008 6329
938 538 1055 603 n

904 5045 1025 5114 72

1928 334 2678 408 ‘COMMENTARIUS
2728 332 2822 400 IN
2868 331 3300 401 PSALMUM
3356 331 3661 400 CXVIII.

1284 531 1317 567 «
1351 506 1626 572 Bonum
1667 508 1842 574 mihi
1887 510 2058 600 quia
2102 509 2502 578 humiliasti
2551 528 2677 572 me.
2720 531 2750 565 a>

1191 609 1318 677 Hic
1345 612 1545 679 tertia
1586 636 1742 703 pars
1783 618 1995 684 totius
2035 616 2243 705 hujus
2299 615 2512 706 partis
2561 618 2754 678 octo-

1187 718 1389 797 narii,
1435 718 1504 785 in
1564 744 1700 810 qua
1753 732 2126 814 postquam
2182 721 2437 811 gratias
2478 718 2616 807 egit
2673 714 2754 781 de

1186 824 1492 895 bonitate
1533 829 1662 896 sibi
1705 832 2033 910 exhibita,
2073 837 2139 897 et
2178 829 2374 919 petiit
2413 825 2756 917 cognitio-

1185 955 1345 1001 nem
1375 936 1505 1003 sibi
1547 937 1694 1005 dari
1744 939 1826 1005 de
1877 938 2022 1017 illa,
2059 936 2359 1004 ostendit
2401 932 2750 1026 quomodo

1182 1043 1549 1133 profecerit
1577 1046 1647 1113 in
1678 1052 1998 1135 percepta
2030 1044 2158 1112 Dei
2201 1045 2511 1112 bonitate
2554 1065 2569 1108 ι
2633 1064 2755 1109 un-

1184 1151 1265 1220 de
1294 1176 1437 1221 non
1469 1155 1724 1221 mirum
1756 1155 1812 1220 si
1853 1154 2024 1244 petit
2081 1153 2271 1221 illam
2322 1153 2544 1244 magis
2582 1173 2751 1240 cog-

1182 1282 1487 1330 noscere.
1552 1262 1639 1329 Et
1695 1262 2020 1330 dicuntur
2057 1263 2189 1332 tria
2246 1263 2317 1328 in
2347 1260 2477 1329 hac
2531 1266 2744 1350 parte.

1179 1368 1442 1449 Prim0,
1479 1370 1846 1438 confitetur
1872 1393 1945 1439 se
1975 1394 2060 1440 ex
2094 1371 2401 1439 bonitate
2432 1368 2555 1435 Dei
2587 1388 2751 1457 pro-

1177 1475 1439 1545 fecisse.
1489 1476 1836 1559 Sccundo‚
1873 1480 1943 1547 in
1977 1501 2115 1570 quo
2146 1477 2536 1569 profecerit,
2592 1472 2751 1563 quia

1181 1583 1249 1649 in
1270 1582 1441 1675 legis
1462 1586 1883 1674 cognitione,
1907 1586 2028 1665 ibi,
2046 1614 2078 1647 «
2105 1587 2193 1653 Ut
2211 1584 2496 1651 discam.
2528 1606 2560 1646 x·
2585 1580 2751 1648 Ter-

1177 1691 1300 1770 tio,
1334 1692 1653 1781 probatio
1678 1692 1866 1782 quod
1926 1695 1997 1759 in
2038 1690 2154 1759 illa
2199 1689 2590 1781 profecerit,
2626 1687 2742 1766 ibi,

1177 1804 1242 1873 y.
1285 1799 1415 1866 72:
1464 1826 1498 1862 α
1542 1801 1816 1866 Bonum
1840 1800 2016 1866 mihi
2048 1798 2161 1867 lea·
2193 1799 2357 1866 oris.
2394 1822 2429 1862 a

1269 1904 1448 1973 Dicit
1477 1928 1686 1998 ergo:
1751 1905 1892 1985 Sic,
1957 1906 2281 1984 Domine,
2345 1904 2598 1995 gratias
2638 1902 2745 1993 egi

1178 2012 1260 2080 de
1325 2015 1494 2082 scita
1551 2013 1886 2094 bonitate,
1955 2014 2178 2105 ipsam
2247 2012 2412 2104 petii
2451 2009 2746 2101 amplius

1180 2118 1348 2186 mihi
1381 2119 1846 2188 manifestari:
1900 2143 2027 2189 nec
2085 2122 2369 2201 mirum,
2414 2119 2577 2211 quia
2614 2115 2747 2185 hoc

1178 2227 1432 2316 ipsum,
1470 2255 1505 2292 α
1538 2229 1732 2319 quod
1757 2228 2161 2297 humiliasti
2189 2250 2322 2312 me,
2372 2257 2405 2291 »
2466 2227 2647 2296 sensi
2681 2232 2746 2293 et

1176 2341 1498 2426 expertus
1564 2359 1718 2403 sum
1797 2365 1828 2398 «
1869 2336 2124 2404 bonum
2158 2336 2358 2415 mihi,
2397 2361 2430 2401 ι)
2474 2331 2740 2424 supple,

1173 2440 1407 2510 fuisse.
1445 2442 1869 2523 Ilumiliasti‚
1933 2445 2247 2535 inquam,
2300 2439 2738 2534 flagellandO,

1175 2550 1337 2642 quia
1373 2573 1498 2642 per
1525 2550 1704 2621 hanc
1733 2552 2198 2621 humilitatem
2222 2574 2334 2619 me
2364 2548 2736 2617 illuminas.

1171 2658 1429 2728 Jerem.
1467 2684 1657 2738 xxxt,
1703 2663 1817 2730 18:
1850 2663 2231 2752 Castiqasli
2260 2682 2391 2739 me,
2416 2658 2738 2737 Domine,

1171 2779 1236 2836 et
1299 2770 1620 2837 eruditus
1684 2792 1868 2839 sum.
1915 2769 2254 2839 Proverb.
2320 2790 2512 2851 xxix,
2580 2769 2657 2835 15
2720 2788 2736 2833 ε

1184 2879 1392 2970 Virqa
1421 2889 1631 2971 atque
1648 2882 1991 2974 correptio
2028 2880 2278 2948 tribuit
2296 2877 2737 2970 sapientiam.

1177 2985 1311 3052 Per
1347 2984 1526 3054 hanc
1576 3009 1686 3054 me
1754 2987 2035 3077 probaS,
2101 2984 2309 3054 Eccli.
2374 3006 2449 3069 tt,
2511 2983 2595 3050 4:
2657 2982 2741 3050 In

1169 3092 1575 3161 humililate
1639 3104 1765 3162 tua
1810 3095 2231 3187 patientiam
2286 3089 2506 3161 habe:
2572 3089 2741 3183 quia

1171 3204 1243 3270 in
1275 3203 1433 3294 iqne
1453 3201 1804 3293 probatur
1844 3225 2128 3281 aarum,
2172 3208 2301 3270 etc.
2375 3199 2509 3269 Per
2564 3196 2741 3267 hanc

1167 3332 1279 3378 me
1318 3308 1442 3378 tibi
1484 3310 1852 3392 assimilas,
1887 3309 1949 3379 11
1995 3310 2083 3378 ad
2124 3307 2439 3379 Corinth.
2472 3330 2596 3390 111,
2639 3309 2680 3377 9
2716 3329 2734 3375 :

1165 3418 1487 3487 Libenter
1503 3418 1870 3510 gloriabor
1887 3421 1961 3488 in
1985 3416 2521 3508 infirmitatibus
2540 3418 2732 3496 meis,

1168 3537 1245 3596 ut
1295 3527 1636 3597 inhabitet
1712 3529 1784 3598 in
1853 3552 1962 3598 me
1999 3529 2224 3598 virtus
2265 3528 2552 3614 Christi,
2584 3550 2736 3621 quae

1166 3661 1275 3707 me
1315 3638 1615 3708 similem
1680 3638 1887 3708 faciat
1953 3638 2255 3721 Christo,
2316 3637 2577 3709 scilicet
2611 3661 2732 3730 pa·

1165 3744 1427 3814 tientia.

1253 3989 1287 4030 e
1330 3964 1419 4034 Ut
1447 3964 1739 4033 discam.
1784 3989 1820 4028 n
1882 3963 2013 4033 llic
2069 3961 2474 4032 secundum.
2519 3959 2731 4041 Quasi

1160 4072 1458 4143 diceret:
1504 4073 1779 4143 Bonum
1812 4080 1914 4141 est
1944 4070 2144 4155 mihi,
2178 4079 2247 4142 et
2275 4071 2347 4139 in
2375 4068 2538 4150 hoc,
2585 4094 2619 4135 e
2654 4079 2730 4137 ut

1159 4180 1447 4266 discam,
1486 4208 1520 4243 n
1583 4181 2088 4272 experimento,
2125 4206 2158 4246 α
2181 4178 2730 4270 justificationes

1159 4297 1344 4369 tuas,
1390 4314 1425 4355 ι
1459 4287 1750 4357 virtutes
1787 4286 1967 4373 illas,
2000 4310 2123 4379 per
2166 4308 2338 4378 quas
2392 4284 2728 4376 justificas

1158 4397 1453 4484 animas,
1541 4394 2034 4479 humilitatem,
2094 4392 2721 4463 mansuetudinem.

1158 4504 1401 4574 Matth.
1438 4528 1536 4588 xi,
1569 4505 1654 4572 29
1698 4526 1714 4571 ε
1764 4503 2023 4571 Discite
2069 4527 2113 4570 a
2164 4525 2296 4582 me,
2339 4502 2510 4594 quia
2551 4499 2727 4569 milti

1153 4636 1338 4694 sum,
1372 4623 1438 4681 et
1464 4611 1760 4680 humilis
1795 4610 2020 4679 corde.
2083 4609 2217 4679 Isa.
2271 4632 2518 4691 xxvxn,
2591 4610 2715 4677 19:

1168 4721 1450 4812 Vexatio
1481 4718 1912 4789 intellectum
1942 4715 2143 4786 dabit
2172 4716 2482 4788 auditui.

1252 5062 1286 5103 e
1319 5036 1593 5105 Bonum
1651 5031 1827 5100 milti
1868 5032 1984 5100 Iex
2043 5032 2208 5100 oris.
2246 5058 2284 5093 »
2342 5028 2519 5098 Ecce
2580 5036 2722 5097 ter-

1161 5145 1360 5224 tium,
1409 5140 1728 5234 probatio
1780 5138 2067 5223 scilicet,
2103 5138 2290 5231 quod
2346 5138 2417 5206 in
2447 5136 2582 5206 hoc
2619 5145 2721 5205 est

1158 5251 1447 5334 bonum,
1490 5247 1676 5340 quod
1733 5245 2084 5315 addiscere
2139 5244 2367 5339 legem
2420 5244 2617 5314 fecit:
2654 5251 2721 5313 et

1156 5357 1475 5425 dicuntur
1501 5354 1666 5424 duo.
1704 5352 1967 5433 Primo,
2003 5351 2185 5444 quod
2218 5351 2403 5422 bona
2437 5351 2554 5422 lex
2591 5349 2718 5420 Dei

1157 5465 1218 5533 ei
1247 5464 1358 5531 sit.
1434 5459 1779 5539 Secundo,
1841 5458 2172 5529 bonitatis
2234 5458 2714 5530 excellentiam

1157 5566 1476 5645 ostendit,
1512 5566 1633 5647 ibi,
1672 5591 1706 5632 e
1746 5567 1976 5658 Super
2010 5566 2271 5636 millia.
2313 5594 2348 5630 n

1246 5677 1363 5745 Ait
1391 5697 1596 5768 ergo:
1655 5672 1773 5743 Sic
1828 5673 1998 5756 dixi,
2044 5672 2230 5767 quod
2281 5672 2545 5743 bonum
2610 5680 2713 5743 est

4276 335 4404 399 279

2865 501 3030 567 mihi
3096 524 3204 569 me
3250 501 3683 569 humiliatum
3732 501 3966 579 fuisse,
4008 501 4075 566 in
4129 507 4397 567 tantum

2856 615 2930 674 ut
2959 607 3212 675 discam
3260 609 3782 698 justificationes
3814 618 3988 692 tuaS,
4034 606 4219 699 quod
4258 630 4399 676 non

2858 723 2955 782 est
2983 715 3349 792 modicum,
3385 716 3545 804 quia
3588 742 3619 780 c
3649 715 3899 782 bonum
3938 717 4133 793 milei,
4166 743 4197 778 »
4232 740 4400 806 sup-

2854 824 2985 914 ple,
3023 834 3146 906 est,
3198 850 3232 891 e
3288 825 3398 893 lea:
3436 827 3575 893 oris
3634 826 3792 892 tui:
3840 851 3871 890 »
3916 834 3980 892 et
4037 834 4394 915 quantum,

2857 935 3063 1017 addit,
3122 960 3380 1028 «super
3418 937 3695 1004 millia:
3741 963 3772 1001 ι)
3820 936 4086 1002 linitum
4117 937 4400 1026 ponitur

2853 1066 2976 1133 pro
3026 1044 3328 1112 infinito:
3373 1074 3405 1107 «
3436 1045 3598 1111 auri
3632 1054 3695 1110 et
3734 1045 4030 1133 amenti,
4079 1070 4112 1109 >v
4148 1044 4215 1112 id
4265 1051 4391 1123 est,

2856 1175 3056 1242 super
3102 1175 3303 1219 omne
3350 1175 3618 1231 aurum,
3653 1161 3719 1220 et
3775 1160 4160 1241 argentum.
4217 1152 4396 1220 Pro-

2852 1262 3040 1330 verb.
3085 1286 3227 1341 vm,
3263 1264 3337 1329 11
3370 1286 3385 1330 :
3418 1263 3668 1330 Melior
3718 1271 3816 1329 est
3858 1264 4200 1353 sapientia
4239 1285 4400 1329 cun-

2852 1370 2976 1436 ctis
3005 1368 3248 1460 opibus
3261 1370 3801 1460 pretiosissimis.
3842 1368 4148 1459 Sapient.
4187 1392 4309 1453 vu,
4356 1370 4395 1435 8

2853 1484 2917 1543 et
2948 1478 2985 1544 9
3016 1500 3030 1545 :
3065 1478 3363 1544 Divitias
3393 1477 3578 1544 nihil
3610 1500 3747 1544 esse
3795 1477 3972 1544 duxi
4010 1478 4077 1543 in
4117 1500 4394 1567 compa·

2849 1584 3114 1651 ratione
3152 1583 3348 1650 illius
3378 1606 3400 1649 .·
3441 1584 3769 1673 quoniam
3802 1605 3997 1650 omne
4036 1606 4288 1650 aurum
4320 1584 4393 1649 in

2850 1693 3356 1780 cotieparatione
3375 1690 3571 1758 illius
3610 1714 3820 1758 arena
3858 1699 3954 1757 est
4005 1692 4283 1780 esiqua,
4328 1700 4393 1757 el

2852 1804 3206 1887 tamquam
3257 1798 3479 1865 lutum
3525 1797 3982 1864 :estimabitur
4022 1808 4386 1888 arqenlmn

2852 1904 2921 1970 iu
2950 1914 3299 1995 conspectu
3330 1903 3551 1972 illius.

2937 2120 3232 2189 Advorte
3281 2145 3441 2211 ergo
3509 2120 3891 2211 diligenter,
3927 2122 4110 2214 quod
4151 2123 4217 2190 in
4258 2121 4392 2191 hoc

2848 2230 3222 2312 octonario,
3256 2230 3477 2318 primo
3509 2228 3589 2297 de
3619 2229 3922 2297 bonitate
3951 2238 4223 2320 accepta
4243 2254 4394 2322 gra-

2847 2338 2974 2405 tias
3022 2339 3183 2429 egit,
3226 2346 3290 2406 ct
3356 2338 3681 2405 bonitatis
3738 2339 3865 2406 sibi
3925 2341 4386 2430 cognitionem

2848 2442 2992 2510 dari
3031 2446 3332 2534 rogavit„
3365 2452 3433 2511 et
3480 2467 3686 2536 quam
3722 2445 3980 2511 bonum
4021 2446 4106 2511 sit
4153 2444 4389 2513 humi-

2847 2550 2990 2618 liari
3025 2574 3063 2618 a
3099 2551 3243 2619 Deo
3292 2551 3625 2619 ostendit:
3680 2550 3866 2643 quod
3909 2575 4111 2642 super
4157 2555 4391 2621 onmia

2846 2658 3130 2726 delectat
3156 2666 3221 2727 et
3255 2658 3474 2748 placet
3501 2659 3749 2726 animm
3802 2657 3973 2727 bene
4032 2660 4385 2728 ordinatae.

2846 2766 3025 2857 Ergo
3057 2765 3166 2834 hic
3195 2767 3449 2857 optime
3491 2768 3911 2857 praeponitur
3977 2766 4195 2835 littera
4244 2768 4390 2836 110-

2845 2873 3072 2943 braica
3101 2898 3273 2942 Titan
3308 2875 3495 2973 (ω),
3541 2875 3721 2965 quod
3764 2877 4242 2966 interpretatur
4262 2876 4386 2944 bo-

2843 3005 3034 3063 num,
3069 2981 3175 3051 vel
3224 2982 3552 3059 exclusio,
3585 2980 3717 3049 hoc
3747 2989 3874 3061 est,
3908 2980 4017 3050 hic
4048 2983 4272 3074 agitur
4301 2983 4383 3052 de

2844 3088 3025 3158 bono
3073 3087 3257 3181 quod
3304 3111 3579 3157 omnem
3630 3088 3973 3156 tristitiam
4021 3110 4147 3159 sua
4200 3088 4390 3159 dele-

2843 3200 3134 3267 ctatione
3163 3197 3482 3267 excludit.

3459 3737 3582 3810 100
3644 3739 3738 3832 ‹s›

2836 4168 2955 4258 73.
3004 4163 3266 4233 Manus
3322 4178 3467 4233 tuae
3508 4159 3830 4233 fecerunt
3871 4181 4013 4245 me,
4071 4174 4140 4230 et
4188 4158 4385 4251 plas-

3097 4288 3474 4344 maverunt
3536 4292 3652 4341 me
3686 4293 3702 4339 :
3737 4269 3829 4340 da
3876 4267 4054 4339 mihi
4107 4267 4382 4339 intelle·

3096 4395 3319 4460 ctum,
3352 4393 3422 4448 et
3459 4374 3737 4446 discam
3780 4374 4120 4445 mandata
4151 4392 4298 4445 tua.

2833 4509 2948 4579 74.
2999 4482 3149 4576 Qui
3188 4483 3447 4556 timent
3477 4499 3546 4553 te
3584 4480 3936 4552 videbunt
3969 4502 4110 4563 me,
4143 4498 4213 4552 et
4258 4481 4380 4553 lae·

3095 4591 3467 4677 tabuntur‚
3500 4588 3670 4683 quia
3702 4587 3776 4660 in
3815 4587 4032 4659 verba
4090 4606 4212 4660 tua
4250 4611 4378 4660 su·

3093 4697 3525 4797 persperavi.

2830 4817 2943 4905 75.
2993 4808 3348 4905 Cognovi,
3421 4805 3757 4892 Domine,
3831 4806 4001 4900 quia
4059 4806 4364 4901 aequitas

3091 4914 3354 5009 judicia
3410 4931 3561 4996 tua,
3628 4932 3698 4985 et
3774 4913 3846 4985 in
3910 4914 4206 4987 veritate
4255 4931 4380 4986 tua

3092 5022 3496 5097 humiliasti
3531 5044 3670 5094 me.

2828 5136 2941 5228 76.
3002 5133 3159 5205 Fiat
3190 5129 3680 5204 misericordia
3707 5149 3828 5202 tua
3853 5149 3931 5202 ut
3962 5132 4378 5205 consoletur

3093 5264 3232 5322 me,
3278 5240 3676 5310 secundum
3736 5239 4110 5332 eloquium
4165 5258 4377 5314 tuum

3092 5370 3299 5422 servo
3331 5366 3481 5419 tuo.

2827 5481 2944 5550 77.
2994 5455 3307 5528 Veniant
3337 5453 3522 5525 mihi
3570 5453 4078 5526 miserationes
4104 5473 4271 5538 tuae,
4308 5472 4378 5527 et

3088 5564 3352 5651 vivam,
3410 5560 3577 5657 quia
3648 5562 3759 5633 lex
3816 5580 3938 5634 tua
3998 5564 4376 5636 meditatio

3089 5696 3248 5747 mea
3286 5690 3397 5744 est
4057 5694 4066 5702 ·
