<?xml version="1.0" encoding="UTF-8"?>
<!DOCTYPE html PUBLIC "-//W3C//DTD XHTML 1.0 Transitional//EN"
    "http://www.w3.org/TR/xhtml1/DTD/xhtml1-transitional.dtd">
<html xmlns="http://www.w3.org/1999/xhtml" xml:lang="en" lang="en">
 <head>
  <title>
</title>
<meta http-equiv="Content-Type" content="text/html;charset=utf-8" />
  <meta name='ocr-system' content='tesseract 3.04.00' />
  <meta name='ocr-capabilities' content='ocr_page ocr_carea ocr_par ocr_line ocrx_word'/>
</head>
<body>
  <div class='ocr_page' id='page_1' title='image "balbertimagnira02chgoog_0219.png"; bbox 0 0 5008 6329; ppageno 0'>
   <div class='ocr_carea' id='block_1_1' title="bbox 1982 314 3609 397">
    <p class='ocr_par' dir='ltr' id='par_1_1' title="bbox 1982 314 3609 397">
     <span class='ocr_line' id='line_1_1' title="bbox 1982 314 3609 397; baseline 0.007 -14"><span class='ocrx_word' id='word_1_1' title='bbox 1982 314 2692 385; x_wconf 75' lang='lat' dir='ltr'><strong>COMMENTARIUS</strong></span> <span class='ocrx_word' id='word_1_2' title='bbox 2742 316 2837 383; x_wconf 90' lang='lat' dir='ltr'><strong>IN</strong></span> <span class='ocrx_word' id='word_1_3' title='bbox 2883 318 3319 391; x_wconf 87' lang='lat' dir='ltr'><strong>PSALMUM</strong></span> <span class='ocrx_word' id='word_1_4' title='bbox 3369 325 3609 397; x_wconf 88' lang='lat' dir='ltr'><strong>CXIV.</strong></span> 
     </span>
    </p>
   </div>
   <div class='ocr_carea' id='block_1_2' title="bbox 4266 340 4394 406">
    <p class='ocr_par' dir='ltr' id='par_1_2' title="bbox 4266 340 4394 406">
     <span class='ocr_line' id='line_1_2' title="bbox 4266 340 4394 406; baseline 0.031 -3"><span class='ocrx_word' id='word_1_5' title='bbox 4266 340 4394 406; x_wconf 86' lang='grc'><strong>209</strong></span> 
     </span>
    </p>
   </div>
   <div class='ocr_carea' id='block_1_3' title="bbox 1172 488 4397 582">
    <p class='ocr_par' dir='ltr' id='par_1_3' title="bbox 1172 488 4397 582">
     <span class='ocr_line' id='line_1_3' title="bbox 1172 488 4397 582; baseline 0.006 -28"><span class='ocrx_word' id='word_1_6' title='bbox 1172 488 1472 555; x_wconf 90' lang='lat' dir='ltr'><strong>ctionem</strong></span> <span class='ocrx_word' id='word_1_7' title='bbox 1512 509 1528 554; x_wconf 74' lang='grc' dir='ltr'><strong><em>ε</em></strong></span> <span class='ocrx_word' id='word_1_8' title='bbox 1571 495 1639 554; x_wconf 88' lang='lat' dir='ltr'><strong>et</strong></span> <span class='ocrx_word' id='word_1_9' title='bbox 1676 489 1980 578; x_wconf 80' lang='lat' dir='ltr'><strong>tangitur</strong></span> <span class='ocrx_word' id='word_1_10' title='bbox 2029 488 2304 579; x_wconf 80' lang='lat' dir='ltr'><strong>duplex.</strong></span> <span class='ocrx_word' id='word_1_11' title='bbox 2341 489 2603 572; x_wconf 89' lang='lat' dir='ltr'><strong>Primo,</strong></span> <span class='ocrx_word' id='word_1_12' title='bbox 2647 490 2735 557; x_wconf 90' lang='lat' dir='ltr'><strong>li-</strong></span> <span class='ocrx_word' id='word_1_13' title='bbox 2840 498 2905 558; x_wconf 92' lang='lat' dir='ltr'><strong>te</strong></span> <span class='ocrx_word' id='word_1_14' title='bbox 2937 493 3039 557; x_wconf 90' lang='lat' dir='ltr'><strong>sui</strong></span> <span class='ocrx_word' id='word_1_15' title='bbox 3075 514 3091 558; x_wconf 89' lang='lat'>:</span> <span class='ocrx_word' id='word_1_16' title='bbox 3137 517 3378 582; x_wconf 89' lang='lat' dir='ltr'><strong>parum</strong></span> <span class='ocrx_word' id='word_1_17' title='bbox 3414 501 3597 567; x_wconf 89' lang='lat' dir='ltr'><strong>enim</strong></span> <span class='ocrx_word' id='word_1_18' title='bbox 3630 501 3809 570; x_wconf 84' lang='lat' dir='ltr'><strong>valet</strong></span> <span class='ocrx_word' id='word_1_19' title='bbox 3855 505 4233 572; x_wconf 89' lang='lat' dir='ltr'><strong>Dominum</strong></span> <span class='ocrx_word' id='word_1_20' title='bbox 4268 531 4397 575; x_wconf 89' lang='lat' dir='ltr'><strong>au-</strong></span> 
     </span>
    </p>
   </div>
   <div class='ocr_carea' id='block_1_4' title="bbox 1169 593 2734 686">
    <p class='ocr_par' dir='ltr' id='par_1_4' title="bbox 1169 593 2734 686">
     <span class='ocr_line' id='line_1_4' title="bbox 1169 593 2734 686; baseline 0.002 -25"><span class='ocrx_word' id='word_1_21' title='bbox 1169 593 1435 662; x_wconf 86' lang='lat' dir='ltr'><strong>heratio</strong></span> <span class='ocrx_word' id='word_1_22' title='bbox 1495 617 1532 662; x_wconf 93' lang='lat' dir='ltr'><strong>a</strong></span> <span class='ocrx_word' id='word_1_23' title='bbox 1582 595 1775 663; x_wconf 88' lang='lat' dir='ltr'><strong>malis</strong></span> <span class='ocrx_word' id='word_1_24' title='bbox 1814 598 2166 686; x_wconf 80' lang='lat' dir='ltr'><strong>praesentis</strong></span> <span class='ocrx_word' id='word_1_25' title='bbox 2212 600 2370 667; x_wconf 80' lang='lat' dir='ltr'><strong>vitae</strong></span> <span class='ocrx_word' id='word_1_26' title='bbox 2411 606 2477 665; x_wconf 92' lang='lat' dir='ltr'><strong>et</strong></span> <span class='ocrx_word' id='word_1_27' title='bbox 2531 600 2734 665; x_wconf 91' lang='lat' dir='ltr'><strong>mise-</strong></span> 
     </span>
    </p>
   </div>
   <div class='ocr_carea' id='block_1_5' title="bbox 1161 700 2732 2716">
    <p class='ocr_par' dir='ltr' id='par_1_5' title="bbox 1170 700 2732 986">
     <span class='ocr_line' id='line_1_5' title="bbox 1171 700 2732 796; baseline 0.001 -28"><span class='ocrx_word' id='word_1_28' title='bbox 1171 704 1310 768; x_wconf 85' lang='lat' dir='ltr'><strong>riae.</strong></span> <span class='ocrx_word' id='word_1_29' title='bbox 1379 700 1725 782; x_wconf 86' lang='lat' dir='ltr'><strong>Secunde,</strong></span> <span class='ocrx_word' id='word_1_30' title='bbox 1815 714 1998 773; x_wconf 89' lang='lat' dir='ltr'><strong>certa</strong></span> <span class='ocrx_word' id='word_1_31' title='bbox 2051 707 2465 796; x_wconf 77' lang='lat' dir='ltr'>exspectatio</span> <span class='ocrx_word' id='word_1_32' title='bbox 2547 705 2732 794; x_wconf 91' lang='lat' dir='ltr'><strong>quie-</strong></span> 
     </span>
     <span class='ocr_line' id='line_1_6' title="bbox 1170 810 2725 902; baseline 0.001 -26"><span class='ocrx_word' id='word_1_33' title='bbox 1170 810 1256 876; x_wconf 97' lang='lat' dir='ltr'><strong>tis</strong></span> <span class='ocrx_word' id='word_1_34' title='bbox 1289 810 1533 877; x_wconf 85' lang='lat' dir='ltr'><strong>suturae</strong></span> <span class='ocrx_word' id='word_1_35' title='bbox 1573 820 1639 878; x_wconf 89' lang='lat' dir='ltr'><strong>et</strong></span> <span class='ocrx_word' id='word_1_36' title='bbox 1669 811 1934 902; x_wconf 81' lang='lat' dir='ltr'><strong>gloriae,</strong></span> <span class='ocrx_word' id='word_1_37' title='bbox 2008 812 2126 891; x_wconf 92' lang='lat' dir='ltr'><strong>ibi,</strong></span> <span class='ocrx_word' id='word_1_38' title='bbox 2208 838 2241 877; x_wconf 73' lang='grc' dir='ltr'>ι</span> <span class='ocrx_word' id='word_1_39' title='bbox 2302 813 2725 890; x_wconf 81' lang='lat' dir='ltr'><em>Convertere,</em></span> 
     </span>
     <span class='ocr_line' id='line_1_7' title="bbox 1171 920 1704 986; baseline 0.002 -1"><span class='ocrx_word' id='word_1_40' title='bbox 1171 920 1412 985; x_wconf 83' lang='lat' dir='ltr'><strong>anima</strong></span> <span class='ocrx_word' id='word_1_41' title='bbox 1441 941 1621 986; x_wconf 87' lang='lat' dir='ltr'><strong>mea.</strong></span> <span class='ocrx_word' id='word_1_42' title='bbox 1671 945 1704 985; x_wconf 79' lang='grc'>»</span> 
     </span>
    </p>

    <p class='ocr_par' dir='ltr' id='par_1_6' title="bbox 1168 1026 2730 1541">
     <span class='ocr_line' id='line_1_8' title="bbox 1259 1026 2730 1119; baseline -0.001 -25"><span class='ocrx_word' id='word_1_43' title='bbox 1259 1027 1339 1095; x_wconf 89' lang='lat' dir='ltr'><strong>In</strong></span> <span class='ocrx_word' id='word_1_44' title='bbox 1368 1029 1592 1119; x_wconf 89' lang='lat' dir='ltr'><strong>prima</strong></span> <span class='ocrx_word' id='word_1_45' title='bbox 1621 1030 1783 1098; x_wconf 91' lang='lat' dir='ltr'><strong>duo.</strong></span> <span class='ocrx_word' id='word_1_46' title='bbox 1829 1028 2092 1105; x_wconf 89' lang='lat' dir='ltr'><strong>Primo,</strong></span> <span class='ocrx_word' id='word_1_47' title='bbox 2137 1026 2456 1116; x_wconf 77' lang='lat' dir='ltr'><strong>exprimit</strong></span> <span class='ocrx_word' id='word_1_48' title='bbox 2477 1035 2730 1094; x_wconf 88' lang='lat' dir='ltr'><strong>certam</strong></span> 
     </span>
     <span class='ocr_line' id='line_1_9' title="bbox 1169 1133 2728 1229; baseline -0.002 -25"><span class='ocrx_word' id='word_1_49' title='bbox 1169 1160 1388 1229; x_wconf 91' lang='lat' dir='ltr'><strong>spem,</strong></span> <span class='ocrx_word' id='word_1_50' title='bbox 1451 1160 1660 1229; x_wconf 89' lang='lat' dir='ltr'><strong>quam</strong></span> <span class='ocrx_word' id='word_1_51' title='bbox 1701 1135 1912 1205; x_wconf 86' lang='lat' dir='ltr'><strong>habet</strong></span> <span class='ocrx_word' id='word_1_52' title='bbox 1977 1134 2058 1201; x_wconf 90' lang='lat' dir='ltr'><strong>de</strong></span> <span class='ocrx_word' id='word_1_53' title='bbox 2114 1133 2517 1202; x_wconf 79' lang='lat' dir='ltr'><strong>liberatione</strong></span> <span class='ocrx_word' id='word_1_54' title='bbox 2574 1158 2728 1202; x_wconf 90' lang='lat' dir='ltr'><strong>cum</strong></span> 
     </span>
     <span class='ocr_line' id='line_1_10' title="bbox 1171 1240 2730 1332; baseline -0.004 -18"><span class='ocrx_word' id='word_1_55' title='bbox 1171 1245 1418 1314; x_wconf 88' lang='lat' dir='ltr'><strong>orabit.</strong></span> <span class='ocrx_word' id='word_1_56' title='bbox 1521 1242 1867 1320; x_wconf 87' lang='lat' dir='ltr'><strong>Secundo,</strong></span> <span class='ocrx_word' id='word_1_57' title='bbox 1945 1240 2243 1308; x_wconf 77' lang='lat' dir='ltr'><strong>ostendit</strong></span> <span class='ocrx_word' id='word_1_58' title='bbox 2307 1242 2730 1332; x_wconf 85' lang='lat' dir='ltr'><strong>magnitudi-</strong></span> 
     </span>
     <span class='ocr_line' id='line_1_11' title="bbox 1168 1349 2723 1440; baseline -0.003 -18"><span class='ocrx_word' id='word_1_59' title='bbox 1168 1377 1331 1422; x_wconf 89' lang='lat' dir='ltr'><strong>nem</strong></span> <span class='ocrx_word' id='word_1_60' title='bbox 1361 1351 1850 1429; x_wconf 77' lang='lat' dir='ltr'><strong>tribulationie,</strong></span> <span class='ocrx_word' id='word_1_61' title='bbox 1887 1372 2024 1440; x_wconf 89' lang='lat' dir='ltr'><strong>qua</strong></span> <span class='ocrx_word' id='word_1_62' title='bbox 2052 1349 2448 1440; x_wconf 87' lang='lat' dir='ltr'><strong>compulsus</strong></span> <span class='ocrx_word' id='word_1_63' title='bbox 2478 1350 2723 1431; x_wconf 90' lang='lat' dir='ltr'><strong>orabit,</strong></span> 
     </span>
     <span class='ocr_line' id='line_1_12' title="bbox 1171 1456 2369 1541; baseline -0.01 -11"><span class='ocrx_word' id='word_1_64' title='bbox 1171 1463 1292 1541; x_wconf 91' lang='lat' dir='ltr'><strong>ibi,</strong></span> <span class='ocrx_word' id='word_1_65' title='bbox 1328 1470 1392 1537; x_wconf 61' lang='grc' dir='ltr'><strong>ὴ.</strong></span> <span class='ocrx_word' id='word_1_66' title='bbox 1430 1462 1516 1529; x_wconf 91' lang='lat'><strong>3:</strong></span> <span class='ocrx_word' id='word_1_67' title='bbox 1566 1487 1599 1522; x_wconf 74' lang='grc' dir='ltr'><strong>ι(</strong></span> <span class='ocrx_word' id='word_1_68' title='bbox 1650 1456 2286 1526; x_wconf 83' lang='lat' dir='ltr'><strong>Circumdederunt.</strong></span> <span class='ocrx_word' id='word_1_69' title='bbox 2339 1485 2369 1519; x_wconf 67' lang='grc' dir='ltr'><strong>ι»</strong></span> 
     </span>
    </p>

    <p class='ocr_par' dir='ltr' id='par_1_7' title="bbox 1167 1565 2726 1965">
     <span class='ocr_line' id='line_1_13' title="bbox 1258 1565 2726 1658; baseline -0.003 -23"><span class='ocrx_word' id='word_1_70' title='bbox 1258 1570 1339 1636; x_wconf 87' lang='grc' dir='ltr'><strong>Ιιι</strong></span> <span class='ocrx_word' id='word_1_71' title='bbox 1377 1569 1602 1658; x_wconf 89' lang='lat' dir='ltr'><strong>prima</strong></span> <span class='ocrx_word' id='word_1_72' title='bbox 1637 1565 1802 1633; x_wconf 86' lang='lat' dir='ltr'><strong>due.</strong></span> <span class='ocrx_word' id='word_1_73' title='bbox 1849 1565 2108 1644; x_wconf 84' lang='lat' dir='ltr'><strong>Primo,</strong></span> <span class='ocrx_word' id='word_1_74' title='bbox 2161 1565 2402 1632; x_wconf 88' lang='lat' dir='ltr'><strong>asserit</strong></span> <span class='ocrx_word' id='word_1_75' title='bbox 2437 1587 2509 1632; x_wconf 92' lang='lat' dir='ltr'><strong>se</strong></span> <span class='ocrx_word' id='word_1_76' title='bbox 2575 1588 2726 1631; x_wconf 91' lang='lat' dir='ltr'><strong>cer-</strong></span> 
     </span>
     <span class='ocr_line' id='line_1_14' title="bbox 1171 1672 2725 1765; baseline -0.004 -21"><span class='ocrx_word' id='word_1_77' title='bbox 1171 1687 1318 1745; x_wconf 88' lang='lat' dir='ltr'><strong>tum</strong></span> <span class='ocrx_word' id='word_1_78' title='bbox 1387 1673 1571 1765; x_wconf 89' lang='lat' dir='ltr'><strong>quod</strong></span> <span class='ocrx_word' id='word_1_79' title='bbox 1638 1673 2066 1742; x_wconf 88' lang='lat' dir='ltr'><strong>exaudietur.</strong></span> <span class='ocrx_word' id='word_1_80' title='bbox 2140 1672 2483 1748; x_wconf 88' lang='lat' dir='ltr'><strong>Secundo,</strong></span> <span class='ocrx_word' id='word_1_81' title='bbox 2549 1672 2725 1739; x_wconf 89' lang='lat' dir='ltr'><strong>unde</strong></span> 
     </span>
     <span class='ocr_line' id='line_1_15' title="bbox 1170 1782 2725 1876; baseline -0.004 -21"><span class='ocrx_word' id='word_1_82' title='bbox 1170 1787 1302 1855; x_wconf 90' lang='lat' dir='ltr'><strong>hoc</strong></span> <span class='ocrx_word' id='word_1_83' title='bbox 1367 1786 1743 1876; x_wconf 61' lang='lat' dir='ltr'><strong>praesumit,</strong></span> <span class='ocrx_word' id='word_1_84' title='bbox 1815 1783 1933 1860; x_wconf 88' lang='lat' dir='ltr'><strong>ibi,</strong></span> <span class='ocrx_word' id='word_1_85' title='bbox 1995 1790 2059 1859; x_wconf 57' lang='grc' dir='ltr'><strong>ᾗ.</strong></span> <span class='ocrx_word' id='word_1_86' title='bbox 2121 1784 2214 1849; x_wconf 86' lang='lat'><strong>2:</strong></span> <span class='ocrx_word' id='word_1_87' title='bbox 2288 1811 2319 1845; x_wconf 77' lang='grc' dir='ltr'><strong>α</strong></span> <span class='ocrx_word' id='word_1_88' title='bbox 2380 1782 2562 1867; x_wconf 86' lang='lat' dir='ltr'><strong>Quia</strong></span> <span class='ocrx_word' id='word_1_89' title='bbox 2621 1784 2725 1849; x_wconf 90' lang='lat' dir='ltr'><strong>in·</strong></span> 
     </span>
     <span class='ocr_line' id='line_1_16' title="bbox 1167 1895 1566 1965; baseline -0.015 0"><span class='ocrx_word' id='word_1_90' title='bbox 1167 1895 1485 1965; x_wconf 80' lang='lat' dir='ltr'><strong>clinavit.</strong></span> <span class='ocrx_word' id='word_1_91' title='bbox 1534 1919 1566 1959; x_wconf 81' lang='lat'><strong>»</strong></span> 
     </span>
    </p>

    <p class='ocr_par' dir='ltr' id='par_1_8' title="bbox 1161 1997 2725 2716">
     <span class='ocr_line' id='line_1_17' title="bbox 1260 1997 2721 2093; baseline -0.004 -22"><span class='ocrx_word' id='word_1_92' title='bbox 1260 2005 1442 2071; x_wconf 88' lang='lat' dir='ltr'><strong>Dicit</strong></span> <span class='ocrx_word' id='word_1_93' title='bbox 1470 2024 1635 2093; x_wconf 86' lang='lat' dir='ltr'><strong>ergo</strong></span> <span class='ocrx_word' id='word_1_94' title='bbox 1671 2023 1687 2068; x_wconf 74' lang='grc' dir='ltr'><strong><em>ε</em></strong></span> <span class='ocrx_word' id='word_1_95' title='bbox 1726 1999 1841 2067; x_wconf 91' lang='lat' dir='ltr'><strong>Sic</strong></span> <span class='ocrx_word' id='word_1_96' title='bbox 1898 1999 2133 2083; x_wconf 88' lang='lat' dir='ltr'><strong>dilexi,</strong></span> <span class='ocrx_word' id='word_1_97' title='bbox 2205 1999 2389 2089; x_wconf 90' lang='lat' dir='ltr'><strong>quod</strong></span> <span class='ocrx_word' id='word_1_98' title='bbox 2455 1997 2662 2067; x_wconf 82' lang='lat' dir='ltr'><strong>dilexi</strong></span> <span class='ocrx_word' id='word_1_99' title='bbox 2705 2020 2721 2065; x_wconf 75' lang='grc' dir='ltr'><strong><em>ε</em></strong></span> 
     </span>
     <span class='ocr_line' id='line_1_18' title="bbox 1165 2104 2725 2196; baseline -0.005 -16"><span class='ocrx_word' id='word_1_100' title='bbox 1165 2120 1233 2181; x_wconf 92' lang='lat' dir='ltr'><strong>et</strong></span> <span class='ocrx_word' id='word_1_101' title='bbox 1264 2112 1349 2179; x_wconf 90' lang='lat' dir='ltr'><strong>ad</strong></span> <span class='ocrx_word' id='word_1_102' title='bbox 1381 2109 1513 2178; x_wconf 88' lang='lat' dir='ltr'><strong>hoc</strong></span> <span class='ocrx_word' id='word_1_103' title='bbox 1551 2110 1771 2176; x_wconf 78' lang='lat' dir='ltr'><strong>movit</strong></span> <span class='ocrx_word' id='word_1_104' title='bbox 1799 2129 1932 2184; x_wconf 89' lang='lat' dir='ltr'><strong>me,</strong></span> <span class='ocrx_word' id='word_1_105' title='bbox 1962 2132 1995 2171; x_wconf 74' lang='grc' dir='ltr'>ι</span> <span class='ocrx_word' id='word_1_106' title='bbox 2038 2108 2367 2196; x_wconf 83' lang='lat' dir='ltr'><strong>quoniam</strong></span> <span class='ocrx_word' id='word_1_107' title='bbox 2405 2104 2725 2173; x_wconf 71' lang='lat' dir='ltr'><strong>exaudiet</strong></span> 
     </span>
     <span class='ocr_line' id='line_1_19' title="bbox 1167 2213 2719 2303; baseline -0.003 -18"><span class='ocrx_word' id='word_1_108' title='bbox 1167 2218 1543 2295; x_wconf 77' lang='lat' dir='ltr'><strong>Dominus,</strong></span> <span class='ocrx_word' id='word_1_109' title='bbox 1580 2241 1612 2281; x_wconf 83' lang='lat'><strong>»</strong></span> <span class='ocrx_word' id='word_1_110' title='bbox 1665 2215 1841 2282; x_wconf 89' lang='lat' dir='ltr'><strong>sicut</strong></span> <span class='ocrx_word' id='word_1_111' title='bbox 1870 2213 2437 2282; x_wconf 86' lang='lat' dir='ltr'><strong>certitudinaliter</strong></span> <span class='ocrx_word' id='word_1_112' title='bbox 2491 2237 2719 2303; x_wconf 86' lang='lat' dir='ltr'><strong>spere,</strong></span> 
     </span>
     <span class='ocr_line' id='line_1_20' title="bbox 1167 2321 2717 2405; baseline 0 -15"><span class='ocrx_word' id='word_1_113' title='bbox 1167 2354 1200 2390; x_wconf 74' lang='grc' dir='ltr'><strong>α</strong></span> <span class='ocrx_word' id='word_1_114' title='bbox 1263 2347 1491 2393; x_wconf 86' lang='lat' dir='ltr'><strong>vocem</strong></span> <span class='ocrx_word' id='word_1_115' title='bbox 1519 2323 1856 2391; x_wconf 81' lang='lat' dir='ltr'><strong>orationis</strong></span> <span class='ocrx_word' id='word_1_116' title='bbox 1885 2344 2071 2389; x_wconf 75' lang='lat' dir='ltr'><strong>meae.</strong></span> <span class='ocrx_word' id='word_1_117' title='bbox 2121 2346 2153 2386; x_wconf 71' lang='grc' dir='ltr'><strong>ι»</strong></span> <span class='ocrx_word' id='word_1_118' title='bbox 2217 2321 2423 2393; x_wconf 86' lang='lat' dir='ltr'><strong>Eccli.</strong></span> <span class='ocrx_word' id='word_1_119' title='bbox 2483 2344 2583 2405; x_wconf 84' lang='lat'><strong>111,</strong></span> <span class='ocrx_word' id='word_1_120' title='bbox 2626 2322 2717 2390; x_wconf 77' lang='lat'><strong>4:</strong></span> 
     </span>
     <span class='ocr_line' id='line_1_21' title="bbox 1167 2430 2723 2522; baseline -0.004 -20"><span class='ocrx_word' id='word_1_121' title='bbox 1167 2435 1308 2519; x_wconf 84' lang='lat' dir='ltr'><strong>Qui</strong></span> <span class='ocrx_word' id='word_1_122' title='bbox 1349 2433 1591 2522; x_wconf 75' lang='lat' dir='ltr'><strong>ditiqit</strong></span> <span class='ocrx_word' id='word_1_123' title='bbox 1635 2435 1886 2510; x_wconf 83' lang='lat' dir='ltr'><strong>Deum,</strong></span> <span class='ocrx_word' id='word_1_124' title='bbox 1964 2430 2279 2499; x_wconf 74' lang='lat' dir='ltr'><strong>exorabit</strong></span> <span class='ocrx_word' id='word_1_125' title='bbox 2343 2452 2474 2522; x_wconf 87' lang='lat' dir='ltr'><strong>pro</strong></span> <span class='ocrx_word' id='word_1_126' title='bbox 2561 2452 2723 2520; x_wconf 83' lang='lat' dir='ltr'><strong>pec-</strong></span> 
     </span>
     <span class='ocr_line' id='line_1_22' title="bbox 1161 2535 2721 2620; baseline -0.004 -13"><span class='ocrx_word' id='word_1_127' title='bbox 1161 2541 1358 2618; x_wconf 69' lang='lat' dir='ltr'><strong>catiS,</strong></span> <span class='ocrx_word' id='word_1_128' title='bbox 1391 2547 1456 2607; x_wconf 85' lang='lat' dir='ltr'><strong>et</strong></span> <span class='ocrx_word' id='word_1_129' title='bbox 1482 2536 1852 2606; x_wconf 76' lang='lat' dir='ltr'><strong>continebit</strong></span> <span class='ocrx_word' id='word_1_130' title='bbox 1896 2560 1968 2604; x_wconf 81' lang='lat' dir='ltr'><strong>se</strong></span> <span class='ocrx_word' id='word_1_131' title='bbox 2005 2535 2093 2604; x_wconf 87' lang='lat' dir='ltr'><strong>ab</strong></span> <span class='ocrx_word' id='word_1_132' title='bbox 2125 2536 2300 2620; x_wconf 81' lang='lat' dir='ltr'><strong>illis,</strong></span> <span class='ocrx_word' id='word_1_133' title='bbox 2339 2545 2401 2603; x_wconf 90' lang='lat' dir='ltr'><strong>et</strong></span> <span class='ocrx_word' id='word_1_134' title='bbox 2458 2537 2530 2603; x_wconf 91' lang='lat' dir='ltr'><strong>in</strong></span> <span class='ocrx_word' id='word_1_135' title='bbox 2558 2558 2721 2602; x_wconf 90' lang='lat' dir='ltr'><strong>ora-</strong></span> 
     </span>
     <span class='ocr_line' id='line_1_23' title="bbox 1163 2646 2131 2716; baseline -0.002 0"><span class='ocrx_word' id='word_1_136' title='bbox 1163 2651 1349 2716; x_wconf 88' lang='lat' dir='ltr'><strong>tione</strong></span> <span class='ocrx_word' id='word_1_137' title='bbox 1385 2648 1656 2714; x_wconf 86' lang='lat' dir='ltr'><strong>dierum</strong></span> <span class='ocrx_word' id='word_1_138' title='bbox 1695 2646 2131 2714; x_wconf 64' lang='lat' dir='ltr'><strong>eaeaudietur.</strong></span> 
     </span>
    </p>
   </div>
   <div class='ocr_carea' id='block_1_6' title="bbox 1145 2958 2713 5756">
    <p class='ocr_par' dir='ltr' id='par_1_9' title="bbox 1148 2958 2713 3470">
     <span class='ocr_line' id='line_1_24' title="bbox 1257 2958 2710 3052; baseline -0.006 -17"><span class='ocrx_word' id='word_1_139' title='bbox 1257 2996 1287 3034; x_wconf 74' lang='grc' dir='ltr'>ι</span> <span class='ocrx_word' id='word_1_140' title='bbox 1366 2968 1549 3052; x_wconf 84' lang='lat' dir='ltr'><strong>Quia</strong></span> <span class='ocrx_word' id='word_1_141' title='bbox 1619 2965 2004 3033; x_wconf 83' lang='lat' dir='ltr'><strong>inclinavit.</strong></span> <span class='ocrx_word' id='word_1_142' title='bbox 2091 2988 2123 3028; x_wconf 70' lang='grc' dir='ltr'><strong>ι»</strong></span> <span class='ocrx_word' id='word_1_143' title='bbox 2197 2961 2322 3029; x_wconf 89' lang='lat' dir='ltr'><strong>llic</strong></span> <span class='ocrx_word' id='word_1_144' title='bbox 2389 2958 2710 3041; x_wconf 84' lang='lat' dir='ltr'><strong>ostendit,</strong></span> 
     </span>
     <span class='ocr_line' id='line_1_25' title="bbox 1163 3067 2713 3168; baseline -0.008 -22"><span class='ocrx_word' id='word_1_145' title='bbox 1163 3076 1346 3146; x_wconf 88' lang='lat' dir='ltr'><strong>unde</strong></span> <span class='ocrx_word' id='word_1_146' title='bbox 1389 3073 1741 3168; x_wconf 64' lang='lat' dir='ltr'><strong>praesumit</strong></span> <span class='ocrx_word' id='word_1_147' title='bbox 1793 3070 2101 3139; x_wconf 89' lang='lat' dir='ltr'><strong>exaudiri</strong></span> <span class='ocrx_word' id='word_1_148' title='bbox 2139 3093 2154 3137; x_wconf 75' lang='grc' dir='ltr'>ε</span> <span class='ocrx_word' id='word_1_149' title='bbox 2190 3078 2255 3137; x_wconf 88' lang='lat' dir='ltr'><strong>et</strong></span> <span class='ocrx_word' id='word_1_150' title='bbox 2302 3068 2521 3160; x_wconf 82' lang='lat' dir='ltr'><strong>tangit</strong></span> <span class='ocrx_word' id='word_1_151' title='bbox 2583 3067 2713 3135; x_wconf 88' lang='lat' dir='ltr'><strong>du-</strong></span> 
     </span>
     <span class='ocr_line' id='line_1_26' title="bbox 1161 3177 2707 3278; baseline -0.006 -25"><span class='ocrx_word' id='word_1_152' title='bbox 1161 3185 1409 3278; x_wconf 87' lang='lat' dir='ltr'><strong>plicem</strong></span> <span class='ocrx_word' id='word_1_153' title='bbox 1454 3184 1837 3251; x_wconf 89' lang='lat' dir='ltr'><strong>rationem:</strong></span> <span class='ocrx_word' id='word_1_154' title='bbox 1891 3203 2099 3248; x_wconf 88' lang='lat' dir='ltr'><strong>unam</strong></span> <span class='ocrx_word' id='word_1_155' title='bbox 2166 3204 2205 3247; x_wconf 89' lang='lat' dir='ltr'><strong>a</strong></span> <span class='ocrx_word' id='word_1_156' title='bbox 2293 3187 2490 3270; x_wconf 90' lang='lat' dir='ltr'><strong>parte</strong></span> <span class='ocrx_word' id='word_1_157' title='bbox 2556 3177 2707 3257; x_wconf 89' lang='lat' dir='ltr'><strong>Dei,</strong></span> 
     </span>
     <span class='ocr_line' id='line_1_27' title="bbox 1154 3282 2710 3382; baseline -0.008 -19"><span class='ocrx_word' id='word_1_158' title='bbox 1154 3294 1440 3363; x_wconf 81' lang='lat' dir='ltr'><strong>alteram</strong></span> <span class='ocrx_word' id='word_1_159' title='bbox 1471 3314 1513 3360; x_wconf 84' lang='lat' dir='ltr'><strong>a</strong></span> <span class='ocrx_word' id='word_1_160' title='bbox 1544 3299 1734 3382; x_wconf 87' lang='lat' dir='ltr'><strong>parte</strong></span> <span class='ocrx_word' id='word_1_161' title='bbox 1763 3289 1895 3368; x_wconf 87' lang='lat' dir='ltr'><strong>sui,</strong></span> <span class='ocrx_word' id='word_1_162' title='bbox 1929 3287 2047 3371; x_wconf 86' lang='lat' dir='ltr'><strong>ibi,</strong></span> <span class='ocrx_word' id='word_1_163' title='bbox 2110 3314 2143 3351; x_wconf 80' lang='grc' dir='ltr'><strong>α</strong></span> <span class='ocrx_word' id='word_1_164' title='bbox 2190 3290 2286 3355; x_wconf 84' lang='lat' dir='ltr'><strong>Et</strong></span> <span class='ocrx_word' id='word_1_165' title='bbox 2352 3287 2423 3355; x_wconf 89' lang='lat' dir='ltr'><strong>in</strong></span> <span class='ocrx_word' id='word_1_166' title='bbox 2472 3282 2710 3352; x_wconf 79' lang='lat' dir='ltr'><strong>diebus</strong></span> 
     </span>
     <span class='ocr_line' id='line_1_28' title="bbox 1148 3402 1413 3470; baseline -0.03 0"><span class='ocrx_word' id='word_1_167' title='bbox 1148 3402 1342 3470; x_wconf 67' lang='lat' dir='ltr'><strong>meis.</strong></span> <span class='ocrx_word' id='word_1_168' title='bbox 1380 3428 1413 3462; x_wconf 74' lang='lat' dir='ltr'><strong>n</strong></span> 
     </span>
    </p>

    <p class='ocr_par' dir='ltr' id='par_1_10' title="bbox 1145 3500 2711 5633">
     <span class='ocr_line' id='line_1_29' title="bbox 1235 3500 2708 3594; baseline -0.005 -16"><span class='ocrx_word' id='word_1_169' title='bbox 1235 3511 1354 3578; x_wconf 76' lang='lat' dir='ltr'><strong>Ait</strong></span> <span class='ocrx_word' id='word_1_170' title='bbox 1392 3508 1576 3576; x_wconf 89' lang='lat' dir='ltr'><strong>enim</strong></span> <span class='ocrx_word' id='word_1_171' title='bbox 1614 3528 1630 3575; x_wconf 80' lang='lat' dir='ltr'><em>z</em></span> <span class='ocrx_word' id='word_1_172' title='bbox 1669 3504 1786 3574; x_wconf 86' lang='lat' dir='ltr'><strong>Sic</strong></span> <span class='ocrx_word' id='word_1_173' title='bbox 1822 3504 2005 3585; x_wconf 89' lang='lat' dir='ltr'><strong>dico,</strong></span> <span class='ocrx_word' id='word_1_174' title='bbox 2037 3501 2224 3594; x_wconf 90' lang='lat' dir='ltr'><strong>quod</strong></span> <span class='ocrx_word' id='word_1_175' title='bbox 2268 3511 2544 3593; x_wconf 86' lang='lat' dir='ltr'><strong>propter</strong></span> <span class='ocrx_word' id='word_1_176' title='bbox 2579 3500 2708 3570; x_wconf 91' lang='lat' dir='ltr'><strong>hoc</strong></span> 
     </span>
     <span class='ocr_line' id='line_1_30' title="bbox 1145 3609 2710 3708; baseline -0.006 -20"><span class='ocrx_word' id='word_1_177' title='bbox 1145 3619 1383 3697; x_wconf 84' lang='lat' dir='ltr'><strong>dilexi,</strong></span> <span class='ocrx_word' id='word_1_178' title='bbox 1416 3616 1578 3708; x_wconf 87' lang='lat' dir='ltr'><strong>quia</strong></span> <span class='ocrx_word' id='word_1_179' title='bbox 1616 3612 1957 3682; x_wconf 80' lang='lat' dir='ltr'><strong>exaudiet.</strong></span> <span class='ocrx_word' id='word_1_180' title='bbox 1995 3611 2135 3680; x_wconf 89' lang='lat' dir='ltr'><strong>Sed</strong></span> <span class='ocrx_word' id='word_1_181' title='bbox 2172 3610 2350 3678; x_wconf 88' lang='lat' dir='ltr'><strong>unde</strong></span> <span class='ocrx_word' id='word_1_182' title='bbox 2381 3609 2514 3678; x_wconf 88' lang='lat' dir='ltr'><strong>hoc</strong></span> <span class='ocrx_word' id='word_1_183' title='bbox 2535 3611 2710 3679; x_wconf 82' lang='lat' dir='ltr'><strong>scis?</strong></span> 
     </span>
     <span class='ocr_line' id='line_1_31' title="bbox 1147 3719 2693 3812; baseline -0.005 -19"><span class='ocrx_word' id='word_1_184' title='bbox 1147 3755 1183 3793; x_wconf 75' lang='grc' dir='ltr'><strong>α</strong></span> <span class='ocrx_word' id='word_1_185' title='bbox 1221 3727 1404 3812; x_wconf 82' lang='lat' dir='ltr'><strong>Quia</strong></span> <span class='ocrx_word' id='word_1_186' title='bbox 1460 3722 1827 3793; x_wconf 85' lang='lat' dir='ltr'><strong>inclinavit</strong></span> <span class='ocrx_word' id='word_1_187' title='bbox 1880 3741 2119 3788; x_wconf 86' lang='lat' dir='ltr'><strong>aurem</strong></span> <span class='ocrx_word' id='word_1_188' title='bbox 2180 3741 2383 3788; x_wconf 81' lang='lat' dir='ltr'><strong>suam</strong></span> <span class='ocrx_word' id='word_1_189' title='bbox 2426 3719 2621 3787; x_wconf 73' lang='lat' dir='ltr'><strong>milii.</strong></span> <span class='ocrx_word' id='word_1_190' title='bbox 2663 3744 2693 3782; x_wconf 74' lang='lat' dir='ltr'><strong>n</strong></span> 
     </span>
     <span class='ocr_line' id='line_1_32' title="bbox 1149 3827 2704 3927; baseline -0.006 -22"><span class='ocrx_word' id='word_1_191' title='bbox 1149 3838 1347 3906; x_wconf 84' lang='lat' dir='ltr'><strong>Bona</strong></span> <span class='ocrx_word' id='word_1_192' title='bbox 1401 3833 1844 3927; x_wconf 65' lang='lat' dir='ltr'><strong>praesumptio</strong></span> <span class='ocrx_word' id='word_1_193' title='bbox 1875 3829 2059 3921; x_wconf 89' lang='lat' dir='ltr'><strong>quod</strong></span> <span class='ocrx_word' id='word_1_194' title='bbox 2119 3827 2563 3897; x_wconf 78' lang='lat' dir='ltr'><strong>exauditurus</strong></span> <span class='ocrx_word' id='word_1_195' title='bbox 2591 3828 2704 3908; x_wconf 88' lang='lat' dir='ltr'><strong>sit,</strong></span> 
     </span>
     <span class='ocr_line' id='line_1_33' title="bbox 1145 3935 2710 4037; baseline -0.006 -24"><span class='ocrx_word' id='word_1_196' title='bbox 1145 3947 1263 4037; x_wconf 85' lang='lat' dir='ltr'><strong>qui</strong></span> <span class='ocrx_word' id='word_1_197' title='bbox 1324 3965 1563 4013; x_wconf 80' lang='lat' dir='ltr'><strong>aurem</strong></span> <span class='ocrx_word' id='word_1_198' title='bbox 1629 3938 1984 4008; x_wconf 88' lang='lat' dir='ltr'><strong>humiliter</strong></span> <span class='ocrx_word' id='word_1_199' title='bbox 2018 3936 2468 4007; x_wconf 80' lang='lat' dir='ltr'><strong>inclinaverit.</strong></span> <span class='ocrx_word' id='word_1_200' title='bbox 2533 3935 2710 4004; x_wconf 84' lang='lat' dir='ltr'><strong>Pro-</strong></span> 
     </span>
     <span class='ocr_line' id='line_1_34' title="bbox 1145 4044 2702 4148; baseline -0.006 -25"><span class='ocrx_word' id='word_1_201' title='bbox 1145 4063 1299 4148; x_wconf 86' lang='lat' dir='ltr'><strong>pter</strong></span> <span class='ocrx_word' id='word_1_202' title='bbox 1353 4051 1487 4120; x_wconf 87' lang='lat' dir='ltr'><strong>hoe</strong></span> <span class='ocrx_word' id='word_1_203' title='bbox 1549 4048 1714 4141; x_wconf 88' lang='lat' dir='ltr'><strong>petii</strong></span> <span class='ocrx_word' id='word_1_204' title='bbox 1744 4069 1974 4138; x_wconf 88' lang='lat' dir='ltr'><strong>supra,</strong></span> <span class='ocrx_word' id='word_1_205' title='bbox 2038 4049 2107 4115; x_wconf 90' lang='lat' dir='ltr'><strong>in</strong></span> <span class='ocrx_word' id='word_1_206' title='bbox 2165 4044 2349 4114; x_wconf 82' lang='lat' dir='ltr'><strong>l’sal.</strong></span> <span class='ocrx_word' id='word_1_207' title='bbox 2400 4068 2543 4128; x_wconf 76' lang='lat' dir='ltr'><strong>xvi,</strong></span> <span class='ocrx_word' id='word_1_208' title='bbox 2595 4046 2637 4113; x_wconf 77' lang='lat'><strong>6</strong></span> <span class='ocrx_word' id='word_1_209' title='bbox 2684 4067 2702 4113; x_wconf 74' lang='grc' dir='ltr'>ε</span> 
     </span>
     <span class='ocr_line' id='line_1_35' title="bbox 1147 4154 2704 4235; baseline -0.006 -2"><span class='ocrx_word' id='word_1_210' title='bbox 1147 4164 1423 4235; x_wconf 88' lang='lat' dir='ltr'><strong>Inclina</strong></span> <span class='ocrx_word' id='word_1_211' title='bbox 1510 4181 1749 4228; x_wconf 86' lang='lat' dir='ltr'><strong>aurem</strong></span> <span class='ocrx_word' id='word_1_212' title='bbox 1841 4167 2061 4226; x_wconf 85' lang='lat' dir='ltr'><strong>tuam.</strong></span> <span class='ocrx_word' id='word_1_213' title='bbox 2155 4156 2261 4235; x_wconf 84' lang='lat' dir='ltr'><strong>Et,</strong></span> <span class='ocrx_word' id='word_1_214' title='bbox 2358 4154 2704 4235; x_wconf 75' lang='lat' dir='ltr'><strong>Ezechiae,</strong></span> 
     </span>
     <span class='ocr_line' id='line_1_36' title="bbox 1151 4265 2710 4362; baseline -0.004 -22"><span class='ocrx_word' id='word_1_215' title='bbox 1151 4271 1245 4339; x_wconf 73' lang='lat' dir='ltr'><strong>IV</strong></span> <span class='ocrx_word' id='word_1_216' title='bbox 1291 4270 1462 4362; x_wconf 81' lang='lat' dir='ltr'><strong>Reg.</strong></span> <span class='ocrx_word' id='word_1_217' title='bbox 1506 4290 1648 4346; x_wconf 79' lang='lat' dir='ltr'><strong>xv1,</strong></span> <span class='ocrx_word' id='word_1_218' title='bbox 1692 4270 1732 4333; x_wconf 74' lang='lat' dir='ltr'><strong>ti</strong></span> <span class='ocrx_word' id='word_1_219' title='bbox 1768 4287 1783 4333; x_wconf 91' lang='lat'><strong>:</strong></span> <span class='ocrx_word' id='word_1_220' title='bbox 1824 4265 2094 4333; x_wconf 86' lang='lat' dir='ltr'><strong>Inclina</strong></span> <span class='ocrx_word' id='word_1_221' title='bbox 2122 4285 2362 4332; x_wconf 87' lang='lat' dir='ltr'><strong>aurem</strong></span> <span class='ocrx_word' id='word_1_222' title='bbox 2392 4274 2612 4344; x_wconf 82' lang='lat' dir='ltr'><strong>tuam,</strong></span> <span class='ocrx_word' id='word_1_223' title='bbox 2644 4274 2710 4333; x_wconf 82' lang='lat' dir='ltr'><strong>et</strong></span> 
     </span>
     <span class='ocr_line' id='line_1_37' title="bbox 1151 4371 2704 4450; baseline -0.005 0"><span class='ocrx_word' id='word_1_224' title='bbox 1151 4378 1349 4450; x_wconf 87' lang='lat' dir='ltr'><strong>audi.</strong></span> <span class='ocrx_word' id='word_1_225' title='bbox 1420 4377 1627 4445; x_wconf 78' lang='lat' dir='ltr'><strong>Auris</strong></span> <span class='ocrx_word' id='word_1_226' title='bbox 1666 4374 1849 4443; x_wconf 88' lang='lat' dir='ltr'><strong>enim</strong></span> <span class='ocrx_word' id='word_1_227' title='bbox 1892 4372 2014 4441; x_wconf 79' lang='lat' dir='ltr'><strong>Dei</strong></span> <span class='ocrx_word' id='word_1_228' title='bbox 2046 4372 2270 4439; x_wconf 85' lang='lat' dir='ltr'><strong>Patris</strong></span> <span class='ocrx_word' id='word_1_229' title='bbox 2307 4380 2407 4441; x_wconf 90' lang='lat' dir='ltr'><strong>est</strong></span> <span class='ocrx_word' id='word_1_230' title='bbox 2435 4371 2646 4441; x_wconf 84' lang='lat' dir='ltr'><strong>Filius</strong></span> <span class='ocrx_word' id='word_1_231' title='bbox 2686 4396 2704 4442; x_wconf 71' lang='grc' dir='ltr'><strong><em>ε</em></strong></span> 
     </span>
     <span class='ocr_line' id='line_1_38' title="bbox 1149 4479 2711 4575; baseline -0.006 -18"><span class='ocrx_word' id='word_1_232' title='bbox 1149 4487 1543 4557; x_wconf 89' lang='lat' dir='ltr'><strong>sicutenim</strong></span> <span class='ocrx_word' id='word_1_233' title='bbox 1583 4505 1706 4575; x_wconf 88' lang='lat' dir='ltr'><strong>per</strong></span> <span class='ocrx_word' id='word_1_234' title='bbox 1739 4504 1977 4550; x_wconf 87' lang='lat' dir='ltr'><strong>aurem</strong></span> <span class='ocrx_word' id='word_1_235' title='bbox 2033 4501 2169 4549; x_wconf 76' lang='lat' dir='ltr'><strong>vox</strong></span> <span class='ocrx_word' id='word_1_236' title='bbox 2213 4481 2401 4548; x_wconf 81' lang='lat' dir='ltr'><strong>venit</strong></span> <span class='ocrx_word' id='word_1_237' title='bbox 2441 4479 2529 4548; x_wconf 88' lang='lat' dir='ltr'><strong>ad</strong></span> <span class='ocrx_word' id='word_1_238' title='bbox 2557 4481 2711 4548; x_wconf 86' lang='lat' dir='ltr'><strong>ani-</strong></span> 
     </span>
     <span class='ocr_line' id='line_1_39' title="bbox 1153 4585 2702 4682; baseline -0.005 -18"><span class='ocrx_word' id='word_1_239' title='bbox 1153 4616 1369 4675; x_wconf 88' lang='lat' dir='ltr'><strong>mam,</strong></span> <span class='ocrx_word' id='word_1_240' title='bbox 1437 4592 1535 4660; x_wconf 79' lang='lat' dir='ltr'><strong>sic</strong></span> <span class='ocrx_word' id='word_1_241' title='bbox 1574 4612 1695 4682; x_wconf 85' lang='lat' dir='ltr'><strong>per</strong></span> <span class='ocrx_word' id='word_1_242' title='bbox 1733 4588 1984 4657; x_wconf 81' lang='lat' dir='ltr'><strong>Filium</strong></span> <span class='ocrx_word' id='word_1_243' title='bbox 2014 4587 2236 4657; x_wconf 88' lang='lat' dir='ltr'><strong>oratio</strong></span> <span class='ocrx_word' id='word_1_244' title='bbox 2267 4585 2352 4656; x_wconf 88' lang='lat' dir='ltr'><strong>ad</strong></span> <span class='ocrx_word' id='word_1_245' title='bbox 2385 4586 2702 4656; x_wconf 87' lang='lat' dir='ltr'><strong>Patrem:</strong></span> 
     </span>
     <span class='ocr_line' id='line_1_40' title="bbox 1152 4694 2706 4780; baseline -0.005 -9"><span class='ocrx_word' id='word_1_246' title='bbox 1152 4701 1335 4771; x_wconf 87' lang='lat' dir='ltr'><strong>unde</strong></span> <span class='ocrx_word' id='word_1_247' title='bbox 1365 4721 1611 4769; x_wconf 88' lang='lat' dir='ltr'><strong>omnes</strong></span> <span class='ocrx_word' id='word_1_248' title='bbox 1641 4698 1988 4765; x_wconf 88' lang='lat' dir='ltr'><strong>orationes</strong></span> <span class='ocrx_word' id='word_1_249' title='bbox 2045 4696 2185 4766; x_wconf 77' lang='lat' dir='ltr'><strong>fere</strong></span> <span class='ocrx_word' id='word_1_250' title='bbox 2232 4694 2706 4780; x_wconf 79' lang='lat' dir='ltr'><strong>terminamus,</strong></span> 
     </span>
     <span class='ocr_line' id='line_1_41' title="bbox 1157 4802 2709 4880; baseline -0.003 -6"><span class='ocrx_word' id='word_1_251' title='bbox 1157 4840 1192 4874; x_wconf 72' lang='grc' dir='ltr'><strong>«ι</strong></span> <span class='ocrx_word' id='word_1_252' title='bbox 1224 4809 1360 4877; x_wconf 80' lang='lat' dir='ltr'><strong>Per</strong></span> <span class='ocrx_word' id='word_1_253' title='bbox 1399 4805 1808 4880; x_wconf 82' lang='lat' dir='ltr'><strong>Dominum,</strong></span> <span class='ocrx_word' id='word_1_254' title='bbox 1840 4812 1970 4871; x_wconf 90' lang='lat' dir='ltr'><strong>etc.</strong></span> <span class='ocrx_word' id='word_1_255' title='bbox 2012 4829 2046 4867; x_wconf 70' lang='grc' dir='ltr'>ι</span> <span class='ocrx_word' id='word_1_256' title='bbox 2089 4802 2228 4871; x_wconf 91' lang='lat' dir='ltr'><strong>Sed</strong></span> <span class='ocrx_word' id='word_1_257' title='bbox 2257 4802 2433 4872; x_wconf 85' lang='lat' dir='ltr'><strong>hanc</strong></span> <span class='ocrx_word' id='word_1_258' title='bbox 2471 4825 2709 4871; x_wconf 88' lang='lat' dir='ltr'><strong>aurem</strong></span> 
     </span>
     <span class='ocr_line' id='line_1_42' title="bbox 1155 4910 2710 5005; baseline -0.005 -17"><span class='ocrx_word' id='word_1_259' title='bbox 1155 4917 1538 4994; x_wconf 76' lang='lat' dir='ltr'><strong>inclinavit.</strong></span> <span class='ocrx_word' id='word_1_260' title='bbox 1574 4912 1853 5005; x_wconf 86' lang='lat' dir='ltr'><strong>quando</strong></span> <span class='ocrx_word' id='word_1_261' title='bbox 1884 4910 2132 4979; x_wconf 83' lang='lat' dir='ltr'><strong>Filium</strong></span> <span class='ocrx_word' id='word_1_262' title='bbox 2182 4912 2520 4980; x_wconf 88' lang='lat' dir='ltr'><strong>incarnari</strong></span> <span class='ocrx_word' id='word_1_263' title='bbox 2578 4934 2710 4981; x_wconf 76' lang='lat' dir='ltr'><strong>vo-</strong></span> 
     </span>
     <span class='ocr_line' id='line_1_43' title="bbox 1152 5019 2708 5113; baseline -0.004 -18"><span class='ocrx_word' id='word_1_264' title='bbox 1152 5027 1306 5107; x_wconf 87' lang='lat' dir='ltr'><strong>luit,</strong></span> <span class='ocrx_word' id='word_1_265' title='bbox 1351 5025 1492 5093; x_wconf 87' lang='lat' dir='ltr'><strong>imo</strong></span> <span class='ocrx_word' id='word_1_266' title='bbox 1524 5022 1689 5113; x_wconf 86' lang='lat' dir='ltr'><strong>pati.</strong></span> <span class='ocrx_word' id='word_1_267' title='bbox 1751 5019 1913 5087; x_wconf 82' lang='lat' dir='ltr'><strong>llaec</strong></span> <span class='ocrx_word' id='word_1_268' title='bbox 1950 5041 2115 5111; x_wconf 85' lang='lat' dir='ltr'><strong>ergo</strong></span> <span class='ocrx_word' id='word_1_269' title='bbox 2145 5019 2328 5089; x_wconf 88' lang='lat' dir='ltr'><strong>auris</strong></span> <span class='ocrx_word' id='word_1_270' title='bbox 2357 5019 2708 5088; x_wconf 84' lang='lat' dir='ltr'><strong>inclinatio</strong></span> 
     </span>
     <span class='ocr_line' id='line_1_44' title="bbox 1153 5127 2711 5224; baseline -0.005 -20"><span class='ocrx_word' id='word_1_271' title='bbox 1153 5144 1256 5204; x_wconf 88' lang='lat' dir='ltr'><strong>est</strong></span> <span class='ocrx_word' id='word_1_272' title='bbox 1321 5128 1740 5224; x_wconf 82' lang='lat' dir='ltr'><strong>impetrandi</strong></span> <span class='ocrx_word' id='word_1_273' title='bbox 1808 5136 1990 5196; x_wconf 87' lang='lat' dir='ltr'><strong>certa</strong></span> <span class='ocrx_word' id='word_1_274' title='bbox 2053 5127 2525 5217; x_wconf 76' lang='lat' dir='ltr'><strong>praesumptiO.</strong></span> <span class='ocrx_word' id='word_1_275' title='bbox 2602 5127 2711 5196; x_wconf 81' lang='lat' dir='ltr'><strong>Ad</strong></span> 
     </span>
     <span class='ocr_line' id='line_1_45' title="bbox 1152 5235 2708 5328; baseline -0.004 -17"><span class='ocrx_word' id='word_1_276' title='bbox 1152 5244 1451 5310; x_wconf 80' lang='lat' dir='ltr'><strong>Roman.</strong></span> <span class='ocrx_word' id='word_1_277' title='bbox 1521 5260 1670 5321; x_wconf 81' lang='lat' dir='ltr'><strong>vm,</strong></span> <span class='ocrx_word' id='word_1_278' title='bbox 1734 5236 1817 5305; x_wconf 85' lang='lat'><strong>32</strong></span> <span class='ocrx_word' id='word_1_279' title='bbox 1879 5260 1894 5304; x_wconf 75' lang='grc' dir='ltr'>ε</span> <span class='ocrx_word' id='word_1_280' title='bbox 1968 5236 2106 5320; x_wconf 84' lang='lat' dir='ltr'><strong>Qui</strong></span> <span class='ocrx_word' id='word_1_281' title='bbox 2152 5237 2436 5328; x_wconf 82' lang='lat' dir='ltr'><strong>proprio</strong></span> <span class='ocrx_word' id='word_1_282' title='bbox 2520 5235 2708 5304; x_wconf 83' lang='lat' dir='ltr'><strong>Filio</strong></span> 
     </span>
     <span class='ocr_line' id='line_1_46' title="bbox 1148 5341 2711 5438; baseline -0.004 -22"><span class='ocrx_word' id='word_1_283' title='bbox 1148 5371 1277 5417; x_wconf 81' lang='lat' dir='ltr'><strong>suo</strong></span> <span class='ocrx_word' id='word_1_284' title='bbox 1315 5370 1453 5415; x_wconf 89' lang='lat' dir='ltr'><strong>non</strong></span> <span class='ocrx_word' id='word_1_285' title='bbox 1477 5344 1806 5438; x_wconf 81' lang='lat' dir='ltr'><strong>pepercit,</strong></span> <span class='ocrx_word' id='word_1_286' title='bbox 1845 5342 1969 5410; x_wconf 80' lang='lat' dir='ltr'><strong>sed</strong></span> <span class='ocrx_word' id='word_1_287' title='bbox 2012 5364 2143 5434; x_wconf 88' lang='lat' dir='ltr'><strong>pro</strong></span> <span class='ocrx_word' id='word_1_288' title='bbox 2215 5341 2412 5410; x_wconf 83' lang='lat' dir='ltr'><strong>nobis</strong></span> <span class='ocrx_word' id='word_1_289' title='bbox 2479 5344 2711 5410; x_wconf 88' lang='lat' dir='ltr'><strong>omni-</strong></span> 
     </span>
     <span class='ocr_line' id='line_1_47' title="bbox 1155 5448 2707 5540; baseline -0.004 -16"><span class='ocrx_word' id='word_1_290' title='bbox 1155 5454 1283 5524; x_wconf 83' lang='lat' dir='ltr'><strong>bus</strong></span> <span class='ocrx_word' id='word_1_291' title='bbox 1314 5452 1615 5522; x_wconf 82' lang='lat' dir='ltr'><strong>tradidit</strong></span> <span class='ocrx_word' id='word_1_292' title='bbox 1663 5451 1902 5532; x_wconf 87' lang='lat' dir='ltr'><strong>illum,</strong></span> <span class='ocrx_word' id='word_1_293' title='bbox 1934 5448 2277 5540; x_wconf 84' lang='lat' dir='ltr'><strong>quomodo</strong></span> <span class='ocrx_word' id='word_1_294' title='bbox 2304 5473 2440 5518; x_wconf 87' lang='lat' dir='ltr'><strong>non</strong></span> <span class='ocrx_word' id='word_1_295' title='bbox 2496 5450 2707 5518; x_wconf 89' lang='lat' dir='ltr'><strong>etiam</strong></span> 
     </span>
     <span class='ocr_line' id='line_1_48' title="bbox 1151 5555 2400 5633; baseline -0.005 -1"><span class='ocrx_word' id='word_1_296' title='bbox 1151 5585 1310 5633; x_wconf 84' lang='lat' dir='ltr'><strong>cum</strong></span> <span class='ocrx_word' id='word_1_297' title='bbox 1368 5558 1499 5628; x_wconf 82' lang='lat' dir='ltr'><strong>itto</strong></span> <span class='ocrx_word' id='word_1_298' title='bbox 1539 5559 1778 5627; x_wconf 81' lang='lat' dir='ltr'><strong>onmia</strong></span> <span class='ocrx_word' id='word_1_299' title='bbox 1831 5555 2027 5625; x_wconf 80' lang='lat' dir='ltr'><strong>nobis</strong></span> <span class='ocrx_word' id='word_1_300' title='bbox 2054 5555 2337 5625; x_wconf 84' lang='lat' dir='ltr'><strong>donavit</strong></span> <span class='ocrx_word' id='word_1_301' title='bbox 2362 5559 2400 5626; x_wconf 83' lang='lat'>?</span> 
     </span>
    </p>

    <p class='ocr_par' dir='ltr' id='par_1_11' title="bbox 1248 5663 2708 5756">
     <span class='ocr_line' id='line_1_49' title="bbox 1248 5663 2708 5756; baseline 0 -25"><span class='ocrx_word' id='word_1_302' title='bbox 1248 5698 1278 5731; x_wconf 76' lang='grc' dir='ltr'><strong>ιι</strong></span> <span class='ocrx_word' id='word_1_303' title='bbox 1331 5670 1422 5734; x_wconf 76' lang='grc' dir='ltr'><strong>ΕΙ</strong></span> <span class='ocrx_word' id='word_1_304' title='bbox 1467 5665 1538 5733; x_wconf 76' lang='lat' dir='ltr'><strong>in</strong></span> <span class='ocrx_word' id='word_1_305' title='bbox 1568 5665 1833 5732; x_wconf 70' lang='lat' dir='ltr'><strong>diebus.</strong></span> <span class='ocrx_word' id='word_1_306' title='bbox 1874 5693 1906 5728; x_wconf 75' lang='lat' dir='ltr'><strong>n</strong></span> <span class='ocrx_word' id='word_1_307' title='bbox 1962 5663 2132 5733; x_wconf 74' lang='lat' dir='ltr'><strong>Ecce</strong></span> <span class='ocrx_word' id='word_1_308' title='bbox 2196 5666 2366 5731; x_wconf 81' lang='lat' dir='ltr'><strong>ratio</strong></span> <span class='ocrx_word' id='word_1_309' title='bbox 2412 5687 2497 5732; x_wconf 79' lang='lat' dir='ltr'><strong>ex</strong></span> <span class='ocrx_word' id='word_1_310' title='bbox 2548 5687 2708 5756; x_wconf 79' lang='lat' dir='ltr'><strong>par-</strong></span> 
     </span>
    </p>
   </div>
   <div class='ocr_carea' id='block_1_7' title="bbox 1412 5818 1526 5859">
    <p class='ocr_par' dir='ltr' id='par_1_12' title="bbox 1412 5818 1526 5859">
     <span class='ocr_line' id='line_1_50' title="bbox 1412 5818 1526 5859; baseline -0.018 0"><span class='ocrx_word' id='word_1_311' title='bbox 1412 5818 1526 5859; x_wconf 67' lang='lat' dir='ltr'><strong>XVI!</strong></span> 
     </span>
    </p>
   </div>
   <div class='ocr_carea' id='block_1_8' title="bbox 2825 598 4392 1848">
    <p class='ocr_par' dir='ltr' id='par_1_13' title="bbox 2825 598 4392 1848">
     <span class='ocr_line' id='line_1_51' title="bbox 2842 598 4392 703; baseline 0.011 -39"><span class='ocrx_word' id='word_1_312' title='bbox 2842 620 2983 664; x_wconf 89' lang='lat' dir='ltr'><strong>rem</strong></span> <span class='ocrx_word' id='word_1_313' title='bbox 3027 598 3413 681; x_wconf 86' lang='lat' dir='ltr'><strong>inclinasse,</strong></span> <span class='ocrx_word' id='word_1_314' title='bbox 3492 607 3546 671; x_wconf 92' lang='lat' dir='ltr'><strong>si</strong></span> <span class='ocrx_word' id='word_1_315' title='bbox 3613 605 3724 675; x_wconf 86' lang='lat' dir='ltr'><strong>hie</strong></span> <span class='ocrx_word' id='word_1_316' title='bbox 3788 611 4038 679; x_wconf 89' lang='lat' dir='ltr'><strong>sileret.</strong></span> <span class='ocrx_word' id='word_1_317' title='bbox 4098 612 4392 703; x_wconf 80' lang='lat' dir='ltr'><strong>Propter</strong></span> 
     </span>
     <span class='ocr_line' id='line_1_52' title="bbox 2839 702 4390 801; baseline 0.014 -34"><span class='ocrx_word' id='word_1_318' title='bbox 2839 702 2968 769; x_wconf 92' lang='lat' dir='ltr'><strong>hoc</strong></span> <span class='ocrx_word' id='word_1_319' title='bbox 3035 704 3242 783; x_wconf 78' lang='lat' dir='ltr'><strong>addit.</strong></span> <span class='ocrx_word' id='word_1_320' title='bbox 3281 734 3316 770; x_wconf 78' lang='grc' dir='ltr'><strong>α</strong></span> <span class='ocrx_word' id='word_1_321' title='bbox 3349 710 3443 774; x_wconf 88' lang='lat' dir='ltr'><strong>E&#39;t</strong></span> <span class='ocrx_word' id='word_1_322' title='bbox 3484 711 3553 777; x_wconf 83' lang='lat' dir='ltr'><strong>in</strong></span> <span class='ocrx_word' id='word_1_323' title='bbox 3585 713 3822 782; x_wconf 78' lang='lat' dir='ltr'><strong>diebus</strong></span> <span class='ocrx_word' id='word_1_324' title='bbox 3879 721 4073 801; x_wconf 69' lang='lat' dir='ltr'><strong>meiS,</strong></span> <span class='ocrx_word' id='word_1_325' title='bbox 4125 744 4156 783; x_wconf 72' lang='lat' dir='ltr'><strong>r&gt;</strong></span> <span class='ocrx_word' id='word_1_326' title='bbox 4220 743 4390 788; x_wconf 84' lang='lat' dir='ltr'><strong>meae</strong></span> 
     </span>
     <span class='ocr_line' id='line_1_53' title="bbox 2837 811 4388 902; baseline 0.012 -26"><span class='ocrx_word' id='word_1_327' title='bbox 2837 811 3087 878; x_wconf 84' lang='lat' dir='ltr'><strong>scilicet</strong></span> <span class='ocrx_word' id='word_1_328' title='bbox 3117 813 3599 898; x_wconf 88' lang='lat' dir='ltr'><strong>tribulationis,</strong></span> <span class='ocrx_word' id='word_1_329' title='bbox 3660 849 3685 885; x_wconf 78' lang='grc' dir='ltr'><strong>ιι</strong></span> <span class='ocrx_word' id='word_1_330' title='bbox 3727 824 4079 902; x_wconf 84' lang='lat' dir='ltr'><strong>invocabo,</strong></span> <span class='ocrx_word' id='word_1_331' title='bbox 4131 853 4163 891; x_wconf 80' lang='lat'><strong>›&gt;</strong></span> <span class='ocrx_word' id='word_1_332' title='bbox 4206 828 4388 895; x_wconf 90' lang='lat' dir='ltr'><strong>intus</strong></span> 
     </span>
     <span class='ocr_line' id='line_1_54' title="bbox 2835 921 4383 1017; baseline 0.01 -32"><span class='ocrx_word' id='word_1_333' title='bbox 2835 921 3124 1001; x_wconf 86' lang='lat' dir='ltr'><strong>vocab0,</strong></span> <span class='ocrx_word' id='word_1_334' title='bbox 3161 946 3421 1014; x_wconf 87' lang='lat' dir='ltr'><strong>ponens</strong></span> <span class='ocrx_word' id='word_1_335' title='bbox 3465 951 3541 995; x_wconf 93' lang='lat' dir='ltr'><strong>os</strong></span> <span class='ocrx_word' id='word_1_336' title='bbox 3580 930 3651 996; x_wconf 90' lang='lat' dir='ltr'><strong>in</strong></span> <span class='ocrx_word' id='word_1_337' title='bbox 3693 954 3834 999; x_wconf 92' lang='lat' dir='ltr'><strong>ore.</strong></span> <span class='ocrx_word' id='word_1_338' title='bbox 3872 932 4047 1017; x_wconf 91' lang='lat' dir='ltr'><strong>Joel,</strong></span> <span class='ocrx_word' id='word_1_339' title='bbox 4110 957 4184 1017; x_wconf 89' lang='lat'><strong>11,</strong></span> <span class='ocrx_word' id='word_1_340' title='bbox 4247 935 4329 1002; x_wconf 83' lang='lat'><strong>32</strong></span> <span class='ocrx_word' id='word_1_341' title='bbox 4368 957 4383 1001; x_wconf 73' lang='grc' dir='ltr'>ε</span> 
     </span>
     <span class='ocr_line' id='line_1_55' title="bbox 2841 1030 4381 1121; baseline 0.01 -27"><span class='ocrx_word' id='word_1_342' title='bbox 2841 1030 3260 1120; x_wconf 84' lang='lat' dir='ltr'><strong>Quicumque</strong></span> <span class='ocrx_word' id='word_1_343' title='bbox 3303 1035 3716 1105; x_wconf 77' lang='lat' dir='ltr'><strong>invocaverit</strong></span> <span class='ocrx_word' id='word_1_344' title='bbox 3763 1062 4009 1108; x_wconf 83' lang='lat' dir='ltr'><strong>nomen</strong></span> <span class='ocrx_word' id='word_1_345' title='bbox 4067 1043 4381 1121; x_wconf 85' lang='lat' dir='ltr'><strong>Domini,</strong></span> 
     </span>
     <span class='ocr_line' id='line_1_56' title="bbox 2832 1137 4384 1217; baseline 0.008 -14"><span class='ocrx_word' id='word_1_346' title='bbox 2832 1137 3067 1204; x_wconf 76' lang='lat' dir='ltr'><strong>salvus</strong></span> <span class='ocrx_word' id='word_1_347' title='bbox 3104 1139 3256 1204; x_wconf 86' lang='lat' dir='ltr'><strong>erit.</strong></span> <span class='ocrx_word' id='word_1_348' title='bbox 3335 1139 3541 1209; x_wconf 88' lang='lat' dir='ltr'><strong>Modo</strong></span> <span class='ocrx_word' id='word_1_349' title='bbox 3603 1145 3744 1212; x_wconf 90' lang='lat' dir='ltr'><strong>dies</strong></span> <span class='ocrx_word' id='word_1_350' title='bbox 3801 1155 3963 1215; x_wconf 91' lang='lat' dir='ltr'><strong>sunt</strong></span> <span class='ocrx_word' id='word_1_351' title='bbox 4017 1149 4384 1217; x_wconf 81' lang='lat' dir='ltr'><strong>invocandi</strong></span> 
     </span>
     <span class='ocr_line' id='line_1_57' title="bbox 2833 1241 4386 1331; baseline 0.009 -23"><span class='ocrx_word' id='word_1_352' title='bbox 2833 1241 3078 1325; x_wconf 91' lang='lat' dir='ltr'><strong>Deum,</strong></span> <span class='ocrx_word' id='word_1_353' title='bbox 3146 1241 3209 1309; x_wconf 84' lang='lat' dir='ltr'><strong>ll</strong></span> <span class='ocrx_word' id='word_1_354' title='bbox 3249 1246 3333 1312; x_wconf 89' lang='lat' dir='ltr'><strong>ad</strong></span> <span class='ocrx_word' id='word_1_355' title='bbox 3365 1246 3672 1318; x_wconf 88' lang='lat' dir='ltr'><strong>Corinth.</strong></span> <span class='ocrx_word' id='word_1_356' title='bbox 3717 1275 3811 1331; x_wconf 76' lang='lat' dir='ltr'><strong>vi,</strong></span> <span class='ocrx_word' id='word_1_357' title='bbox 3854 1255 3894 1319; x_wconf 91' lang='grc'><strong>2</strong></span> <span class='ocrx_word' id='word_1_358' title='bbox 3930 1274 3948 1323; x_wconf 88' lang='lat'><strong>:</strong></span> <span class='ocrx_word' id='word_1_359' title='bbox 3981 1257 4157 1322; x_wconf 84' lang='lat' dir='ltr'><strong>Ecce</strong></span> <span class='ocrx_word' id='word_1_360' title='bbox 4202 1279 4386 1323; x_wconf 85' lang='lat' dir='ltr'><strong>nunc</strong></span> 
     </span>
     <span class='ocr_line' id='line_1_58' title="bbox 2834 1355 4386 1446; baseline 0.011 -31"><span class='ocrx_word' id='word_1_361' title='bbox 2834 1360 3100 1442; x_wconf 78' lang='lat' dir='ltr'><strong>tempus</strong></span> <span class='ocrx_word' id='word_1_362' title='bbox 3129 1355 3566 1446; x_wconf 84' lang='lat' dir='ltr'><strong>acceptabile,</strong></span> <span class='ocrx_word' id='word_1_363' title='bbox 3600 1382 3742 1428; x_wconf 88' lang='lat' dir='ltr'><strong>ecce</strong></span> <span class='ocrx_word' id='word_1_364' title='bbox 3793 1384 3975 1429; x_wconf 88' lang='lat' dir='ltr'><strong>nunc</strong></span> <span class='ocrx_word' id='word_1_365' title='bbox 4004 1364 4146 1430; x_wconf 80' lang='lat' dir='ltr'><strong>dies</strong></span> <span class='ocrx_word' id='word_1_366' title='bbox 4181 1363 4386 1431; x_wconf 83' lang='lat' dir='ltr'><strong>salu-</strong></span> 
     </span>
     <span class='ocr_line' id='line_1_59' title="bbox 2832 1458 4378 1551; baseline 0.01 -28"><span class='ocrx_word' id='word_1_367' title='bbox 2832 1460 2943 1537; x_wconf 78' lang='lat' dir='ltr'><strong>tis,</strong></span> <span class='ocrx_word' id='word_1_368' title='bbox 2994 1458 3064 1525; x_wconf 92' lang='lat' dir='ltr'><strong>in</strong></span> <span class='ocrx_word' id='word_1_369' title='bbox 3122 1460 3371 1551; x_wconf 88' lang='lat' dir='ltr'><strong>quibus</strong></span> <span class='ocrx_word' id='word_1_370' title='bbox 3418 1467 3603 1532; x_wconf 90' lang='lat' dir='ltr'><strong>auris</strong></span> <span class='ocrx_word' id='word_1_371' title='bbox 3666 1467 3783 1536; x_wconf 89' lang='lat' dir='ltr'><strong>Dei</strong></span> <span class='ocrx_word' id='word_1_372' title='bbox 3865 1476 3969 1537; x_wconf 90' lang='lat' dir='ltr'><strong>est</strong></span> <span class='ocrx_word' id='word_1_373' title='bbox 4031 1470 4378 1538; x_wconf 87' lang='lat' dir='ltr'><strong>inclinata.</strong></span> 
     </span>
     <span class='ocr_line' id='line_1_60' title="bbox 2831 1565 4387 1667; baseline 0.008 -35"><span class='ocrx_word' id='word_1_374' title='bbox 2831 1565 2940 1645; x_wconf 86' lang='lat' dir='ltr'><strong>Et,</strong></span> <span class='ocrx_word' id='word_1_375' title='bbox 2985 1566 3237 1634; x_wconf 86' lang='lat' dir='ltr'><strong>ibidem</strong></span> <span class='ocrx_word' id='word_1_376' title='bbox 3274 1571 3443 1637; x_wconf 87' lang='lat' dir='ltr'><strong>:Ait</strong></span> <span class='ocrx_word' id='word_1_377' title='bbox 3509 1574 3691 1640; x_wconf 85' lang='lat' dir='ltr'><strong>enim</strong></span> <span class='ocrx_word' id='word_1_378' title='bbox 3725 1598 3746 1640; x_wconf 93' lang='lat'><strong>.·</strong></span> <span class='ocrx_word' id='word_1_379' title='bbox 3801 1577 4127 1667; x_wconf 85' lang='lat' dir='ltr'><strong>Tempore</strong></span> <span class='ocrx_word' id='word_1_380' title='bbox 4193 1601 4387 1644; x_wconf 88' lang='lat' dir='ltr'><strong>acce-</strong></span> 
     </span>
     <span class='ocr_line' id='line_1_61' title="bbox 2825 1675 4385 1774; baseline 0.01 -36"><span class='ocrx_word' id='word_1_381' title='bbox 2825 1682 2946 1763; x_wconf 83' lang='lat' dir='ltr'><strong>pto</strong></span> <span class='ocrx_word' id='word_1_382' title='bbox 2978 1675 3306 1742; x_wconf 72' lang='lat' dir='ltr'><strong>exaudivi</strong></span> <span class='ocrx_word' id='word_1_383' title='bbox 3333 1687 3419 1756; x_wconf 88' lang='lat' dir='ltr'><strong>te,</strong></span> <span class='ocrx_word' id='word_1_384' title='bbox 3471 1689 3533 1746; x_wconf 88' lang='lat' dir='ltr'><strong>et</strong></span> <span class='ocrx_word' id='word_1_385' title='bbox 3572 1682 3643 1747; x_wconf 84' lang='lat' dir='ltr'><strong>in</strong></span> <span class='ocrx_word' id='word_1_386' title='bbox 3685 1681 3797 1749; x_wconf 85' lang='lat' dir='ltr'><strong>die</strong></span> <span class='ocrx_word' id='word_1_387' title='bbox 3848 1684 4102 1751; x_wconf 80' lang='lat' dir='ltr'><strong>salutis</strong></span> <span class='ocrx_word' id='word_1_388' title='bbox 4161 1685 4385 1774; x_wconf 85' lang='lat' dir='ltr'><strong>adju-</strong></span> 
     </span>
     <span class='ocr_line' id='line_1_62' title="bbox 2831 1779 3037 1848; baseline 0 -2"><span class='ocrx_word' id='word_1_389' title='bbox 2831 1779 2900 1846; x_wconf 88' lang='lat' dir='ltr'><strong>vi</strong></span> <span class='ocrx_word' id='word_1_390' title='bbox 2951 1789 3037 1848; x_wconf 89' lang='lat' dir='ltr'><strong>te.</strong></span> 
     </span>
    </p>
   </div>
   <div class='ocr_carea' id='block_1_9' title="bbox 2804 2101 4381 5751">
    <p class='ocr_par' dir='ltr' id='par_1_14' title="bbox 2819 2101 4381 3037">
     <span class='ocr_line' id='line_1_63' title="bbox 2919 2101 4381 2177; baseline 0.007 -11"><span class='ocrx_word' id='word_1_391' title='bbox 2919 2127 2952 2166; x_wconf 69' lang='grc' dir='ltr'><strong>α</strong></span> <span class='ocrx_word' id='word_1_392' title='bbox 2990 2101 3604 2171; x_wconf 84' lang='lat' dir='ltr'><strong>Circumdederunt</strong></span> <span class='ocrx_word' id='word_1_393' title='bbox 3658 2128 3789 2173; x_wconf 89' lang='lat' dir='ltr'><strong>me.</strong></span> <span class='ocrx_word' id='word_1_394' title='bbox 3825 2132 3858 2168; x_wconf 88' lang='lat'>»</span> <span class='ocrx_word' id='word_1_395' title='bbox 3950 2106 4079 2175; x_wconf 87' lang='lat' dir='ltr'><strong>llic</strong></span> <span class='ocrx_word' id='word_1_396' title='bbox 4132 2129 4381 2177; x_wconf 87' lang='lat' dir='ltr'><strong>secun-</strong></span> 
     </span>
     <span class='ocr_line' id='line_1_64' title="bbox 2829 2207 4376 2305; baseline 0.006 -29"><span class='ocrx_word' id='word_1_397' title='bbox 2829 2207 3012 2276; x_wconf 90' lang='lat' dir='ltr'><strong>dum.</strong></span> <span class='ocrx_word' id='word_1_398' title='bbox 3046 2208 3329 2278; x_wconf 88' lang='lat' dir='ltr'><strong>Ostensa</strong></span> <span class='ocrx_word' id='word_1_399' title='bbox 3356 2214 3538 2279; x_wconf 88' lang='lat' dir='ltr'><strong>enim</strong></span> <span class='ocrx_word' id='word_1_400' title='bbox 3563 2221 3744 2281; x_wconf 90' lang='lat' dir='ltr'><strong>certa</strong></span> <span class='ocrx_word' id='word_1_401' title='bbox 3772 2236 3891 2305; x_wconf 88' lang='lat' dir='ltr'><strong>spe</strong></span> <span class='ocrx_word' id='word_1_402' title='bbox 3917 2215 3999 2283; x_wconf 91' lang='lat' dir='ltr'><strong>de</strong></span> <span class='ocrx_word' id='word_1_403' title='bbox 4030 2215 4376 2285; x_wconf 90' lang='lat' dir='ltr'><strong>liberatio-</strong></span> 
     </span>
     <span class='ocr_line' id='line_1_65' title="bbox 2826 2319 4374 2400; baseline 0.006 -16"><span class='ocrx_word' id='word_1_404' title='bbox 2826 2339 2937 2400; x_wconf 90' lang='lat' dir='ltr'><strong>ne,</strong></span> <span class='ocrx_word' id='word_1_405' title='bbox 2980 2319 3365 2387; x_wconf 86' lang='lat' dir='ltr'><strong>ostenditur</strong></span> <span class='ocrx_word' id='word_1_406' title='bbox 3388 2322 3753 2389; x_wconf 87' lang='lat' dir='ltr'><strong>necessitas</strong></span> <span class='ocrx_word' id='word_1_407' title='bbox 3769 2320 4106 2391; x_wconf 88' lang='lat' dir='ltr'><strong>clamandi</strong></span> <span class='ocrx_word' id='word_1_408' title='bbox 4130 2348 4211 2393; x_wconf 90' lang='lat' dir='ltr'><strong>ex</strong></span> <span class='ocrx_word' id='word_1_409' title='bbox 4252 2327 4374 2394; x_wconf 92' lang='lat' dir='ltr'><strong>tri·</strong></span> 
     </span>
     <span class='ocr_line' id='line_1_66' title="bbox 2825 2423 4367 2524; baseline 0.006 -33"><span class='ocrx_word' id='word_1_410' title='bbox 2825 2423 3254 2494; x_wconf 89' lang='lat' dir='ltr'><strong>bulationum</strong></span> <span class='ocrx_word' id='word_1_411' title='bbox 3279 2428 3776 2516; x_wconf 83' lang='lat' dir='ltr'><strong>magnitudine,</strong></span> <span class='ocrx_word' id='word_1_412' title='bbox 3803 2438 3869 2498; x_wconf 90' lang='lat' dir='ltr'><strong>et</strong></span> <span class='ocrx_word' id='word_1_413' title='bbox 3894 2429 4152 2498; x_wconf 90' lang='lat' dir='ltr'><strong>clamor</strong></span> <span class='ocrx_word' id='word_1_414' title='bbox 4181 2434 4324 2524; x_wconf 87' lang='lat' dir='ltr'><strong>ipse</strong></span> <span class='ocrx_word' id='word_1_415' title='bbox 4353 2456 4367 2500; x_wconf 75' lang='grc' dir='ltr'><strong><em>ε</em></strong></span> 
     </span>
     <span class='ocr_line' id='line_1_67' title="bbox 2825 2535 4373 2623; baseline 0.005 -25"><span class='ocrx_word' id='word_1_416' title='bbox 2825 2540 2891 2599; x_wconf 88' lang='lat' dir='ltr'><strong>et</strong></span> <span class='ocrx_word' id='word_1_417' title='bbox 2923 2541 3292 2623; x_wconf 83' lang='lat' dir='ltr'><strong>tanguntur</strong></span> <span class='ocrx_word' id='word_1_418' title='bbox 3339 2537 3490 2603; x_wconf 91' lang='lat' dir='ltr'><strong>tria.</strong></span> <span class='ocrx_word' id='word_1_419' title='bbox 3558 2535 3814 2614; x_wconf 80' lang='lat' dir='ltr'><strong>Primn,</strong></span> <span class='ocrx_word' id='word_1_420' title='bbox 3875 2535 4373 2621; x_wconf 86' lang='lat' dir='ltr'><strong>tribulationes,</strong></span> 
     </span>
     <span class='ocr_line' id='line_1_68' title="bbox 2825 2640 4371 2727; baseline 0.005 -20"><span class='ocrx_word' id='word_1_421' title='bbox 2825 2650 2891 2707; x_wconf 89' lang='lat' dir='ltr'><strong>et</strong></span> <span class='ocrx_word' id='word_1_422' title='bbox 2937 2640 3245 2709; x_wconf 66' lang='lat' dir='ltr'><strong>miseriae.</strong></span> <span class='ocrx_word' id='word_1_423' title='bbox 3313 2641 3658 2723; x_wconf 86' lang='lat' dir='ltr'><strong>Secundo,</strong></span> <span class='ocrx_word' id='word_1_424' title='bbox 3711 2641 3971 2712; x_wconf 89' lang='lat' dir='ltr'><strong>clamor</strong></span> <span class='ocrx_word' id='word_1_425' title='bbox 3999 2645 4084 2712; x_wconf 91' lang='lat' dir='ltr'><strong>ad</strong></span> <span class='ocrx_word' id='word_1_426' title='bbox 4125 2645 4371 2727; x_wconf 90' lang='lat' dir='ltr'><strong>Deum,</strong></span> 
     </span>
     <span class='ocr_line' id='line_1_69' title="bbox 2821 2747 4375 2838; baseline 0.004 -24"><span class='ocrx_word' id='word_1_427' title='bbox 2821 2756 2887 2815; x_wconf 91' lang='lat' dir='ltr'><strong>et</strong></span> <span class='ocrx_word' id='word_1_428' title='bbox 2918 2747 3328 2838; x_wconf 83' lang='lat' dir='ltr'><strong>deprecatio,</strong></span> <span class='ocrx_word' id='word_1_429' title='bbox 3374 2749 3493 2832; x_wconf 91' lang='lat' dir='ltr'><strong>ibi,</strong></span> <span class='ocrx_word' id='word_1_430' title='bbox 3525 2756 3591 2825; x_wconf 56' lang='grc' dir='ltr'><strong>ᾗ.</strong></span> <span class='ocrx_word' id='word_1_431' title='bbox 3636 2751 3676 2817; x_wconf 69' lang='lat'><strong>-2</strong></span> <span class='ocrx_word' id='word_1_432' title='bbox 3713 2774 3729 2819; x_wconf 90' lang='lat'>:</span> <span class='ocrx_word' id='word_1_433' title='bbox 3776 2779 3805 2816; x_wconf 76' lang='grc' dir='ltr'>ι</span> <span class='ocrx_word' id='word_1_434' title='bbox 3842 2755 3938 2820; x_wconf 84' lang='lat' dir='ltr'><strong>Et</strong></span> <span class='ocrx_word' id='word_1_435' title='bbox 3961 2776 4202 2822; x_wconf 83' lang='lat' dir='ltr'><strong>nomen</strong></span> <span class='ocrx_word' id='word_1_436' title='bbox 4225 2758 4375 2822; x_wconf 90' lang='lat' dir='ltr'><strong>Do-</strong></span> 
     </span>
     <span class='ocr_line' id='line_1_70' title="bbox 2821 2854 4372 2937; baseline 0.008 -18"><span class='ocrx_word' id='word_1_437' title='bbox 2821 2854 3015 2922; x_wconf 84' lang='lat' dir='ltr'><strong>mini.</strong></span> <span class='ocrx_word' id='word_1_438' title='bbox 3083 2883 3114 2917; x_wconf 88' lang='lat'>»</span> <span class='ocrx_word' id='word_1_439' title='bbox 3181 2855 3432 2936; x_wconf 90' lang='lat' dir='ltr'><strong>Tertio,</strong></span> <span class='ocrx_word' id='word_1_440' title='bbox 3487 2857 3859 2936; x_wconf 84' lang='lat' dir='ltr'><strong>exauditiO,</strong></span> <span class='ocrx_word' id='word_1_441' title='bbox 3931 2859 4048 2937; x_wconf 87' lang='lat' dir='ltr'><strong>ibi,</strong></span> <span class='ocrx_word' id='word_1_442' title='bbox 4104 2862 4172 2927; x_wconf 90' lang='lat' dir='ltr'><strong>in</strong></span> <span class='ocrx_word' id='word_1_443' title='bbox 4238 2861 4372 2932; x_wconf 86' lang='lat' dir='ltr'><strong>fine</strong></span> 
     </span>
     <span class='ocr_line' id='line_1_71' title="bbox 2819 2961 3828 3037; baseline 0 -11"><span class='ocrx_word' id='word_1_444' title='bbox 2819 2966 2881 3037; x_wconf 57' lang='grc' dir='ltr'><strong>ὲ.</strong></span> <span class='ocrx_word' id='word_1_445' title='bbox 2927 2962 2967 3028; x_wconf 80' lang='grc'><strong>6</strong></span> <span class='ocrx_word' id='word_1_446' title='bbox 3010 2984 3026 3028; x_wconf 88' lang='lat'>:</span> <span class='ocrx_word' id='word_1_447' title='bbox 3064 2987 3098 3027; x_wconf 72' lang='lat' dir='ltr'><strong>«t</strong></span> <span class='ocrx_word' id='word_1_448' title='bbox 3132 2965 3227 3031; x_wconf 80' lang='lat' dir='ltr'><strong>Et</strong></span> <span class='ocrx_word' id='word_1_449' title='bbox 3267 2961 3584 3031; x_wconf 88' lang='lat' dir='ltr'><strong>liberavit</strong></span> <span class='ocrx_word' id='word_1_450' title='bbox 3622 2987 3752 3032; x_wconf 87' lang='lat' dir='ltr'><strong>me.</strong></span> <span class='ocrx_word' id='word_1_451' title='bbox 3796 2994 3828 3026; x_wconf 66' lang='lat' dir='ltr'><strong>a</strong></span> 
     </span>
    </p>

    <p class='ocr_par' dir='ltr' id='par_1_15' title="bbox 2815 3069 4372 3366">
     <span class='ocr_line' id='line_1_72' title="bbox 2907 3069 4366 3167; baseline 0.008 -32"><span class='ocrx_word' id='word_1_452' title='bbox 2907 3069 2984 3137; x_wconf 91' lang='lat' dir='ltr'><strong>In</strong></span> <span class='ocrx_word' id='word_1_453' title='bbox 3011 3072 3230 3161; x_wconf 89' lang='lat' dir='ltr'><strong>prima</strong></span> <span class='ocrx_word' id='word_1_454' title='bbox 3258 3071 3420 3142; x_wconf 83' lang='lat' dir='ltr'><strong>duo.</strong></span> <span class='ocrx_word' id='word_1_455' title='bbox 3457 3072 3719 3158; x_wconf 86' lang='lat' dir='ltr'><strong>Primo,</strong></span> <span class='ocrx_word' id='word_1_456' title='bbox 3754 3075 4060 3167; x_wconf 84' lang='lat' dir='ltr'><strong>tangitur</strong></span> <span class='ocrx_word' id='word_1_457' title='bbox 4082 3077 4366 3147; x_wconf 76' lang='lat' dir='ltr'><strong>afflictio</strong></span> 
     </span>
     <span class='ocr_line' id='line_1_73' title="bbox 2816 3178 4372 3271; baseline 0.006 -26"><span class='ocrx_word' id='word_1_458' title='bbox 2816 3200 2857 3245; x_wconf 91' lang='lat' dir='ltr'><strong>a</strong></span> <span class='ocrx_word' id='word_1_459' title='bbox 2892 3178 3038 3247; x_wconf 92' lang='lat' dir='ltr'><strong>Deo</strong></span> <span class='ocrx_word' id='word_1_460' title='bbox 3069 3203 3193 3271; x_wconf 90' lang='lat' dir='ltr'><strong>pro</strong></span> <span class='ocrx_word' id='word_1_461' title='bbox 3237 3182 3531 3271; x_wconf 85' lang='lat' dir='ltr'><strong>peccatis</strong></span> <span class='ocrx_word' id='word_1_462' title='bbox 3572 3182 3850 3252; x_wconf 81' lang='lat' dir='ltr'><strong>inflicta.</strong></span> <span class='ocrx_word' id='word_1_463' title='bbox 3897 3182 4241 3265; x_wconf 88' lang='lat' dir='ltr'><strong>Secundo,</strong></span> <span class='ocrx_word' id='word_1_464' title='bbox 4285 3186 4372 3255; x_wconf 88' lang='lat' dir='ltr'><strong>ab</strong></span> 
     </span>
     <span class='ocr_line' id='line_1_74' title="bbox 2815 3285 4368 3366; baseline 0.006 -15"><span class='ocrx_word' id='word_1_465' title='bbox 2815 3285 3211 3355; x_wconf 87' lang='lat' dir='ltr'><strong>hominibus</strong></span> <span class='ocrx_word' id='word_1_466' title='bbox 3241 3286 3450 3366; x_wconf 86' lang='lat' dir='ltr'><strong>illata,</strong></span> <span class='ocrx_word' id='word_1_467' title='bbox 3489 3287 3607 3366; x_wconf 84' lang='lat' dir='ltr'><strong>ibi,</strong></span> <span class='ocrx_word' id='word_1_468' title='bbox 3646 3316 3679 3355; x_wconf 69' lang='grc' dir='ltr'><strong>α</strong></span> <span class='ocrx_word' id='word_1_469' title='bbox 3726 3291 3785 3358; x_wconf 82' lang='lat' dir='ltr'><em>T</em></span> <span class='ocrx_word' id='word_1_470' title='bbox 3778 3290 4292 3361; x_wconf 84' lang='lat' dir='ltr'><strong>ribulationem.</strong></span> <span class='ocrx_word' id='word_1_471' title='bbox 4334 3319 4368 3360; x_wconf 75' lang='grc' dir='ltr'>ι</span> 
     </span>
    </p>

    <p class='ocr_par' dir='ltr' id='par_1_16' title="bbox 2804 3397 4368 3819">
     <span class='ocr_line' id='line_1_75' title="bbox 2904 3397 4367 3493; baseline 0.005 -28"><span class='ocrx_word' id='word_1_472' title='bbox 2904 3399 3204 3466; x_wconf 87' lang='lat' dir='ltr'><strong>Primam</strong></span> <span class='ocrx_word' id='word_1_473' title='bbox 3234 3398 3451 3489; x_wconf 81' lang='lat' dir='ltr'><strong>tangit</strong></span> <span class='ocrx_word' id='word_1_474' title='bbox 3481 3397 3819 3491; x_wconf 87' lang='lat' dir='ltr'><strong>duplicem</strong></span> <span class='ocrx_word' id='word_1_475' title='bbox 3852 3423 3868 3468; x_wconf 90' lang='lat'>:</span> <span class='ocrx_word' id='word_1_476' title='bbox 3895 3403 4367 3493; x_wconf 88' lang='lat' dir='ltr'><strong>temporalem,</strong></span> 
     </span>
     <span class='ocr_line' id='line_1_76' title="bbox 2816 3507 4366 3603; baseline 0.003 -25"><span class='ocrx_word' id='word_1_477' title='bbox 2816 3511 2883 3578; x_wconf 91' lang='lat' dir='ltr'><strong>in</strong></span> <span class='ocrx_word' id='word_1_478' title='bbox 2914 3530 3048 3600; x_wconf 91' lang='lat' dir='ltr'><strong>qua</strong></span> <span class='ocrx_word' id='word_1_479' title='bbox 3087 3507 3286 3575; x_wconf 87' lang='lat' dir='ltr'><strong>estin</strong></span> <span class='ocrx_word' id='word_1_480' title='bbox 3319 3530 3387 3574; x_wconf 88' lang='lat' dir='ltr'><strong>re</strong></span> <span class='ocrx_word' id='word_1_481' title='bbox 3435 3530 3449 3575; x_wconf 90' lang='lat'>:</span> <span class='ocrx_word' id='word_1_482' title='bbox 3483 3516 3551 3575; x_wconf 90' lang='lat' dir='ltr'><strong>et</strong></span> <span class='ocrx_word' id='word_1_483' title='bbox 3606 3515 3961 3589; x_wconf 79' lang='lat' dir='ltr'><strong>aeternam,</strong></span> <span class='ocrx_word' id='word_1_484' title='bbox 4024 3513 4092 3578; x_wconf 91' lang='lat' dir='ltr'><strong>in</strong></span> <span class='ocrx_word' id='word_1_485' title='bbox 4123 3536 4260 3603; x_wconf 90' lang='lat' dir='ltr'><strong>qua</strong></span> <span class='ocrx_word' id='word_1_486' title='bbox 4299 3516 4366 3582; x_wconf 91' lang='lat' dir='ltr'><strong>in</strong></span> 
     </span>
     <span class='ocr_line' id='line_1_77' title="bbox 2813 3616 4368 3709; baseline 0.004 -24"><span class='ocrx_word' id='word_1_487' title='bbox 2813 3617 3317 3709; x_wconf 82' lang='lat' dir='ltr'><strong>exspectatione</strong></span> <span class='ocrx_word' id='word_1_488' title='bbox 3355 3616 3409 3682; x_wconf 88' lang='lat' dir='ltr'><strong>si</strong></span> <span class='ocrx_word' id='word_1_489' title='bbox 3453 3638 3594 3684; x_wconf 91' lang='lat' dir='ltr'><strong>non</strong></span> <span class='ocrx_word' id='word_1_490' title='bbox 3638 3616 3986 3699; x_wconf 86' lang='lat' dir='ltr'><strong>exaudiat,</strong></span> <span class='ocrx_word' id='word_1_491' title='bbox 4030 3620 4149 3702; x_wconf 86' lang='lat' dir='ltr'><strong>ibi,</strong></span> <span class='ocrx_word' id='word_1_492' title='bbox 4195 3647 4226 3685; x_wconf 76' lang='grc' dir='ltr'>ι</span> <span class='ocrx_word' id='word_1_493' title='bbox 4272 3624 4368 3690; x_wconf 83' lang='lat' dir='ltr'><strong>Et</strong></span> 
     </span>
     <span class='ocr_line' id='line_1_78' title="bbox 2804 3723 3223 3819; baseline -0.01 -24"><span class='ocrx_word' id='word_1_494' title='bbox 2804 3723 3142 3819; x_wconf 83' lang='lat' dir='ltr'><strong>pericula.</strong></span> <span class='ocrx_word' id='word_1_495' title='bbox 3191 3752 3223 3786; x_wconf 73' lang='grc' dir='ltr'><strong>»ο</strong></span> 
     </span>
    </p>

    <p class='ocr_par' dir='ltr' id='par_1_17' title="bbox 2810 3832 4373 5751">
     <span class='ocr_line' id='line_1_79' title="bbox 2900 3832 4364 3927; baseline 0.003 -24"><span class='ocrx_word' id='word_1_496' title='bbox 2900 3834 3080 3903; x_wconf 84' lang='lat' dir='ltr'><strong>Dicit</strong></span> <span class='ocrx_word' id='word_1_497' title='bbox 3107 3856 3272 3925; x_wconf 85' lang='lat' dir='ltr'><strong>ergo</strong></span> <span class='ocrx_word' id='word_1_498' title='bbox 3316 3857 3332 3901; x_wconf 71' lang='grc' dir='ltr'>ε</span> <span class='ocrx_word' id='word_1_499' title='bbox 3379 3832 3496 3903; x_wconf 91' lang='lat' dir='ltr'><strong>Sic</strong></span> <span class='ocrx_word' id='word_1_500' title='bbox 3524 3832 3689 3914; x_wconf 86' lang='lat' dir='ltr'><strong>dixi,</strong></span> <span class='ocrx_word' id='word_1_501' title='bbox 3733 3834 3919 3927; x_wconf 86' lang='lat' dir='ltr'><strong>quod</strong></span> <span class='ocrx_word' id='word_1_502' title='bbox 3940 3844 4162 3905; x_wconf 88' lang='lat' dir='ltr'><strong>certus</strong></span> <span class='ocrx_word' id='word_1_503' title='bbox 4209 3862 4364 3908; x_wconf 84' lang='lat' dir='ltr'><strong>sum</strong></span> 
     </span>
     <span class='ocr_line' id='line_1_80' title="bbox 2812 3941 4362 4034; baseline 0.004 -24"><span class='ocrx_word' id='word_1_504' title='bbox 2812 3942 2995 4034; x_wconf 86' lang='lat' dir='ltr'><strong>quod</strong></span> <span class='ocrx_word' id='word_1_505' title='bbox 3058 3941 3375 4011; x_wconf 81' lang='lat' dir='ltr'><strong>exaudiet</strong></span> <span class='ocrx_word' id='word_1_506' title='bbox 3455 3941 3893 4025; x_wconf 85' lang='lat' dir='ltr'><strong>clamantem,</strong></span> <span class='ocrx_word' id='word_1_507' title='bbox 3964 3954 4028 4013; x_wconf 87' lang='lat' dir='ltr'><strong>et</strong></span> <span class='ocrx_word' id='word_1_508' title='bbox 4087 3969 4362 4016; x_wconf 86' lang='lat' dir='ltr'><strong>necesse</strong></span> 
     </span>
     <span class='ocr_line' id='line_1_81' title="bbox 2811 4035 4365 4140; baseline 0.006 -24"><span class='ocrx_word' id='word_1_509' title='bbox 2811 4046 3055 4130; x_wconf 85' lang='lat' dir='ltr'><strong>habeo,</strong></span> <span class='ocrx_word' id='word_1_510' title='bbox 3090 4035 3255 4140; x_wconf 81' lang='lat' dir='ltr'><strong>quia</strong></span> <span class='ocrx_word' id='word_1_511' title='bbox 3293 4075 3327 4113; x_wconf 72' lang='grc' dir='ltr'><strong>α</strong></span> <span class='ocrx_word' id='word_1_512' title='bbox 3360 4048 3956 4119; x_wconf 84' lang='lat' dir='ltr'><strong>circumdederunt</strong></span> <span class='ocrx_word' id='word_1_513' title='bbox 4004 4076 4132 4130; x_wconf 83' lang='lat' dir='ltr'><strong>me,</strong></span> <span class='ocrx_word' id='word_1_514' title='bbox 4172 4081 4206 4119; x_wconf 67' lang='lat' dir='ltr'><strong>n</strong></span> <span class='ocrx_word' id='word_1_515' title='bbox 4238 4078 4365 4124; x_wconf 90' lang='lat' dir='ltr'><strong>un-</strong></span> 
     </span>
     <span class='ocr_line' id='line_1_82' title="bbox 2810 4154 4362 4254; baseline 0.006 -30"><span class='ocrx_word' id='word_1_516' title='bbox 2810 4156 3014 4249; x_wconf 86' lang='lat' dir='ltr'><strong>dique</strong></span> <span class='ocrx_word' id='word_1_517' title='bbox 3051 4154 3395 4247; x_wconf 85' lang='lat' dir='ltr'><strong>stipando,</strong></span> <span class='ocrx_word' id='word_1_518' title='bbox 3432 4182 3466 4221; x_wconf 73' lang='grc' dir='ltr'>ι</span> <span class='ocrx_word' id='word_1_519' title='bbox 3509 4155 3779 4225; x_wconf 80' lang='lat' dir='ltr'><strong>dolores</strong></span> <span class='ocrx_word' id='word_1_520' title='bbox 3808 4161 4074 4240; x_wconf 80' lang='lat' dir='ltr'><strong>mortis,</strong></span> <span class='ocrx_word' id='word_1_521' title='bbox 4122 4189 4155 4223; x_wconf 70' lang='grc' dir='ltr'><strong>ιι</strong></span> <span class='ocrx_word' id='word_1_522' title='bbox 4197 4184 4362 4254; x_wconf 83' lang='lat' dir='ltr'><strong>pec—</strong></span> 
     </span>
     <span class='ocr_line' id='line_1_83' title="bbox 2812 4260 4355 4354; baseline 0.004 -22"><span class='ocrx_word' id='word_1_523' title='bbox 2812 4272 2985 4345; x_wconf 87' lang='lat' dir='ltr'><strong>cata,</strong></span> <span class='ocrx_word' id='word_1_524' title='bbox 3009 4285 3162 4354; x_wconf 80' lang='lat' dir='ltr'><strong>quae</strong></span> <span class='ocrx_word' id='word_1_525' title='bbox 3190 4272 3348 4332; x_wconf 86' lang='lat' dir='ltr'><strong>sunt</strong></span> <span class='ocrx_word' id='word_1_526' title='bbox 3370 4260 3688 4331; x_wconf 87' lang='lat' dir='ltr'><strong>dolorum</strong></span> <span class='ocrx_word' id='word_1_527' title='bbox 3718 4285 3950 4344; x_wconf 82' lang='lat' dir='ltr'><strong>causa,</strong></span> <span class='ocrx_word' id='word_1_528' title='bbox 3984 4275 4050 4335; x_wconf 87' lang='lat' dir='ltr'><strong>et</strong></span> <span class='ocrx_word' id='word_1_529' title='bbox 4089 4271 4355 4339; x_wconf 86' lang='lat' dir='ltr'><strong>mortis.</strong></span> 
     </span>
     <span class='ocr_line' id='line_1_84' title="bbox 2816 4369 4365 4463; baseline 0.005 -24"><span class='ocrx_word' id='word_1_530' title='bbox 2816 4371 3061 4463; x_wconf 81' lang='lat' dir='ltr'><strong>Supra,</strong></span> <span class='ocrx_word' id='word_1_531' title='bbox 3096 4371 3167 4438; x_wconf 92' lang='lat' dir='ltr'><strong>in</strong></span> <span class='ocrx_word' id='word_1_532' title='bbox 3194 4369 3376 4438; x_wconf 88' lang='lat' dir='ltr'><strong>Psal.</strong></span> <span class='ocrx_word' id='word_1_533' title='bbox 3423 4392 3659 4451; x_wconf 76' lang='lat' dir='ltr'><strong>xxxix,</strong></span> <span class='ocrx_word' id='word_1_534' title='bbox 3692 4371 3772 4440; x_wconf 86' lang='lat'><strong>13</strong></span> <span class='ocrx_word' id='word_1_535' title='bbox 3814 4392 3832 4439; x_wconf 74' lang='grc' dir='ltr'><strong><em>ε</em></strong></span> <span class='ocrx_word' id='word_1_536' title='bbox 3872 4373 4365 4446; x_wconf 84' lang='lat' dir='ltr'><strong>Circumdede-</strong></span> 
     </span>
     <span class='ocr_line' id='line_1_85' title="bbox 2812 4478 4362 4577; baseline 0.005 -28"><span class='ocrx_word' id='word_1_537' title='bbox 2812 4490 2975 4549; x_wconf 82' lang='lat' dir='ltr'><strong>runt</strong></span> <span class='ocrx_word' id='word_1_538' title='bbox 2999 4501 3107 4547; x_wconf 90' lang='lat' dir='ltr'><strong>me</strong></span> <span class='ocrx_word' id='word_1_539' title='bbox 3142 4479 3364 4562; x_wconf 87' lang='lat' dir='ltr'><strong>mala,</strong></span> <span class='ocrx_word' id='word_1_540' title='bbox 3414 4487 3766 4571; x_wconf 86' lang='lat' dir='ltr'><strong>tamquam</strong></span> <span class='ocrx_word' id='word_1_541' title='bbox 3816 4478 4016 4552; x_wconf 74' lang='lat' dir='ltr'><strong>funes</strong></span> <span class='ocrx_word' id='word_1_542' title='bbox 4053 4486 4362 4577; x_wconf 84' lang='lat' dir='ltr'><strong>quidam.</strong></span> 
     </span>
     <span class='ocr_line' id='line_1_86' title="bbox 2812 4584 4372 4679; baseline 0.004 -25"><span class='ocrx_word' id='word_1_543' title='bbox 2812 4584 3141 4655; x_wconf 73' lang='lat' dir='ltr'><strong>Proverb.</strong></span> <span class='ocrx_word' id='word_1_544' title='bbox 3160 4608 3230 4665; x_wconf 79' lang='lat' dir='ltr'><strong>v,</strong></span> <span class='ocrx_word' id='word_1_545' title='bbox 3254 4587 3340 4654; x_wconf 87' lang='grc'><strong>22</strong></span> <span class='ocrx_word' id='word_1_546' title='bbox 3374 4607 3391 4653; x_wconf 88' lang='lat'><strong>:</strong></span> <span class='ocrx_word' id='word_1_547' title='bbox 3426 4586 3496 4654; x_wconf 83' lang='lat' dir='ltr'><em>F</em></span> <span class='ocrx_word' id='word_1_548' title='bbox 3491 4585 3743 4654; x_wconf 80' lang='lat' dir='ltr'><strong>unibus</strong></span> <span class='ocrx_word' id='word_1_549' title='bbox 3762 4599 4201 4679; x_wconf 85' lang='lat' dir='ltr'><strong>peccatorum</strong></span> <span class='ocrx_word' id='word_1_550' title='bbox 4213 4616 4372 4663; x_wconf 82' lang='lat' dir='ltr'><strong>suo·</strong></span> 
     </span>
     <span class='ocr_line' id='line_1_87' title="bbox 2814 4692 4369 4784; baseline 0.005 -23"><span class='ocrx_word' id='word_1_551' title='bbox 2814 4715 2967 4761; x_wconf 86' lang='lat' dir='ltr'><strong>rum</strong></span> <span class='ocrx_word' id='word_1_552' title='bbox 3021 4693 3310 4784; x_wconf 87' lang='lat' dir='ltr'><strong>quisque</strong></span> <span class='ocrx_word' id='word_1_553' title='bbox 3357 4692 3878 4783; x_wconf 78' lang='lat' dir='ltr'><strong>constrinqitur.</strong></span> <span class='ocrx_word' id='word_1_554' title='bbox 3943 4694 4121 4765; x_wconf 89' lang='lat' dir='ltr'><strong>Sunt</strong></span> <span class='ocrx_word' id='word_1_555' title='bbox 4172 4696 4369 4769; x_wconf 77' lang='lat' dir='ltr'><strong>funes</strong></span> 
     </span>
     <span class='ocr_line' id='line_1_88' title="bbox 2813 4796 4364 4891; baseline 0.005 -22"><span class='ocrx_word' id='word_1_556' title='bbox 2813 4799 3094 4880; x_wconf 79' lang='lat' dir='ltr'><strong>doloris,</strong></span> <span class='ocrx_word' id='word_1_557' title='bbox 3148 4806 3215 4866; x_wconf 87' lang='lat' dir='ltr'><strong>et</strong></span> <span class='ocrx_word' id='word_1_558' title='bbox 3267 4799 3533 4877; x_wconf 87' lang='lat' dir='ltr'><strong>mortis,</strong></span> <span class='ocrx_word' id='word_1_559' title='bbox 3603 4799 3765 4891; x_wconf 88' lang='lat' dir='ltr'><strong>quia</strong></span> <span class='ocrx_word' id='word_1_560' title='bbox 3818 4796 4069 4870; x_wconf 88' lang='lat' dir='ltr'><strong>horum</strong></span> <span class='ocrx_word' id='word_1_561' title='bbox 4134 4826 4364 4877; x_wconf 86' lang='lat' dir='ltr'><strong>causa.</strong></span> 
     </span>
     <span class='ocr_line' id='line_1_89' title="bbox 2817 4905 4369 4999; baseline 0.006 -24"><span class='ocrx_word' id='word_1_562' title='bbox 2817 4908 3123 4999; x_wconf 85' lang='lat' dir='ltr'><strong>Sapient.</strong></span> <span class='ocrx_word' id='word_1_563' title='bbox 3158 4927 3208 4989; x_wconf 89' lang='grc' dir='ltr'><strong>ι,</strong></span> <span class='ocrx_word' id='word_1_564' title='bbox 3247 4905 3327 4974; x_wconf 85' lang='grc'><strong>13</strong></span> <span class='ocrx_word' id='word_1_565' title='bbox 3349 4914 3416 4974; x_wconf 89' lang='lat' dir='ltr'><strong>et</strong></span> <span class='ocrx_word' id='word_1_566' title='bbox 3452 4907 3531 4973; x_wconf 74' lang='grc'>16</span> <span class='ocrx_word' id='word_1_567' title='bbox 3575 4928 3591 4973; x_wconf 90' lang='lat'>:</span> <span class='ocrx_word' id='word_1_568' title='bbox 3650 4908 3843 4974; x_wconf 78' lang='lat' dir='ltr'><strong>Deus</strong></span> <span class='ocrx_word' id='word_1_569' title='bbox 3897 4920 4184 4979; x_wconf 83' lang='lat' dir='ltr'><strong>mortem</strong></span> <span class='ocrx_word' id='word_1_570' title='bbox 4230 4937 4369 4984; x_wconf 90' lang='lat' dir='ltr'><strong>non</strong></span> 
     </span>
     <span class='ocr_line' id='line_1_90' title="bbox 2812 5012 4371 5108; baseline 0.005 -24"><span class='ocrx_word' id='word_1_571' title='bbox 2812 5017 3090 5108; x_wconf 51' lang='lat' dir='ltr'><strong>secia...</strong></span> <span class='ocrx_word' id='word_1_572' title='bbox 3135 5014 3337 5106; x_wconf 81' lang='lat' dir='ltr'><strong>impii</strong></span> <span class='ocrx_word' id='word_1_573' title='bbox 3371 5021 3605 5082; x_wconf 85' lang='lat' dir='ltr'><strong>autem</strong></span> <span class='ocrx_word' id='word_1_574' title='bbox 3660 5012 3985 5084; x_wconf 78' lang='lat' dir='ltr'><strong>manibus</strong></span> <span class='ocrx_word' id='word_1_575' title='bbox 4040 5029 4106 5086; x_wconf 84' lang='lat' dir='ltr'><strong>et</strong></span> <span class='ocrx_word' id='word_1_576' title='bbox 4154 5021 4371 5092; x_wconf 84' lang='lat' dir='ltr'><strong>verbis</strong></span> 
     </span>
     <span class='ocr_line' id='line_1_91' title="bbox 2814 5121 4364 5211; baseline 0.005 -17"><span class='ocrx_word' id='word_1_577' title='bbox 2814 5124 3265 5194; x_wconf 84' lang='lat' dir='ltr'><strong>accersierunt</strong></span> <span class='ocrx_word' id='word_1_578' title='bbox 3310 5121 3541 5192; x_wconf 85' lang='lat' dir='ltr'><strong>illam.</strong></span> <span class='ocrx_word' id='word_1_579' title='bbox 3605 5121 4047 5193; x_wconf 77' lang='lat' dir='ltr'><strong>circumdant</strong></span> <span class='ocrx_word' id='word_1_580' title='bbox 4108 5138 4364 5211; x_wconf 89' lang='lat' dir='ltr'><strong>autem,</strong></span> 
     </span>
     <span class='ocr_line' id='line_1_92' title="bbox 2813 5228 4373 5329; baseline 0.001 -26"><span class='ocrx_word' id='word_1_581' title='bbox 2813 5240 2969 5303; x_wconf 88' lang='lat' dir='ltr'><strong>ante</strong></span> <span class='ocrx_word' id='word_1_582' title='bbox 2999 5230 3307 5300; x_wconf 89' lang='lat' dir='ltr'><strong>dolorem</strong></span> <span class='ocrx_word' id='word_1_583' title='bbox 3346 5228 3716 5322; x_wconf 67' lang='lat' dir='ltr'><strong>praebendo</strong></span> <span class='ocrx_word' id='word_1_584' title='bbox 3754 5253 3881 5321; x_wconf 90' lang='lat' dir='ltr'><strong>pro</strong></span> <span class='ocrx_word' id='word_1_585' title='bbox 3937 5238 4189 5325; x_wconf 89' lang='lat' dir='ltr'><strong>apertis</strong></span> <span class='ocrx_word' id='word_1_586' title='bbox 4217 5261 4373 5329; x_wconf 83' lang='lat' dir='ltr'><strong>pec-</strong></span> 
     </span>
     <span class='ocr_line' id='line_1_93' title="bbox 2814 5336 4370 5424; baseline 0.004 -14"><span class='ocrx_word' id='word_1_587' title='bbox 2814 5341 3005 5420; x_wconf 87' lang='lat' dir='ltr'><strong>catis,</strong></span> <span class='ocrx_word' id='word_1_588' title='bbox 3030 5336 3214 5406; x_wconf 87' lang='lat' dir='ltr'><strong>Psal.</strong></span> <span class='ocrx_word' id='word_1_589' title='bbox 3241 5361 3305 5424; x_wconf 87' lang='lat'><strong>1.,</strong></span> <span class='ocrx_word' id='word_1_590' title='bbox 3338 5341 3379 5409; x_wconf 81' lang='lat'>5</span> <span class='ocrx_word' id='word_1_591' title='bbox 3415 5360 3432 5408; x_wconf 91' lang='lat'><strong>:</strong></span> <span class='ocrx_word' id='word_1_592' title='bbox 3466 5341 3835 5407; x_wconf 83' lang='lat' dir='ltr'><strong>Peccatum</strong></span> <span class='ocrx_word' id='word_1_593' title='bbox 3865 5361 4093 5411; x_wconf 87' lang='lat' dir='ltr'><strong>meum</strong></span> <span class='ocrx_word' id='word_1_594' title='bbox 4131 5356 4370 5417; x_wconf 86' lang='lat' dir='ltr'><strong>contra</strong></span> 
     </span>
     <span class='ocr_line' id='line_1_94' title="bbox 2813 5444 4366 5540; baseline 0.005 -24"><span class='ocrx_word' id='word_1_595' title='bbox 2813 5472 2921 5517; x_wconf 87' lang='lat' dir='ltr'><strong>me</strong></span> <span class='ocrx_word' id='word_1_596' title='bbox 2948 5458 3046 5516; x_wconf 81' lang='lat' dir='ltr'><strong>est</strong></span> <span class='ocrx_word' id='word_1_597' title='bbox 3069 5468 3356 5539; x_wconf 80' lang='lat' dir='ltr'><strong>semper.</strong></span> <span class='ocrx_word' id='word_1_598' title='bbox 3382 5446 3442 5513; x_wconf 80' lang='lat' dir='ltr'>A</span> <span class='ocrx_word' id='word_1_599' title='bbox 3467 5444 3858 5537; x_wconf 87' lang='lat' dir='ltr'><strong>posteriori,</strong></span> <span class='ocrx_word' id='word_1_600' title='bbox 3893 5471 4021 5540; x_wconf 89' lang='lat' dir='ltr'><strong>pro</strong></span> <span class='ocrx_word' id='word_1_601' title='bbox 4055 5450 4366 5537; x_wconf 86' lang='lat' dir='ltr'><strong>occultis,</strong></span> 
     </span>
     <span class='ocr_line' id='line_1_95' title="bbox 2815 5549 4372 5635; baseline 0.004 -11"><span class='ocrx_word' id='word_1_602' title='bbox 2815 5554 2996 5624; x_wconf 87' lang='lat' dir='ltr'><strong>l‘sal.</strong></span> <span class='ocrx_word' id='word_1_603' title='bbox 3030 5577 3177 5635; x_wconf 83' lang='lat' dir='ltr'><strong>xm,</strong></span> <span class='ocrx_word' id='word_1_604' title='bbox 3226 5553 3305 5622; x_wconf 90' lang='grc'><strong>18</strong></span> <span class='ocrx_word' id='word_1_605' title='bbox 3342 5575 3358 5622; x_wconf 89' lang='lat'>:</span> <span class='ocrx_word' id='word_1_606' title='bbox 3409 5549 3517 5622; x_wconf 81' lang='lat' dir='ltr'><strong>Ab</strong></span> <span class='ocrx_word' id='word_1_607' title='bbox 3562 5551 3850 5621; x_wconf 82' lang='lat' dir='ltr'><strong>occultis</strong></span> <span class='ocrx_word' id='word_1_608' title='bbox 3896 5558 4068 5625; x_wconf 79' lang='lat' dir='ltr'><strong>meis</strong></span> <span class='ocrx_word' id='word_1_609' title='bbox 4104 5561 4372 5631; x_wconf 87' lang='lat' dir='ltr'><strong>munda</strong></span> 
     </span>
     <span class='ocr_line' id='line_1_96' title="bbox 2821 5659 4369 5751; baseline 0.005 -21"><span class='ocrx_word' id='word_1_610' title='bbox 2821 5688 2949 5743; x_wconf 78' lang='lat' dir='ltr'><strong>nee,</strong></span> <span class='ocrx_word' id='word_1_611' title='bbox 2982 5661 3297 5730; x_wconf 80' lang='lat' dir='ltr'><strong>Domine.</strong></span> <span class='ocrx_word' id='word_1_612' title='bbox 3349 5662 3401 5728; x_wconf 89' lang='grc' dir='ltr'><strong>Λ</strong></span> <span class='ocrx_word' id='word_1_613' title='bbox 3437 5659 3717 5743; x_wconf 80' lang='lat' dir='ltr'><strong>dextris,</strong></span> <span class='ocrx_word' id='word_1_614' title='bbox 3770 5683 3894 5751; x_wconf 83' lang='lat' dir='ltr'><strong>pro</strong></span> <span class='ocrx_word' id='word_1_615' title='bbox 3948 5668 4216 5746; x_wconf 73' lang='lat' dir='ltr'><strong>creatiS,</strong></span> <span class='ocrx_word' id='word_1_616' title='bbox 4285 5693 4369 5737; x_wconf 85' lang='lat' dir='ltr'><strong>ex</strong></span> 
     </span>
    </p>
   </div>
   <div class='ocr_carea' id='block_1_10' title="bbox 4054 5804 4114 5855">
    <p class='ocr_par' dir='ltr' id='par_1_18' title="bbox 4054 5804 4114 5855">
     <span class='ocr_line' id='line_1_97' title="bbox 4054 5804 4114 5855; baseline 0 0"><span class='ocrx_word' id='word_1_617' title='bbox 4054 5804 4114 5855; x_wconf 72' lang='lat'><strong>14</strong></span> 
     </span>
    </p>
   </div>
  </div>
 </body>
</html>
