5008 6329
628 250 711 316 86
1629 239 1714 306 D.
1766 236 1966 303 ALB.
2019 231 2237 299 MAG.

622 438 1002 506 proponam
1069 416 1272 482 hodie
1348 422 1508 479 ante
1601 407 1836 475 oculos
1903 414 2174 470 vestros.

626 525 1134 602 Ilaereclitatem‚
1170 530 1451 612 propter
1482 518 1674 608 regni
1714 516 1950 583 aeterni
1979 515 2184 604 parti-

627 634 1057 724 cipationem.
1103 628 1287 696 Psal.
1319 651 1388 704 11,
1427 628 1466 693 8
1503 626 1745 693 :Dabo
1779 624 1908 691 tibi
1941 626 2181 694 Gentes

625 742 1086 808 leoeredilatem
1121 747 1341 803 tuam.

723 1087 754 1121 «
813 1058 1252 1123 Peccavimus
1328 1079 1483 1122 cum
1536 1053 1881 1146 patribus.
1949 1077 1980 1118 ι)
2049 1052 2179 1120 Hie

277 1185 459 1241 Quam
483 1195 596 1241 pm
628 1170 968 1253 quartum,
1022 1163 1092 1228 in
1141 1184 1278 1251 quo
1329 1159 1675 1250 specificat
1716 1156 2070 1238 beneficia,
2114 1165 2178 1224 et

346 1237 541 1284 Psalmi.

396 5167 451 5230 ¹!

623 1270 959 1337 descendit
1002 1269 1087 1336 ad
1127 1268 1266 1347 illa,
1312 1291 1433 1359 per
1472 1290 1624 1358 quae
1658 1266 1840 1333 Deus
1881 1273 1980 1333 est
2026 1264 2178 1331 lau-

621 1379 918 1446 dandus:
957 1387 1020 1445 et
1051 1377 1381 1445 dividitur
1419 1377 1489 1442 in
1522 1374 1715 1442 duas.
1760 1373 2022 1451 Primo,
2056 1396 2175 1462 pro

619 1489 874 1554 ratione
920 1485 1141 1552 laudis
1181 1485 1463 1575 ponitur
1510 1482 1820 1550 dimissio
1861 1480 2178 1548 multitu-

618 1594 791 1661 dinis
824 1603 1257 1683 peccatorum
1300 1590 1528 1681 quoad
1569 1589 1866 1679 culpam.
1922 1588 2177 1657 Secun-

616 1701 728 1782 do,
800 1703 1050 1791 petitur
1105 1709 1179 1767 ut
1243 1699 1654 1767 beneficium
1724 1697 2170 1788 compleatur,

617 1810 811 1901 plena
843 1809 1130 1877 salvatio
1164 1809 1387 1900 quoad
1435 1832 1655 1900 poenae
1702 1807 2170 1875 dimissionem

613 1917 984 2008 plenariam
1061 1926 1129 1984 et
1205 1914 1655 1997 oblationem,
1728 1914 1846 1993 ibi,
1907 1921 1970 1989 5.
2033 1914 2168 1982 47:

616 2052 650 2088 «
683 2024 928 2094 Salvas
967 2047 1088 2090 nos
1116 2026 1258 2113 sac.
1298 2050 1332 2085 ι»

701 2131 776 2199 In
840 2133 1057 2222 peZma
1125 2131 1287 2197 duo,
1380 2129 1643 2208 Prima,
1725 2131 2021 2196 narratio
2088 2127 2170 2194 de

616 2240 1042 2308 multitrline
1120 2249 1558 2330 peccatorum
1629 2238 1812 2305 illius
1906 2236 2163 2328 populi.

615 2349 951 2426 Secundo,
1050 2347 1357 2414 dimissio
1441 2354 2000 2414 enumeratorum
2105 2352 2169 2411 et

611 2469 1062 2535 narratorum,
1108 2457 1227 2538 ibi,
1288 2464 1352 2532 ἵ.
1391 2457 1522 2524 44:
1570 2483 1603 2521 α
1650 2458 1745 2524 Et
1799 2455 1977 2522 vidit
2013 2478 2168 2522 cum

611 2566 1136 2634 tribularentur.
1169 2594 1202 2626 υ

700 2674 775 2741 ln
806 2678 1024 2764 prima
1055 2675 1216 2750 duo,
1256 2674 1519 2753 Primo,
1591 2682 1955 2740 narrantur
2009 2696 2171 2763 pec-

610 2790 754 2848 cata
822 2805 1057 2847 eurum
1129 2781 1195 2846 in
1270 2779 1599 2871 generali.
1674 2779 2019 2855 Secunda,
2101 2779 2166 2846 in

607 2889 905 2981 speciali,
986 2888 1103 2969 ibi,
1175 2898 1239 2965 5.
1285 2889 1370 2956 7:
1428 2915 1463 2951 α
1524 2891 1770 2956 Patres
1825 2889 2043 2954 nostri
2097 2888 2166 2954 iu

611 2999 946 3088 :quptm
995 3022 1026 3061 s

700 3103 772 3173 ln
805 3106 1023 3196 prima
1062 3105 1225 3173 duo.
1272 3102 1537 3185 Primo,
1573 3106 1643 3173 in
1687 3126 1978 3196 persona
2005 3126 2168 3196 pee-

608 3214 851 3280 catoris
908 3211 1140 3304 populi
1172 3210 1491 3304 loquens,
1550 3213 1914 3281 confitetur
1941 3235 2012 3280 se
2043 3234 2170 3303 pa-

609 3333 743 3391 tres
774 3326 839 3391 in
872 3332 1147 3414 peceato
1187 3325 1491 3391 imitatos
1541 3323 1771 3391 fuisse.
1818 3321 2162 3403 Secunde,

611 3429 792 3521 quod
849 3430 916 3497 in
994 3436 1284 3521 utroque
1353 3429 1676 3520 peccandi
1751 3451 2024 3520 genere,
2103 3438 2168 3497 et

610 3545 842 3606 contra
882 3535 1128 3617 Deum,
1181 3545 1245 3604 et
1297 3545 1539 3604 contra
1576 3535 1999 3627 proximum,
2042 3533 2162 3615 ibi,

612 3674 643 3707 ιι
691 3643 981 3734 Injuste.
1020 3671 1054 3706 ιι

699 3749 868 3818 Dicit
901 3772 1102 3840 ergo:
1140 3746 1256 3818 Sic
1295 3749 1582 3818 invitavi
1615 3747 1698 3816 ad
1740 3746 2054 3816 laudem:
2099 3756 2167 3817 et

605 3858 886 3950 «lignum
918 3868 1021 3927 est
1062 3869 1135 3926 ut
1190 3857 1577 3927 laudemus.
1613 3855 1766 3938 vel,
1798 3857 1885 3926 ad
1935 3857 2164 3948 proxi·

606 3990 795 4035 mum
891 3973 1112 4058 potest
1189 3964 1578 4034 continuari
1678 3987 1694 4034 ε
1794 3964 1908 4032 Sic
1990 3964 2165 4056 petis

603 4084 678 4143 ut
748 4075 1004 4142 visites,
1086 4073 1169 4142 Et
1232 4073 1365 4143 hoc
1432 4073 1917 4154 necessarium,
2005 4072 2166 4165 quia

607 4207 640 4246 ιι
688 4185 1117 4273 peceat-imus
1190 4204 1348 4250 cum
1393 4182 1728 4275 patribus
1781 4182 2056 4268 nostris,
2117 4210 2151 4245 ιι

604 4288 786 4379 ipsos
849 4288 1103 4359 scilicet
1178 4288 1540 4367 imitando.
1604 4314 1639 4357 ι
1700 4290 1964 4379 injuste
2012 4291 2163 4381 eqt'-

601 4416 775 4471 mus,
842 4422 873 4459 ιι
932 4405 1170 4464 contra
1225 4398 1650 4487 proximum,
1726 4424 1760 4458 ιι
1825 4394 2165 4486 iniquita-

601 4509 731 4567 tem
802 4502 1118 4590 lec-Imus,
1210 4527 1243 4564 ιι
1323 4511 1561 4571 eontra
1635 4499 1883 4570 Deum.
1972 4498 2158 4567 ldem

601 4605 906 4688 omnine,
1025 4601 1293 4683 Judith,
1398 4627 1520 4688 vu,
1653 4605 1755 4671 ¹9.
1890 4601 2153 4671 Daniel.

602 4733 694 4789 ix,
735 4712 866 4778 15:
927 4713 1393 4792 Peccavimus,
1482 4712 1920 4805 iniquitatem
1984 4711 2160 4801 seci-

601 4841 775 4886 mus.

697 5172 730 5211 «
771 5147 1014 5215 Patres
1067 5151 1310 5218 nostri.
1369 5177 1402 5212 »
1457 5149 1585 5220 llic
1633 5151 2034 5235 secundum,
2085 5158 2154 5226 in

606 5277 742 5347 quo
771 5268 1124 5326 enumerat
1156 5260 1224 5327 in
1255 5259 1531 5351 speciali
1563 5270 1837 5353 peccata
1868 5285 2102 5334 eorum
2132 5289 2148 5336 ε

604 5370 670 5432 et
723 5365 969 5455 primo,
1010 5363 1186 5434 tacta
1217 5367 1286 5435 in
1350 5367 1687 5461 AEgypto,
1728 5379 1796 5439 et
1860 5370 1927 5438 in
1967 5373 2152 5443 exitu

603 5472 684 5541 de
724 5469 860 5539 illa.
897 5469 1241 5552 Secundo,
1320 5473 1498 5544 facta
1553 5477 1625 5545 in
1678 5476 1969 5558 deserto,
2028 5478 2147 5561 ibi,

600 5590 666 5662 ἵ.
704 5580 825 5649 13:
879 5606 912 5645 ιι
959 5580 1108 5649 Cito
1176 5586 1516 5673 fecerunt.
1565 5610 1601 5653 ι
1666 5584 1922 5670 Tertio,
1978 5586 2153 5659 {aeta

2292 233 2497 300 ORD.
2552 235 2844 303 PRAED.

2291 403 2357 468 in
2398 412 2577 471 terra
2622 404 3115 494 promissioniS‚
3160 404 3278 490 ibi,
3338 411 3401 482 ᾗ.
3448 406 3578 474 34:
3615 432 3650 470 c<
3683 404 3837 475 Non

2289 510 2860 601 disperdiderunt.
2910 536 2942 575 ιι

2377 618 2454 686 ln
2493 619 2712 709 prima
2759 618 2917 686 duo,
2980 618 3239 697 Primo,
3292 630 3645 687 enumerat
3682 642 3838 710 pee-

2288 739 2437 797 cata
2492 729 2576 798 ab
2643 731 2804 820 ipsis
2862 731 2930 797 in
2994 729 3324 819 AEgyptO,
3396 741 3463 799 et
3528 733 3597 797 in
3649 731 3836 798 exitu

2287 836 2481 904 faeta.
2550 837 2888 919 Secundo,
2949 845 3276 928 aggravat
3332 837 3629 904 multum
3670 859 3836 904 nar-

2287 945 2501 1011 rando
2594 945 2716 1012 Dei
2800 944 3151 1024 beneficia,
3241 946 3445 1013 etiam
3549 944 3835 1033 ingratis

2287 1042 2612 1129 exhibita,
2682 1049 2798 1128 ibi,
2832 1058 2895 1125 §a
2930 1051 3013 1117 8:
3060 1076 3092 1117 α
3151 1055 3245 1118 Ec
3282 1051 3582 1118 salvavit
3621 1072 3752 1116 eos,
3787 1075 3816 1110 n

2374 1156 2452 1223 In
2491 1160 2710 1246 prima
2760 1159 2907 1224 tria.
2970 1156 3228 1235 Primo,
3281 1165 3558 1225 notatur
3593 1178 3840 1245 pecca-

2281 1273 2429 1331 tum
2472 1287 2734 1348 eorum,
2769 1262 2951 1354 quod
2982 1264 3250 1352 respicit
3281 1263 3830 1353 intelligentiam,

2284 1374 2540 1443 seilicet
2615 1376 2997 1465 ignorantia
3078 1373 3409 1441 affectata.
3485 1369 3827 1446 Secundo,

2284 1484 2512 1575 quoad
2561 1484 2986 1562 memoriam,
3046 1482 3164 1561 ibi,
3231 1510 3266 1546 α
3328 1483 3479 1549 Non
3546 1483 3835 1571 fitermzt

2281 1616 2630 1660 memore&
2680 1618 2711 1656 ιι
2769 1591 3019 1668 Terti0,
3091 1590 3315 1680 quoad
3374 1589 3827 1666 voluntatem,

2282 1701 2399 1779 ibi,
2437 1724 2471 1766 α
2514 1703 2608 1769 Et
2639 1700 3097 1767 irritaverunt.
3147 1724 3178 1763 ιο

2367 1808 2546 1876 Dicit
2602 1831 2805 1900 ergo:
2875 1807 2988 1875 Sic
3042 1806 3206 1885 dixi,
3279 1809 3437 1897 quia
3499 1834 3530 1871 «
3599 1814 3833 1898 patres

2277 1917 2496 1983 nostri
2549 1916 2619 1981 in
2676 1918 3013 2007 AEqypto,
3083 1940 3114 1979 ιο
3150 1918 3542 1993 existente5‚
3595 1942 3627 1974 α
3694 1935 3829 1979 non

2277 2026 2789 2104 intellexerunt,
2872 2050 2903 2089 ιι
2961 2024 3030 2091 id
3077 2032 3201 2104 est,
3284 2022 3684 2114 intelligere,
3759 2029 3827 2089 et

2277 2134 2624 2202 advertere
2656 2133 3040 2214 noluerunt,
3093 2161 3124 2195 «
3162 2132 3519 2200 mirabilia
3563 2142 3686 2199 tua
3720 2154 3742 2197 .·
3785 2157 3818 2193 ιι

2276 2267 2411 2311 non
2463 2246 2643 2312 enim
2687 2242 3121 2311 advertebant
3165 2244 3422 2320 miseri,
3486 2242 3648 2333 quid
3708 2239 3823 2308 illa

2275 2351 2715 2442 spiritualiter
2750 2351 3217 2441 designabant.
3255 2350 3434 2417 l’sal.
3473 2373 3697 2427 Lxxxi,
3732 2350 3816 2416 5:

2276 2460 2696 2542 Nescicrrmt,
2750 2483 2960 2549 neque
3018 2457 3529 2535 intellexerunt,
3595 2457 3665 2522 in
3723 2465 3826 2521 te-

2276 2567 2502 2636 nebris
2540 2566 2926 2635 ambulant.
2986 2566 3262 2634 Deuter.
3318 2588 3435 2644 vu,
3479 2566 3556 2631 18
3586 2572 3652 2631 et
3689 2564 3767 2631 19
3801 2586 3815 2630 :

2275 2672 2657 2741 Recordare
2716 2696 2866 2763 quae
2927 2675 3163 2761 fecerit
3227 2674 3570 2739 Dominus
3638 2672 3821 2737 Deus

2276 2789 2436 2846 tuus
2507 2780 2882 2855 I’learaom‘,
2965 2787 3028 2844 et
3091 2780 3350 2845 cunctis
3417 2776 3808 2866 AEqyptiis‚

2263 2888 2528 2981 plaqas
2555 2890 3110 2980 maa-imas,quas
3134 2887 3449 2955 ridet-unt
3477 2886 3664 2954 oculi
3684 2885 3815 2963 tui,

2275 3006 2340 3065 et
2362 2999 2566 3090 siqua
2596 3008 2800 3089 atque
2819 3009 3161 3090 portenta.
3189 3004 3317 3066 etc.
3347 3016 3363 3065 ε
3392 3005 3458 3064 et
3475 3018 3616 3063 non
3638 2994 3821 3063 dedit

2271 3104 2395 3174 tibi
2451 3105 2785 3174 Dominus
2840 3125 2956 3173 cor
3015 3102 3427 3195 intelligens,
3490 3109 3556 3171 et
3584 3099 3821 3170 oculos

2272 3211 2603 3290 videntes,
2646 3218 2710 3278 et
2787 3233 2982 3278 aures
3037 3209 3413 3288 audienteS,
3483 3231 3700 3300 usque
3751 3208 3820 3275 in

2272 3327 2675 3410 praesentem
2705 3316 2908 3384 diem.

2365 3454 2398 3493 ιι
2433 3429 2585 3496 Non
2620 3430 2905 3516 lueet-unt
2960 3449 3282 3494 memores
3339 3424 3817 3493 neultitude‘m‘s

2272 3536 2937 3615 misericordiarum,
2974 3560 3007 3597 ιι
3048 3533 3164 3602 sed
3195 3533 3416 3625 magis
3445 3533 3628 3601 illius
3656 3539 3815 3601 sunt

2271 3641 2489 3712 obliti.
2519 3641 2577 3709 11
2606 3641 2855 3723 Esdrae,
2881 3665 2972 3722 ix,
2995 3643 3073 3710 17
3093 3665 3107 3709 ε
3130 3641 3521 3710 Noluerunt
3542 3638 3813 3719 audire,

2271 3751 2526 3820 scilicet
2556 3751 2870 3820 mandata
2910 3761 3049 3836 tua,
3083 3751 3270 3820 etsie
3315 3773 3453 3819 non
3499 3758 3664 3817 sunt
3702 3771 3812 3816 re-

2271 3860 2539 3929 cordati
2582 3859 3007 3929 mirabilium
3048 3870 3322 3928 tuorum
3361 3880 3515 3950 quae
3553 3862 3816 3949 leceras

2269 3973 2389 4041 εἰς.
2462 3971 2708 4064 Supra,
2779 3972 2846 4038 in
2906 3969 3084 4040 Psal.
3118 3991 3328 4052 xxvu,
3398 3969 3519 4037 ¹¹:
3596 3966 3821 4038 obliti

2267 4091 2429 4149 sunt
2485 4079 2957 4170 beneficiorum
3033 4080 3211 4170 ejus,
3266 4089 3330 4147 et
3377 4076 3810 4146 mirabilium

2267 4188 2447 4278 ejm,
2490 4210 2643 4281 qua.-
2668 4187 2958 4256 ostendit
2984 4188 3103 4255 eis.

2360 4428 2393 4467 ιι
2437 4404 2534 4471 ΕΙ
2563 4402 3023 4471 irritaverunt.
3063 4428 3097 4463 ιι
3131 4400 3301 4469 Ecce
3349 4399 3627 4469 tertium
3656 4420 3813 4490 peo-

2266 4518 2519 4588 catnm,
2564 4508 2812 4578 scilicet
2865 4508 3263 4579 voluntatis.
3323 4507 3669 4589 Quoniam
3711 4509 3807 4577 sic

2266 4616 2459 4687 obliti
2498 4628 2698 4687 sunt:
2761 4645 2795 4682 α
2836 4628 2902 4686 et
2944 4643 2979 4683 ι
3030 4617 3155 4707 ipsi
3188 4640 3223 4683 ι
3275 4616 3706 4686 ascendentes
3735 4617 3806 4684 in

2266 4750 2477 4805 mare,
2549 4749 2760 4804 mare,
2814 4751 2849 4791 ι
2918 4727 3221 4817 inquam,
3284 4756 3317 4788 α
3374 4724 3716 4808 Rubrum,
3766 4749 3803 4789 ιι

2264 4835 2538 4928 quando
2628 4833 2879 4903 scilieet
2941 4833 3216 4922 exibant
3306 4833 3389 4901 de
3473 4832 3805 4925 AEgyptO,

2266 4972 2300 5009 α
2335 4947 2780 5014 irritaverunt
2820 4970 2855 5010 ι
2885 4967 3069 5013 eum.
3115 4943 3277 5012 noec
3306 4944 3594 5011 irritatio
3631 4941 3810 5010 facta

2262 5063 2389 5134 est,
2424 5052 2700 5148 quando
2724 5055 3086 5124 existentes
3109 5056 3178 5123 in
3208 5052 3445 5123 castris
3481 5051 3813 5143 superlit-

2262 5171 2371 5231 tus
2388 5163 2622 5244 maris,
2636 5161 2945 5231 viderunt
2964 5163 3395 5255 insequentes
3409 5159 3799 5251 AEgyptioS.

2260 5269 2476 5338 Exod.
2513 5293 2654 5351 xiv,
2695 5272 2762 5337 ll
2806 5293 2822 5337 :
2866 5273 2959 5339 Et
2988 5269 3315 5338 dia-eruut
3349 5266 3449 5336 ad
3462 5268 3745 5358 Moysen
3779 5290 3803 5334 .·

2259 5377 2579 5445 Forsitan
2618 5401 2750 5444 uon
2780 5387 2974 5445 erant
3007 5374 3325 5468 sepulcra
3356 5375 3425 5442 in
3458 5375 3803 5467 Aiyypm,

2259 5485 2410 5553 ideo
2468 5483 2698 5552 tulisti
2748 5505 2868 5550 nos
2915 5491 2993 5550 ut
3038 5505 3458 5552 moreremur
3504 5483 3575 5550 in
3630 5479 3807 5549 soli-

2257 5595 2518 5664 tudine.
2564 5592 2679 5662 Sie
2705 5590 2902 5661 multi
2931 5592 3125 5685 quasi
3162 5615 3368 5687 super
3393 5592 3587 5661 littus
3624 5598 3806 5680 stag·
