5008 6329
1966 355 2672 429 COMMENTARIUS
2722 360 2818 429 ΙΝ
2867 364 3309 441 PSALMUM
3358 374 3669 448 CXVIII.

1194 525 1462 594 lectatio
1503 535 1569 595 et
1598 525 1892 597 charitas
1921 552 2107 610 vera,
2143 540 2207 599 et
2253 539 2526 621 propter
2556 530 2685 599 hoc
2718 553 2735 603 ε

1205 663 1236 696 c«
1272 635 1442 703 Noli
1518 661 1626 705 me
1688 639 2131 730 confundere,
2197 665 2228 704 ι
2310 661 2447 706 ιιοιι
2519 638 2740 706 dando

1195 740 1378 830 quod
1451 766 1657 834 supra
1711 745 1898 835 petii,
1972 745 2226 811 scilicet
2276 738 2744 834 'perseveran-

1192 851 1358 918 tiam
1397 855 1469 920 in
1542 852 1728 921 hono
1789 876 2018 943 opere,
2081 876 2164 921 ne
2243 851 2504 921 dicatur
2570 853 2736 921 mihi

1191 960 1360 1030 illud
1387 963 1551 1030 Luc.
1586 984 1728 1039 xw,
1767 962 1849 1029 30
1895 983 1909 1026 :
1962 961 2094 1029 Hic
2120 961 2319 1028 homo
2357 964 2558 1054 coepit
2581 963 2740 1030 ‹rdi-

1184 1071 1417 1159 ficare,
1443 1080 1506 1137 et
1554 1092 1691 1136 non
1746 1070 1981 1161 potuit
2033 1094 2530 1138 consummare.
2606 1070 2739 1139 Sed

1182 1177 1239 1242 si
1325 1176 1633 1265 adjuvaS,
1704 1199 1838 1244 non
1890 1177 2287 1246 confundar.
2347 1177 2477 1247 Isa.
2524 1200 2584 1261 L,
2646 1179 2737 1245 7:

1182 1286 1526 1354 Dominus
1581 1287 1769 1354 Deus
1843 1285 2237 1356 auxiliator
2298 1309 2513 1364 meus,
2586 1284 2733 1351 ideo

1183 1416 1319 1462 non
1365 1417 1520 1463 sum
1549 1398 1904 1486 confusus.

1273 1734 1307 1775 α
1364 1708 1556 1778 Viam
1595 1706 2113 1777 mandatorum.
2158 1732 2192 1769 n
2225 1705 2353 1773 Hic
2382 1712 2726 1796 quartum,

1180 1819 1251 1886 in
1321 1841 1458 1910 quo
1505 1816 1870 1908 persuadet
1922 1838 1961 1883 a
2011 1821 2277 1907 quarto,
2319 1813 2574 1883 scilieet
2605 1813 2730 1881 lae-

1176 1934 1244 1995 ta
1275 1925 1754 1994 mandatorum
1798 1923 2281 2016 adimpletione
2323 1945 2338 1990 :
2383 1929 2449 1991 et
2494 1921 2728 1990 dicun-

1179 2042 1289 2102 tur
1360 2033 1521 2102 duo.
1573 2032 1839 2118 Primo,
1902 2029 2059 2099 laeta
2112 2029 2532 2120 adimpletio,
2596 2027 2725 2098 Se-

1172 2142 1422 2227 cundo,
1466 2142 1636 2210 ratio
1677 2140 2094 2233 adimplendi
2142 2146 2207 2208 et
2262 2147 2558 2230 tempuS,
2600 2137 2718 2218 ibi,

1174 2279 1208 2316 <t
1254 2252 1429 2324 Cum
1461 2249 1804 2319 dilatasti.
1843 2274 1876 2316 D

1257 2360 1437 2429 Dicit
1468 2381 1675 2451 ergo:
1741 2357 1859 2426 Sic
1932 2379 2044 2425 me
2111 2379 2250 2424 non
2314 2355 2714 2435 confundas,

1170 2469 1330 2560 quia
1369 2468 1540 2560 elegi
1608 2466 1917 2535 veritatis
1968 2467 2179 2544 viam,
2237 2472 2302 2532 et
2351 2487 2489 2531 non
2563 2486 2714 2530 sum

1169 2576 1422 2645 oblitus
1452 2574 1739 2665 judicia,
1782 2580 1849 2641 et
1866 2571 2120 2640 adhaesi
2160 2571 2615 2640 testimoniis:
2651 2578 2717 2639 et

1169 2686 1374 2754 etiam
1413 2684 1577 2775 quia
1607 2709 1642 2746 α
1681 2681 1982 2760 cucurri,
2011 2705 2044 2747 s
2077 2678 2360 2749 faciliter
2388 2689 2454 2748 et
2486 2678 2718 2749 laetan-

1165 2800 1288 2872 ter,
1340 2820 1373 2854 ι
1413 2799 1490 2858 ut
1526 2789 1753 2858 bonus
1801 2810 2043 2879 equus,
2079 2788 2251 2855 sieut
2306 2786 2468 2856 dicit
2509 2786 2714 2855 Glos-

1166 2930 1202 2968 «
1233 2925 1335 2986 sa,
1389 2896 1781 2967 stimulatus
1826 2895 2204 2967 calcaribus
2259 2897 2525 2965 timoris
2582 2897 2706 2976 tui,

1164 3040 1197 3074 «
1241 3008 1623 3103 flagellatus
1650 3005 2213 3091 correctionibus„
2246 3014 2312 3075 et
2348 3009 2565 3098 gratia
2615 3008 2713 3075 di·

1170 3148 1203 3183 ι
1243 3126 1490 3206 rectus»,
1522 3144 1553 3182 n
1609 3142 1644 3184 ι
1712 3116 1901 3186 viam
1930 3115 2441 3186 mandatorum.
2497 3141 2535 3181 ιι
2576 3115 2712 3184 lla-

1159 3228 1398 3309 bacuc,
1442 3248 1542 3309 ιιι,
1580 3227 1707 3294 15:
1772 3225 1966 3293 Viam
2017 3223 2245 3315 fecisti
2296 3225 2365 3291 in
2396 3224 2602 3300 mari,
2637 3223 2705 3290 in

1161 3333 1614 3404 amaritudine
1668 3330 1929 3403 scilicet
1971 3331 2238 3411 mundi,
2287 3332 2478 3423 equis
2539 3331 2700 3398 tuis.

1160 3443 1268 3512 Ad
1303 3440 1488 3512 hunc
1514 3463 1790 3510 cursum
1821 3463 1949 3510 nos
2003 3440 2247 3508 invitat
2275 3438 2554 3523 Paulus,
2622 3442 2707 3511 ad

1157 3548 1466 3620 Corinth.
1500 3571 1598 3636 ix,
1631 3549 1719 3616 24
1763 3570 1780 3618 ε
1828 3547 1950 3619 Sic
1982 3549 2238 3618 currite
2303 3559 2381 3618 ul
2397 3573 2709 3645 compre-

1154 3656 1497 3727 hendatis.
1583 3654 1688 3724 De
1760 3653 1890 3725 hac
1942 3653 2296 3734 Salomon,
2371 3656 2702 3730 proverb.

1155 3790 1250 3851 ur,
1312 3767 1385 3835 11
1457 3772 1528 3835 et
1605 3765 1748 3834 12:
1805 3764 2078 3833 Ducam
2134 3774 2200 3833 te
2244 3787 2371 3856 per
2430 3769 2708 3835 semitas

1153 3873 1501 3968 equitatis
1522 3895 1547 3941 .·
1604 3894 1781 3965 quas
1843 3892 2001 3940 cum
2053 3872 2393 3962 inyressus
2453 3876 2701 3964 lucris,

1149 4007 1286 4054 non
1315 3979 1769 4052 arctabuntur
1813 4002 2090 4073 qressus
2143 3981 2273 4063 tui,
2313 3992 2378 4050 et
2428 4005 2706 4052 currens

1151 4114 1287 4160 non
1324 4087 1605 4160 habebis
1648 4085 2172 4180 offmdiculum.

1240 4196 1522 4267 Cucurri
1577 4217 1770 4288 ergo,
1822 4192 1942 4263 sed
2006 4217 2145 4263 non
2201 4218 2473 4289 semper
2497 4196 2594 4266 fui
2635 4200 2701 4269 in

1150 4306 1280 4376 hac
1323 4303 1584 4384 laetitia,
1617 4302 1738 4373 sed
1767 4327 1806 4369 ι
1846 4324 2004 4372 cum
2048 4301 2390 4383 dilatasti,
2428 4330 2462 4371 ι
2515 4305 2705 4377 dele-

1145 4413 1515 4487 ctationem
1577 4412 1651 4481 in
1713 4410 1982 4503 justitia
2062 4410 2432 4497 infudisti,
2486 4441 2522 4481 ι
2589 4438 2704 4484 cor

1145 4544 1400 4606 meum,
1443 4548 1478 4584 n
1539 4517 1835 4589 dilatans
1900 4525 1969 4588 et
2003 4520 2399 4589 extendens,
2445 4519 2697 4614 Supra,

1146 4630 1217 4698 in
1247 4626 1429 4699 Psal.
1463 4646 1637 4712 κνιι,
1678 4626 1763 4696 37
1805 4647 1823 4694 t
1858 4624 2201 4695 Dilatasti
2221 4650 2494 4719 qressus
2518 4651 2700 4699 meos

1141 4735 1385 4806 subtus
1411 4757 1521 4803 me
1547 4756 1573 4803 .·
1601 4742 1667 4802 et
1704 4755 1844 4803 non
1869 4742 2033 4802 sunt
2079 4734 2435 4825 infirmata
2492 4739 2695 4806 vesti·

1141 4847 1264 4938 qia
1301 4865 1477 4913 mea.
1519 4839 1679 4910 Non
1707 4848 1811 4909 est
1874 4840 2007 4911 ista
2068 4840 2374 4912 dilatatio
2446 4843 2691 4937 eulpte,

1145 4973 1296 5044 quaa
1336 4947 1585 5042 triplex
1638 4954 1764 5016 est.
1801 4945 2181 5041 Superbiae,
2214 4948 2452 5020 Matth.
2497 4975 2689 5034 xxm,

1143 5061 1234 5130 5:
1310 5056 1642 5129 Dilatant
1698 5053 1880 5123 enim
1927 5055 2362 5147 phylacteria
2410 5080 2570 5142 sua,
2629 5072 2694 5130 et

1145 5164 1601 5258 maqnificant
1644 5159 1987 5252 fimbrias.
2029 5160 2115 5232 Et
2176 5162 2495 5252 luxuriae,
2553 5165 2685 5240 lsa.

4283 393 4410 459 25⁴1

2851 557 3021 623 aqro
3079 541 3427 630 copulatis
3458 569 3671 639 usque
3709 551 3806 618 ad
3832 556 4202 623 terminum
4238 558 4369 628 loci
4389 562 4418 629 Ι

2846 640 3089 727 AmOS,
3146 669 3193 731 1,
3254 649 3330 715 13
3389 674 3405 718 :
3482 654 3710 747 Super
3764 660 3987 728 tribus
4049 665 4414 734 sceleribus

2839 751 3161 839 filiorum
3219 761 3542 843 Ammon,
3580 776 3643 831 et
3670 790 3878 859 super
3942 783 4245 861 quatuor
4275 799 4410 843 non

2842 873 3231 933 convertam
3262 892 3443 956 eum,
3498 896 3573 941 eo
3603 876 3794 966 quod
3818 879 4213 950 dissecuerit
4228 907 4409 974 prae-

2838 980 3130 1057 quantes
3190 976 3475 1046 Galaad
3518 981 3616 1048 ad
3669 983 4115 1056 dilatandum
4164 994 4401 1059 termi-

2842 1099 3012 1143 num
3048 1102 3279 1161 suum,
3353 1088 3469 1174 qui
3545 1087 3730 1158 ducit
3784 1092 3872 1161 ad
3926 1094 4398 1167 dilatationem

2840 1183 3201 1272 gehennae,
3248 1190 3333 1258 de
3372 1215 3529 1283 qua,
3576 1195 3706 1265 Isa.
3757 1223 3827 1281 v,
3866 1203 3947 1269 14
3991 1226 4007 1270 :
4049 1204 4403 1291 Dilatavit

2842 1291 3157 1382 insenius
3183 1301 3495 1369 animam
3531 1328 3760 1375 suam.
3809 1308 3946 1378 Sed
3984 1320 4086 1380 est
4150 1314 4400 1383 dilata-

2838 1400 2935 1466 tio
2968 1405 3220 1484 meriti,
3265 1406 3347 1474 de
3388 1432 3523 1500 qua
3552 1412 3833 1496 Paulus»,
3873 1416 3902 1484 1
3950 1419 4036 1487 ad
4083 1418 4393 1491 Corinth.

2837 1528 2931 1588 vt,
2982 1510 3053 1576 11
3096 1531 3113 1576 ε
3155 1510 3247 1580 Os
3284 1526 3597 1585 nostrum
3632 1531 3828 1611 patet
3855 1524 3957 1592 ad
3980 1549 4120 1608 vos,
4183 1552 4221 1596 o
4265 1531 4400 1599 Co-

2834 1614 3102 1695 rinthii,
3164 1641 3282 1688 cor
3329 1634 3640 1693 nostrum
3671 1628 4052 1701 dilatatum
4088 1644 4209 1716 est,
4269 1636 4399 1704 du-

2834 1743 2993 1789 cens
3052 1724 3139 1791 ad
3204 1726 3676 1802 dilatationem
3747 1740 4038 1827 praemii‚
4099 1741 4184 1811 de
4261 1734 4440 1834 qua'

2834 1828 2964 1897 Isa.
3007 1853 3118 1911 Lx,
3164 1835 3204 1901 5
3250 1855 3267 1903 ε
3316 1838 3500 1907 Tunc
3551 1841 3834 1925 videbis,
3883 1856 3949 1915 et
3995 1851 4277 1941 afflues,
4330 1861 4395 1919 et

2829 1937 3231 2023 mirabitur,
3263 1953 3328 2010 et
3365 1945 3786 2018 dilatabitur
3816 1976 3932 2023 cor
3962 1966 4186 2027 tuum.

2917 2150 3090 2221 Ecce
3121 2154 3192 2223 in
3230 2155 3367 2228 hoc
3403 2165 3757 2233 octonario
3787 2176 4018 2258 aperte
4048 2180 4395 2241 monstra-

2829 2265 2937 2327 tur
2984 2271 3321 2353 quantum
3359 2266 3597 2339 timeat
3633 2271 3749 2342 hic
3807 2274 4046 2357 relabi,
4081 2282 4395 2370 quamvis

2823 2366 3009 2436 viam
3048 2372 3356 2441 veritatis
3404 2374 3710 2468 elegerit,
3764 2381 4186 2472 judiciorum
4240 2409 4392 2455 me·

2822 2497 2979 2544 mor
2995 2479 3109 2560 sit,
3144 2488 3210 2549 et
3231 2481 3593 2554 adhaeserit
3620 2490 4060 2574 testimoniis,
4100 2502 4169 2562 et
4197 2517 4392 2563 man-

2820 2581 2977 2652 data
3015 2588 3223 2656 etiam
3262 2589 3632 2682 aliquando
3700 2595 4016 2668 laetanter
4061 2602 4390 2693 impleve-

2820 2691 2929 2770 rit,
2991 2704 3270 2787 propter
3350 2701 3848 2789 proecedentem
3933 2711 4384 2780 consuetudi-

2818 2822 3003 2880 nem,
3039 2810 3105 2870 et
3143 2804 3449 2874 acediam
3484 2808 3672 2890 boni,
3708 2835 3914 2902 quam
3962 2817 4219 2906 patitur
4263 2817 4386 2888 ali·

2815 2909 3116 3000 quando.
3154 2911 3351 2983 Unde
3380 2921 3800 3008 praeponitur
3827 2920 3940 2991 hic
3982 2923 4159 2995 bene
4193 2924 4383 2995 litte-

2815 3039 2891 3085 ra
2926 3040 3191 3089 namn
3229 3022 3371 3118 Π),
3405 3026 3590 3118 quod
3630 3029 4119 3123 interpretatur
4142 3035 4376 3117 timor,

2814 3135 2959 3205 sive
2998 3139 3333 3210 nativitas
3371 3166 3390 3213 t
3431 3141 3545 3214 hie
3572 3147 3757 3218 enim
3823 3151 4034 3221 timor
4105 3154 4381 3246 proprie

2814 3242 3181 3332 naturalis,
3231 3257 3422 3318 etex
3468 3254 3822 3326 nativitate
3872 3265 4286 3329 contractus.

3449 3799 3537 3844 112
3581 3779 3735 3874 ‹n›-

2811 4193 2928 4267 33.
2982 4193 3256 4288 Legem
3286 4213 3476 4286 pone
3522 4191 3736 4277 mihi,
3782 4191 4122 4279 Domine,
4174 4192 4367 4266 viam

3076 4299 3678 4394 justificationum
3733 4320 4051 4387 tuarum,
4110 4320 4182 4376 et
4242 4325 4370 4375 ex-

3076 4408 3370 4503 quiram
3407 4431 3569 4483 eam
3600 4432 3910 4505 semper.

2809 4518 2926 4608 34.
2974 4517 3081 4589 Da
3119 4515 3304 4588 mihi
3353 4515 3830 4599 intellectum,
3862 4535 3934 4590 et
3980 4519 4365 4593 scrutabor

3075 4625 3310 4719 legem
3337 4642 3569 4706 tuam,
3603 4641 3674 4697 et
3709 4624 4120 4698 custodiam
4160 4624 4361 4699 illam

3071 4731 3145 4803 in
3178 4748 3336 4804 toto
3380 4730 3599 4805 eorde
3629 4755 3822 4807 meo.

2803 4843 2922 4914 35.
2980 4838 3232 4913 Deduc
3278 4860 3398 4911 me
3444 4839 3521 4911 in
3589 4839 3930 4913 semitam
3975 4838 4362 4914 mandato-

3069 4967 3236 5020 rum
3280 4965 3609 5029 tuorum,
3635 4946 3808 5042 quia
3849 4947 4085 5044 ipsam
4122 4948 4355 5021 volui.

2801 5058 2917 5130 36.
2974 5052 3251 5127 Inclina
3304 5074 3433 5126 cor
3489 5076 3741 5127 meum
3808 5053 3881 5128 in
3940 5052 4357 5128 testimonia

3066 5181 3220 5246 tua,
3270 5179 3343 5235 et
3383 5184 3528 5234 non
3562 5160 3638 5235 in
3676 5161 4081 5235 avaritiam.

1144 5296 1303 5357 ινιι,
1332 5274 1375 5343 8
1406 5261 1690 5342 {Juxta
1720 5291 1828 5338 me
1862 5267 2402 5364 discooperuisti,
2433 5285 2499 5344 et
2532 5299 2691 5347 sus·
2799 5274 2917 5367 37.
2970 5273 3237 5342 Averte
3305 5269 3558 5341 oculos
3615 5289 3849 5354 meos,
3907 5291 3997 5342 ne
4054 5268 4349 5342 videant

1139 5381 1376 5477 cepisti
1399 5377 1826 5459 adulterum,
1859 5376 2182 5448 dilatasti
2204 5379 2429 5453 cubile
2458 5394 2687 5468 tuum,

1140 5498 1269 5561 etc.
1318 5485 1675 5566 Avaritiae,
1710 5506 1955 5579 agrum
1992 5507 2158 5579 agro
2180 5488 2593 5581 copulando,
2624 5499 2692 5563 et

3063 5375 3460 5448 vanitatem
3508 5395 3528 5446 τ
3581 5373 3657 5447 in
3723 5374 3841 5447 via
3897 5392 4023 5447 tua
4071 5375 4351 5448 vivifica

3065 5507 3213 5558 me.
3764 5516 3772 5524 ·

1140 5595 1425 5666 domum
1462 5589 1727 5676 domui,
1779 5589 1910 5660 lsa.
1951 5587 2109 5673 v,'8
2149 5614 2167 5660 t
2231 5592 2339 5662 Vae
2363 5594 2492 5687 qui
2524 5618 2692 5666 con·
2796 5596 2914 5669 38.
2967 5592 3223 5668 Statue
3269 5613 3477 5664 servo
3525 5608 3657 5666 tuo
3692 5593 4069 5689 eloquium
4136 5610 4350 5667 tuum

1133 5697 1446 5794 junqitis
1473 5695 1758 5764 domum
1810 5696 1910 5767 ad
1954 5695 2260 5778 domum,
2337 5709 2403 5768 et
2436 5725 2686 5793 ayt-um

1401 5845 1525 5891 xva

3066 5703 3142 5776 in
3173 5701 3438 5775 timore
3461 5720 3612 5774 tuo.

3999 5842 4068 5897 Π
