5008 6329
308 1877 466 1921 Prima
514 1890 526 1926 ι
545 1889 628 1922 ars

372 1931 569 1977 Psalmi.

654 291 785 357 490

744 460 822 528 In
856 459 1072 548 prima
1113 457 1273 523 duo,
1319 455 1581 532 Prim0‚
1626 456 1998 545 gratiarum
2029 456 2204 523 actio

652 590 777 658 pro
832 563 1231 632 liberatione
1289 564 1421 644 sui,
1466 571 1533 630 et
1590 586 1710 654 pro
1760 563 2204 632 instructione

654 675 723 740 in
764 694 995 762 pugna
1028 671 1108 739 de
1161 672 1588 762 propinquo:
1639 670 1786 739 haec
1834 674 2016 739 enim
2047 670 2205 738 dici-

652 788 765 846 tur
813 780 1140 870 proelium
1184 782 1479 871 proprie.
1537 779 1877 856 Secundo,
1925 801 2047 868 pro
2096 780 2206 844 in-

655 887 1024 957 structione
1055 889 1124 955 in
1175 909 1405 977 pugna
1454 909 1494 953 a
1535 893 1825 963 remoto,
1877 883 1998 963 ibi,
2036 909 2068 949 α
2113 886 2204 950 Et

653 998 909 1089 diqitos
946 1020 1148 1065 meos.
1185 1023 1216 1057 »ι

743 1103 819 1171 ln
866 1105 1083 1194 prima
1143 1101 1304 1169 du0.
1369 1100 1630 1177 Primo,
1661 1101 2035 1191 gratiarum
2090 1123 2200 1168 ac-

653 1213 774 1277 tio.
831 1206 1174 1285 Secundo,
1214 1207 1572 1274 instructio
1621 1206 1834 1296 ipsius
1874 1209 1942 1274 in
1974 1229 2202 1298 pugna

653 1318 734 1384 de
783 1318 1196 1408 propinquo,
1255 1315 1377 1399 ibi,
1437 1341 1469 1381 α
1524 1316 1658 1401 Qui
1721 1315 1910 1384 docet
1956 1338 2202 1384 manus

651 1449 864 1496 meas.
902 1451 935 1492 s

745 1754 927 1822 Dicit
955 1774 1160 1843 ergo:
1209 1750 1323 1818 Sic
1352 1751 1647 1842 cogitavi
1695 1772 1807 1818 me
1856 1749 1941 1818 ab
1980 1749 2204 1816 inimi·

659 1863 754 1930 cis
808 1860 1106 1938 liberari,
1176 1867 1243 1927 et
1307 1858 1656 1949 sigillatim
1717 1866 1783 1925 et
1857 1856 2086 1939 simul,
2137 1868 2205 1928 et

654 1996 688 2032 α
734 1966 1116 2036 benedictus
1156 1991 1188 2032 ιο
1231 1966 1317 2034 sit
1346 1989 1385 2032 a
1417 1989 1552 2040 me,
1589 1975 1653 2034 et
1681 1966 1765 2033 ab
1806 1967 1992 2034 omni
2025 1989 2205 2036 crea-

639 2085 816 2156 tura,
881 2103 914 2142 ι
953 2074 1284 2143 Dominus
1317 2099 1349 2140 ι
1399 2074 1514 2166 qui
1579 2075 1825 2165 potuit,
1870 2101 1904 2137 α
1939 2076 2124 2142 Deus
2165 2102 2197 2141 ιι

645 2185 761 2275 qui
814 2183 1037 2263 scivit,
1094 2208 1126 2248 α
1165 2205 1353 2250 meus
1383 2211 1413 2243 υ
1482 2181 1597 2272 qui
1647 2181 1887 2248 voluit.
1931 2180 2195 2250 Daniel.

641 2312 740 2374 ιιι,
774 2291 895 2357 57:
930 2289 1342 2369 Benedicite‚
1376 2289 1613 2356 omnia
1642 2311 1849 2379 opera
1885 2289 2195 2369 Domini,

642 2398 964 2468 Domino,
1002 2395 1250 2488 Supra,
1286 2398 1355 2463 in
1386 2395 1571 2466 Psal.
1607 2418 1715 2473 cu,
1757 2398 1785 2463 1
1821 2419 1836 2464 ε
1879 2394 2194 2475 Benedic,

643 2509 881 2575 anima
914 2529 1091 2584 mea,
1136 2506 1462 2576 Domino.
1507 2505 1668 2574 Luc.
1715 2527 1760 2583 1,
1796 2506 1927 2574 68:
1982 2505 2201 2573 Bene-

641 2616 866 2684 dictus
911 2616 1243 2683 Dominus
1283 2617 1469 2682 Deus
1503 2613 1741 2681 Israel.

746 2750 773 2786 ιι
811 2723 948 2807 Qui
1000 2723 1192 2790 docet
1239 2744 1489 2788 manus
1538 2741 1747 2790 meas.
1790 2748 1821 2782 a
1873 2719 2042 2790 Ecce
2090 2744 2203 2789 se-

641 2829 943 2899 cundum
990 2855 1023 2894 ι
1059 2830 1201 2920 qui,
1238 2859 1268 2889 »a
1307 2827 1371 2895 id
1414 2836 1541 2907 est,
1576 2830 1736 2919 quia
1799 2828 1912 2897 ille
1940 2854 1972 2894 α
2012 2829 2203 2897 docet

643 2959 892 3005 manus
961 2959 1146 3004 meas
1175 2933 1274 3004 ad
1309 2936 1670 3026 proelium,
1710 2961 1742 3000 ιι
1777 2935 1963 3027 quod
2012 2936 2083 3003 [it
2120 2935 2202 3005 de

640 3045 1051 3137 propinquo.
1070 3043 1129 3110 ΙΙ
1158 3045 1499 3135 lteg.xxu,
1516 3047 1599 3114 35
1623 3066 1639 3114 ε
1664 3046 1926 3114 Docens
1955 3067 2203 3114 manus

639 3178 824 3224 meas
860 3153 965 3223 ad
991 3153 1350 3247 proelium.
1387 3152 1496 3237 Et,
1531 3155 1602 3222 in
1650 3153 1920 3235 eodem,
1968 3162 2035 3232 ᾗ.
2070 3154 2198 3224 33:

641 3269 827 3334 Deus
873 3265 996 3356 qni
1033 3265 1333 3332 accinxit
1397 3287 1503 3331 me
1537 3264 1979 3354 fortitudine,
2020 3263 2202 3332 scili-

641 3383 747 3443 cet
820 3372 905 3439 ad
970 3372 1316 3464 proelium.
1390 3398 1424 3434 α
1471 3374 1567 3439 ΕΙ
1621 3372 1877 3462 diqitos
1923 3394 2128 3452 meoS,
2165 3395 2196 3436 s

643 3480 909 3571 supple,
944 3481 1143 3549 docet
1207 3479 1289 3547 ad
1339 3479 1624 3558 bellum,
1671 3479 1853 3569 quod
1902 3478 1977 3547 fit
2015 3502 2055 3546 a
2093 3502 2204 3547 re-

647 3589 878 3661 motis,
931 3588 1043 3656 ubi
1096 3587 1403 3657 doctrina
1458 3597 1525 3656 et
1583 3587 1963 3656 eruditione
2028 3609 2201 3678 opus

645 3706 773 3767 est.
799 3696 1124 3764 Proverb.
1162 3719 1275 3775 xx,
1316 3696 1437 3764 ¹8:
1488 3693 1990 3766 Gubernaculis
2054 3705 2202 3763 tra-

645 3802 898 3871 ctanda
915 3812 1077 3870 sunt
1115 3800 1325 3870 bella.
1359 3801 1469 3879 Et,
1503 3824 1692 3884 xxxv,
1722 3803 1801 3870 6:
1849 3801 2021 3871 Cum
2055 3801 2204 3869 dis-

633 3910 980 4002 positione
1070 3910 1286 3977 initnr
1371 3907 1657 3977 bellum.
1721 3907 2047 3977 Proelium
2118 3907 2199 3976 de

646 4018 1033 4109 propinquo
1072 4026 1172 4085 est
1198 4018 1539 4086 infestatio
1568 4018 1789 4086 carnis
1823 4038 1839 4084 :
1885 4015 2138 4084 bellum
2161 4038 2201 4082 a

647 4126 950 4212 remotis»,
984 4125 1324 4195 infestatio
1346 4125 1706 4204 doemonis,
1740 4124 1821 4194 de
1843 4148 2007 4216 quo,
2036 4124 2075 4192 J
2082 4124 2192 4202 ob,

645 4256 757 4316 xc,
790 4235 873 4302 27
910 4236 1292 4302 :Memento
1354 4231 1549 4316 belli,
1591 4257 1710 4301 nec
1759 4232 1949 4301 ultra
1977 4231 2199 4299 addas

648 4340 863 4432 loqui.

737 4452 953 4521 Docet.
1015 4459 1244 4520 autem
1305 4450 1645 4523 Dominus
1708 4448 2061 4519 hominem
2127 4451 2196 4517 in

643 4560 887 4654 proelio
941 4558 1236 4650 ettbello
1302 4557 1790 4649 multipliciter.
1860 4557 1993 4627 Per
2049 4580 2201 4648 pro-

643 4671 864 4763 priam
933 4669 1291 4749 rationem,
1352 4665 1484 4734 Isa.
1550 4689 1728 4746 xxm,
1777 4668 1860 4735 8:
1938 4666 2195 4747 Redite,

635 4778 1222 4871 praevaricatores,
1260 4773 1359 4841 ad
1382 4796 1521 4842 cor.
1555 4773 1879 4852 Joan.1v,
1919 4774 2030 4842 16:
2084 4775 2200 4842 Vo-

643 4910 724 4955 ca
771 4886 997 4953 virum
1054 4893 1280 4952 tuum.
1338 4881 1472 4951 I‘er
1520 4882 1857 4950 internam
1917 4882 2201 4973 inspira-

647 4995 933 5070 tionem,
984 4990 1165 5059 I‘sal.
1215 5012 1491 5068 cxxxiv,
1537 4991 1631 5058 9:
1678 4989 1985 5059 Audiam
2029 4990 2203 5081 quid

647 5101 979 5191 loquatur
1017 5099 1085 5164 in
1129 5119 1235 5165 me
1283 5097 1620 5164 Dominus
1651 5097 1858 5163 Deus.
1895 5094 2093 5173 Osee,
2121 5118 2193 5175 ιι,

654 5201 776 5267 Ηε
840 5201 1106 5267 Ducam
1162 5219 1313 5264 eam
1363 5196 1434 5263 in
1471 5194 1948 5277 solitudinem,
1979 5205 2044 5263 et
2093 5195 2199 5263 Ιο-

643 5330 822 5400 quar
894 5306 994 5374 ad
1043 5328 1159 5374 cor
1203 5303 1383 5395 ejus,
1435 5302 1570 5371 Per
1642 5306 1879 5395 gratiae
1919 5304 2200 5373 infusio-

720 5561 739 5600 ί
769 5555 856 5616 Cf.
898 5555 1084 5628 IReg.
1114 5568 1231 5621 xvi,
1262 5554 1352 5610 ¹3.

717 5646 742 5685 ⁸
771 5647 796 5706 1
826 5648 969 5721 Reg.
988 5660 1124 5715 xm,
1153 5644 1219 5701 u
1254 5646 1315 5701 et
1341 5658 1470 5716 seq.

1660 284 1738 350 D.
1795 284 1990 353 ALB.
2044 285 2261 355 MAG.

2313 284 2517 354 ORD.
2569 287 2863 355 PRAED.

2314 479 2493 535 nem,
2539 455 2562 521 1
2620 457 2819 526 Joan.
2873 480 2943 537 11,
3003 458 3129 526 27:
3198 457 3435 525 Unctio
3475 456 3628 547 ejus
3671 458 3865 526 docet

2313 589 2424 632 vos
2476 565 2558 633 de
2604 565 2942 633 omnibus.
3004 567 3137 634 Per
3192 568 3618 656 scripturam,
3670 565 3853 635 Psal.

2311 696 2490 757 xcm,
2534 677 2651 740 12:
2694 677 2951 742 Beatus
2977 675 3178 742 homo
3225 698 3422 766 quem
3465 685 3540 741 tu
3586 674 3861 742 erudie-

2312 780 2430 860 riS,
2488 780 2801 862 Domine,
2871 789 2936 845 et
3001 779 3083 846 de
3142 781 3289 871 leqe
3351 790 3473 849 tua
3548 780 3857 849 docueris

2310 908 2486 954 eum.
2560 884 2690 953 Per
2734 888 3083 977 proprium
3132 886 3443 967 verbum,
3488 888 3729 960 Matth.
3782 913 3851 973 x,

2311 994 2435 1061 28:
2487 995 2716 1063 Nolite
2762 999 2997 1064 timere
3043 1020 3152 1064 eos
3181 999 3304 1088 qui
3351 999 3664 1066 occidunt
3702 1023 3855 1068 cor-

2303 1125 2460 1192 pm,
2518 1112 2642 1170 etc.
2680 1103 2763 1170 Et
2818 1127 2938 1194 per
2983 1105 3399 1195 exemplum,
3456 1106 3657 1175 Joan.
3701 1132 3847 1192 xm,

2318 1210 2436 1277 15:
2497 1209 2916 1301 Exemplum
2974 1212 3136 1279 dedi
3179 1211 3391 1291 vobis,
3435 1223 3560 1284 etc.
3604 1215 3846 1285 Matth.

2309 1342 2403 1400 xi,
2471 1321 2597 1388 29:
2650 1321 2903 1390 Discite
2949 1345 2991 1389 a
3038 1346 3166 1402 me,
3210 1325 3379 1415 quia
3438 1327 3626 1394 mitis
3666 1351 3848 1413 sum,

2310 1438 2433 1496 etc.
2485 1427 2569 1495 Et
2622 1452 2739 1519 per
2794 1432 3192 1499 exercitium
3251 1432 3318 1499 in
3380 1433 3846 1516 tribulatione,

2304 1536 2553 1605 Jerem.
2606 1561 2700 1621 vt,
2772 1539 2854 1606 8:
2920 1540 3246 1619 Erudire,
3315 1543 3728 1625 Jerusalem,
3769 1566 3856 1612 ne

2306 1644 2486 1732 sorte
2522 1645 2786 1713 recedat
2810 1647 3047 1715 anima
3076 1670 3226 1716 mea
3258 1672 3300 1715 a
3341 1657 3423 1716 te.

2398 1991 2433 2026 α
2465 1965 2938 2033 Misericordia
2988 1988 3166 2035 mea.
3198 1993 3227 2029 υ
3290 1966 3417 2035 Hic
3441 1965 3845 2035 secundum.

2310 2072 2674 2163 Postquam
2709 2075 2889 2142 enim
2932 2075 3069 2165 egit
3108 2076 3357 2165 gratias
3409 2098 3530 2166 pro
3601 2076 3848 2143 instru-

2304 2180 2524 2247 ctione
2553 2181 2657 2247 sui
2698 2182 2766 2248 in
2805 2204 3035 2273 pugna
3057 2190 3366 2273 utraque,
3410 2182 3849 2273 subjungitur

2306 2289 2414 2358 hic
2485 2291 2821 2381 probatio,
2875 2291 3062 2384 quod
3112 2316 3270 2363 vere
3345 2305 3503 2363 sunt
3567 2293 3847 2385 agendae

2305 2420 2422 2486 per
2453 2400 2702 2488 gratias
2741 2398 2870 2466 sibi
2917 2401 3124 2468 factas
3175 2424 3215 2469 a
3254 2400 3424 2480 Deo,
3459 2423 3629 2492 quas
3672 2423 3849 2470 enu-

2308 2514 2521 2572 merat
2549 2503 2657 2572 hic
2685 2528 2805 2595 per
2832 2505 3169 2575 ordinem.
3207 2505 3436 2574 Prima
3458 2507 3850 2575 misericor-

2306 2617 2412 2683 dia
2450 2623 2573 2691 est,
2604 2613 3039 2706 quod'ipsum
3069 2614 3487 2707 praeelegerit
3526 2616 3850 2684 omnibus

2309 2725 2373 2790 in
2407 2744 2701 2814 regemn
2756 2722 3095 2801 Secunda,
3148 2724 3512 2812 refugium,
3573 2724 3847 2815 quando

2306 2832 2752 2899 constantiam
2819 2832 2877 2899 ei
2942 2831 3126 2899 dedit
3180 2841 3418 2900 contra
3500 2829 3775 2899 Goliath
3796 2832 3845 2911 ',

2308 2937 2423 3019 ibi,
2448 2964 2480 3004 α
2511 2941 2605 3007 Et
2632 2941 2979 3029 resuqium
3001 2960 3248 3008 rneicm.
3273 2964 3306 3005 ι
3337 2939 3586 3023 Tertia,
3615 2962 3843 3008 susce·

2307 3047 2446 3137 ptio
2480 3046 2689 3136 ipsius
2719 3068 2922 3137 quem
2954 3069 3226 3114 sursum
3266 3047 3466 3137 cepit,
3507 3049 3571 3115 ei
3622 3046 3846 3115 dando

2307 3155 2591 3242 gratiam
2621 3176 2849 3222 coram
2879 3152 3086 3224 Saule
3130 3163 3205 3223 ut
3234 3154 3294 3223 ei
3341 3152 3532 3223 daret
3561 3153 3770 3223 {iliam
3796 3146 3846 3233 ⁸,

2310 3260 2424 3340 ibi,
2458 3290 2490 3321 α
2520 3262 2881 3351 Susceptor
2910 3284 3165 3329 meus.»
3210 3260 3491 3341 Quarta,
3537 3261 3849 3329 liberatio

2309 3373 2518 3462 ipsius
2559 3371 2643 3439 ab
2693 3373 2790 3438 ira
2822 3370 3013 3455 Saul,
3048 3372 3269 3464 ipsum
3312 3373 3781 3464 persequentis
3799 3372 3845 3450 ⁴,

2307 3478 2423 3557 ibi,
2461 3505 2493 3545 α
2533 3482 2624 3547 Et
2678 3478 3005 3548 liberator
3043 3504 3256 3549 meus.
3283 3510 3315 3543 s
3364 3481 3641 3561 Quinta,
3689 3503 3852 3573 pro-

2306 3587 2503 3655 tectio
2535 3585 2619 3654 ab
2662 3586 3175 3679 impugnatione
3215 3588 3507 3656 aliorum
3542 3611 3662 3679 pro
3714 3588 3849 3656 mi-

2305 3694 2665 3763 sericordia
2712 3718 2918 3786 quam
2993 3694 3151 3764 fecit
3192 3697 3259 3763 in
3291 3696 3671 3775 inimicum,
3723 3694 3843 3775 ibi,

2308 3830 2343 3865 α
2386 3804 2735 3871 Protector
2770 3824 2981 3872 meus.
3028 3832 3058 3864 υ

2397 3908 2566 3977 Dicit
2595 3932 2800 4001 ergo:
2839 3908 2954 3978 Sic
2990 3911 3243 4001 gratias
3272 3933 3428 4004 ago,
3453 3921 3520 3980 et
3557 3911 3845 4004 dignum

2304 4023 2427 4095 est,
2467 4017 2629 4108 quia
2680 4017 3019 4086 Dominus
3083 4016 3270 4086 Deus
3335 4041 3530 4086 meus
3561 4020 3704 4109 ipse
3743 4026 3846 4087 est

2308 4148 2340 4188 α
2384 4123 2846 4192 misericordia
2879 4146 3057 4206 mea,
3092 4149 3127 4191 s
3171 4146 3281 4192 me
3321 4126 3849 4194 misericorditer

2305 4229 2615 4321 eligendo
2665 4231 2732 4298 in
2797 4252 3028 4322 regem
3082 4254 3289 4323 super
3341 4254 3581 4301 omnes
3609 4232 3848 4300 fratres

2307 4356 2517 4402 meos.
2581 4333 2883 4426 Sapient.
2933 4358 3004 4414 x,
3037 4337 3130 4406 5:
3177 4338 3258 4404 ln
3284 4336 3429 4426 filii
3473 4338 3850 4405 misericorn-

2304 4443 2421 4510 dia
2446 4446 2697 4535 sortem
2735 4443 3124 4513 custodivit.
3178 4443 3332 4523 Vel,
3380 4471 3413 4510 ι
3456 4445 3848 4513 misericor-

2301 4551 2421 4619 dia
2448 4574 2623 4628 mea‚
2662 4575 2695 4616 ι
2730 4574 2850 4643 per
2892 4551 3234 4620 effectum.
3280 4551 3487 4633 Quasi
3537 4552 3789 4623 diceret
3822 4573 3840 4622 ε

2303 4657 2379 4725 Ιιι
2426 4680 2535 4726 me
2583 4657 3120 4727 misericordiam
3178 4658 3505 4740 infundis,
3538 4683 3673 4752 qua
3730 4681 3843 4728 me

2300 4789 2497 4835 sanas
2582 4789 2620 4833 a
2703 4766 3232 4858 praecedentibus
3306 4771 3625 4859 peccatis.
3708 4765 3850 4836 Sa-

2303 4872 2509 4962 pient.
2577 4893 2718 4955 xvi,
2792 4872 2922 4941 10:
2983 4871 3459 4940 Misericordia
3513 4883 3662 4952 tua,
3698 4871 3848 4941 Do-

2303 4981 2508 5062 mine,
2550 4979 2911 5048 adveniens
2961 4978 3259 5049 sanabat
3312 4981 3498 5050 illos.
3558 4981 3719 5051 Luc.
3773 5003 3844 5063 x,

2304 5089 2413 5169 34,
2501 5088 2968 5157 Samaritanus
3025 5087 3321 5158 infundit
3378 5092 3682 5158 sauciato
3748 5091 3852 5158 vi-

2302 5219 2493 5276 num,
2526 5207 2592 5265 et
2628 5196 2880 5265 oleum.
2923 5195 3080 5274 Vel,
3114 5198 3649 5268 misericordiam
3688 5220 3853 5267 con-

2300 5303 2537 5387 tulisti,
2578 5326 2713 5395 qua
2748 5302 2900 5372 'sum
2941 5302 3091 5373 aliis
3114 5306 3294 5397 pius,
3328 5313 3396 5375 et
3435 5306 3844 5376 misericors.

2369 5552 2396 5591 ⁸
2419 5554 2446 5611 1
2467 5554 2607 5630 Reg.
2636 5570 2794 5622 xvm,
2825 5555 2914 5612 Π.

2370 5641 2398 5678 ⁴
2422 5646 2447 5703 1
2470 5646 2609 5720 fleg.
2639 5661 2759 5719 xxx,
2792 5644 2859 5702 ¹8
2879 5649 2941 5702 et
2968 5660 3097 5717 seq.
