5008 6329
425 2153 479 2222 ἵ

648 318 775 386 184

646 487 890 580 Supra,
928 496 995 563 in
1025 498 1204 566 Psal.
1275 523 1596 577 Lxxxvun,
1651 501 1734 568 35
1782 524 1796 567 :
1864 505 2032 570 Tota
2082 504 2195 571 die

640 599 997 672 miseretur
1023 614 1087 672 et
1131 606 1540 685 commodat,
1602 616 1665 674 et
1704 632 1931 678 semen
1990 611 2194 679 illius

640 704 712 772 in
750 718 1075 778 oeternum
1112 710 1434 779 manebit.

727 813 910 905 Ergo
936 819 1198 906 operari
1229 816 1485 886 bonum
1521 822 2007 894 misericordias
2039 849 2193 916 pro-

636 923 825 991 ximo
878 933 978 992 est
1027 926 1214 994 utile.
1268 929 1433 999 llaec
1490 931 1725 1000 dicunt
1762 935 2005 1003 litterae
2039 958 2190 1025 quae

648 1040 999 1119 ponuntur
1020 1031 1154 1102 hie.
1190 1035 1423 1107 Prima
1453 1062 1615 1107 'rm-n
1659 1043 1833 1134 (ω),
1870 1043 2057 1132 quod
2087 1044 2191 1109 in-

635 1146 1039 1230 terpretatur
1117 1142 1389 1215 bonum.
1474 1147 1790 1216 Secunda
1864 1173 1976 1219 ion
2070 1151 2187 1244 (θ)

636 1247 819 1336 quod
888 1250 1368 1344 interpretatur
1448 1258 1889 1346 principium.
1960 1258 2188 1325 Tertia

636 1377 804 1425 caru
859 1360 998 1459 (2)
1096 1363 1278 1452 quod
1332 1365 1817 1454 interpretatur
1906 1388 2181 1434 manus.

637 1464 843 1545 Quasi
894 1469 1143 1538 diceret
1192 1492 1208 1539 ε
1287 1472 1559 1540 Bonum
1617 1476 2034 1567 principium
2073 1499 2189 1544 ve-

632 1575 862 1642 niendi
929 1577 1014 1643 ad
1075 1576 1321 1659 Deum,
1382 1590 1484 1649 est
1539 1605 1786 1650 manus
1861 1592 2182 1652 mutuum

632 1680 799 1748 dans
828 1683 1168 1772 proximo,
1203 1694 1267 1754 et
1295 1687 1391 1755 illi
1422 1689 1963 1758 misericordiam
1997 1690 2186 1758 exhi-

629 1785 819 1855 bens.

727 2148 763 2186 <e
819 2122 902 2191 In
948 2124 1276 2192 memoria
1337 2134 1617 2193 oeterna.
1680 2153 1715 2190 >³
1760 2127 1888 2197 Hic
1934 2151 2180 2197 secun-

614 2230 819 2312 dum.
856 2230 1061 2313 Quasi
1090 2233 1338 2303 diceret
1372 2258 1388 2302 ε
1435 2232 1551 2303 Sic
1589 2259 1729 2304 non
1773 2261 2179 2308 commove-

629 2337 810 2406 bitur
836 2362 877 2407 a
908 2338 1116 2422 bone,
1159 2351 1226 2411 et
1261 2344 1402 2434 ipse
1438 2372 1472 2407 «
1516 2346 1588 2412 in
1618 2349 1952 2415 memoria
1990 2356 2181 2416 aeter-

624 2468 718 2512 ua
744 2445 988 2535 justus
1023 2450 1173 2528 erit,
1219 2475 1253 2516 »
1294 2458 1371 2518 ut
1400 2450 1591 2520 nullo
1630 2453 1839 2522 modo
1872 2453 2178 2523 tradatur

624 2550 955 2621 oblivioni
989 2577 1028 2623 a
1057 2555 1227 2626 Deo.
1263 2556 1592 2627 Proverb.
1625 2584 1695 2640 x,
1731 2562 1770 2628 7
1846 2584 1863 2629 ε
1905 2563 2177 2630 Memo-

622 2662 731 2729 ria
756 2662 947 2751 justi
979 2687 1135 2732 cum
1186 2666 1511 2736 laudibus
1541 2691 1563 2736 .·
1603 2676 1670 2736 et
1714 2679 1969 2739 aeterne
2026 2694 2178 2762 per-

620 2791 967 2851 severans,
1026 2774 1207 2864 quia,
1241 2773 1446 2842 Eccli.
1509 2799 1644 2856 xm,
1695 2778 1774 2844 14
1820 2800 1835 2844 ε
1893 2781 2171 2847 Bonum

619 2902 862 2948 nomen
886 2883 1313 2973 permanebit
1342 2888 1412 2952 in
1438 2909 1686 2954 oevtem.

715 3017 749 3050 α
777 2986 883 3057 Ab
911 2989 1289 3059 auditione.
1335 3018 1369 3059 ι
1411 2992 1585 3062 Ecce
1614 2995 1917 3063 tertium.
1955 2994 2167 3076 Quasi

621 3092 918 3166 diceret:
981 3094 1095 3167 Sic
1140 3099 1265 3167 erit
1310 3098 1381 3168 in
1431 3101 1789 3181 memoria,
1845 3109 1912 3172 et
1952 3128 1987 3169 ι
2031 3127 2167 3173 uon

620 3202 887 3272 timebit
949 3204 1038 3273 ab
1111 3207 1467 3277 auditione
1530 3210 1749 3290 mala,
1797 3236 1832 3278 »
1903 3211 2168 3281 malitia

616 3331 833 3399 poenae
926 3319 993 3380 et
1046 3314 1358 3398 miserim,
1437 3339 1575 3407 qua
1666 3317 1928 3387 dicetur
1998 3317 2168 3387 iliud

614 3415 854 3486 Matth.
890 3441 1052 3500 xxv,
1086 3422 1164 3489 41
1205 3445 1222 3490 ε
1255 3424 1601 3491 Discedite
1663 3450 1706 3492 a
1774 3449 1904 3506 me,
1949 3426 2168 3495 male-

613 3524 808 3611 dicti,
853 3528 920 3594 in
973 3529 1195 3619 iquem
1255 3541 1610 3601 aeteruum.
1664 3533 1825 3615 Job,
1873 3557 1947 3613 v,
2019 3536 2098 3602 2¹
2140 3556 2157 3605 t

609 3635 669 3701 A
696 3634 988 3726 flaqello
1030 3636 1286 3729 linqua:
1321 3639 1778 3725 absconderis,
1813 3653 1878 3711 et
1902 3666 2041 3712 uon
2078 3645 2166 3713 ti-

610 3738 820 3808 mebis
873 3741 1367 3826 calamitatem,
1454 3747 1721 3840 supple,
1802 3758 2157 3835 aeternam,

610 3871 767 3917 cum
813 3854 1078 3923 venerit
1121 3878 1327 3948 super
1375 3855 1620 3927 malos.
1702 3856 2158 3930 Securitatem

607 3977 796 4049 ergo,
830 3967 898 4028 et
934 3982 1125 4052 spem
1153 3970 1476 4032 aeternam
1506 3962 1809 4035 babebit.

693 4065 842 4137 IIoc
870 4076 973 4137 est
1001 4069 1184 4162 quod
1212 4072 1593 4143 ostenditur
1620 4073 1862 4144 litteris
1898 4098 2161 4169 praepo·

604 4173 751 4244 sitis
813 4198 830 4244 τ
914 4198 1135 4245 man
1201 4150 1351 4280 (ᾖ),
1412 4180 1899 4274 interpretatur
1968 4185 2156 4254 enim

604 4284 846 4351 erectio
876 4307 901 4352 .·
949 4307 1089 4353 usu
1129 4284 1321 4385 (D),
1353 4311 1439 4356 ea:
1475 4289 1668 4381 ipsis.
1700 4288 1914 4372 Quasi
1965 4289 2159 4363 dice-

603 4396 702 4459 ret
733 4398 963 4482 aperte
997 4413 1014 4459 ε
1056 4391 1322 4463 Erectio
1350 4395 1599 4464 animae
1628 4403 1703 4464 ut
1748 4418 1891 4466 non
1915 4397 2158 4469 timeat

603 4496 688 4564 ab
726 4496 1073 4568 auditione
1111 4498 1316 4584 mala,
1347 4510 1450 4571 est
1479 4524 1566 4571 ex
1594 4504 1762 4596 ipsis
1789 4505 1875 4575 de
1904 4505 2156 4599 quibus

601 4602 869 4676 locutus
896 4629 1076 4694 sum,
1118 4607 1596 4679 misericordiae
1624 4610 1970 4703 operibus.

691 4841 728 4883 a
761 4817 1101 4888 Paratum
1131 4843 1247 4914 cor
1272 4820 1451 4912 ejus.
1496 4847 1531 4890 a
1575 4819 1703 4894 llic
1742 4824 2150 4908 secundum,

600 4924 672 4994 in
717 4947 854 5018 quo
911 4929 1136 5022 agitur
1189 4928 1273 4999 de
1311 4930 1759 5004 retributione
1804 4933 2151 5005 bonorum

598 5034 671 5104 in
692 5035 980 5127 judicie,
1011 5048 1341 5130 quantum
1371 5039 1460 5108 ad
1485 5040 1651 5110 boni
1681 5041 2148 5135 adeptionem.

600 5142 685 5210 Et
711 5145 963 5236 primo,
1003 5146 1223 5237 tangit
1268 5146 1590 5216 meritum
1634 5151 2152 5243 comparatione

602 5249 684 5318 ad
739 5251 977 5321 alium.
1058 5252 1400 5335 Secunde,
1441 5256 1830 5347 praemium,
1901 5257 2024 5342 ibi,
2080 5258 2152 5327 in

601 5359 735 5429 tine
761 5368 825 5439 ἵ.
868 5364 910 5431 9
942 5379 963 5434 z
1007 5387 1042 5427 ι
1080 5363 1305 5433 Cornu
1332 5364 1515 5456 ejus.
1579 5390 1614 5433 a

690 5466 769 5537 In
805 5471 1027 5561 prima
1071 5467 1234 5540 duo.
1288 5472 1553 5562 Primo,
1602 5475 1908 5568 tangitur
1935 5477 2152 5547 meri-

600 5586 750 5649 tum
795 5580 1300 5672 comparatione
1346 5582 1435 5653 ad
1499 5582 1753 5673 Deum,
1794 5586 1881 5656 ad
1938 5609 2148 5680 quem

603 5686 775 5756 bene
806 5685 1179 5759 ordinatur.
1238 5688 1584 5781 Secundo,
1630 5697 2148 5787 comparatione

1681 332 1767 398 D.
1820 332 2023 400 ALB.
2076 335 2298 402 MAG.
2352 335 2557 402 ORD.
2611 336 2908 406 PRAED.

2300 504 2386 570 ad
2410 507 2825 593 proximum,
2862 507 2981 591 ibi,
3017 515 3080 583 y.
3126 510 3166 577 9
3211 532 3226 576 :
3267 539 3299 574 (ι
3333 515 3692 605 Dispersit,
3728 519 3840 585 de·

2299 610 2405 679 dit
2429 610 2877 703 pauperibus.
2918 638 2950 678 »

2387 717 2465 784 In
2484 720 2705 808 prima
2725 719 3042 786 dicuntur
3079 723 3228 788 tria.
3256 721 3512 806 Primo,
3538 731 3840 819 tangitur

2299 828 2617 894 meritum
2647 836 2978 918 promptae
3008 829 3175 918 spei.
3241 828 3577 910 Secundo,
3624 838 3835 904 meri-

2297 941 2442 1001 tum
2475 935 2658 1015 fidei,
2681 935 2801 1016 ibi,
2834 943 2898 1012 ᾗ.
2930 939 2970 1006 8
2999 960 3014 1004 :
3065 940 3613 1027 «Consu-matum
3642 956 3760 1014 est.
3801 972 3832 1011 x>

2294 1042 2548 1126 Tertio,
2573 1042 2831 1110 stabilis
2861 1043 3231 1126 charitatis,
3259 1047 3377 1127 ibi,
3416 1074 3447 1114 α
3482 1051 3633 1117 Non
3661 1074 3837 1119 com-

2297 1149 2697 1218 movebitur.
2745 1176 2780 1218 1>

2383 1260 2565 1330 Dicit
2603 1284 2763 1353 ergo
2798 1284 2815 1327 ε
2863 1260 2976 1331 Sic
3014 1287 3155 1332 non
3195 1266 3460 1336 timebit
3513 1270 3596 1337 ab
3649 1272 3837 1339 audi·

2294 1366 2475 1434 tione
2542 1366 2724 1435 mala
2784 1369 2889 1435 vir
2953 1369 3338 1439 misericors
3404 1373 3613 1442 factus
3689 1376 3833 1444 Deo

2293 1481 2579 1564 gratus:
2614 1482 2681 1542 et
2737 1475 2941 1542 etiam
3005 1501 3038 1541 α
3115 1500 3230 1544 cor
3279 1478 3433 1568 ejus
3504 1492 3834 1572 paratum

2292 1589 2410 1656 est,
2465 1606 2501 1645 »
2562 1581 2820 1649 meritis
2864 1583 3430 1672 praecedentibus»,
3501 1597 3566 1655 et
3617 1591 3833 1678 gratia

2291 1687 2442 1771 Dei,
2479 1712 2514 1754 a
2544 1711 2817 1779 sperare
2843 1689 2915 1755 in
2942 1692 3269 1771 Domino,
3305 1717 3339 1758 ι
3373 1715 3511 1760 non
3538 1694 3610 1761 in
3641 1718 3837 1764 mun-

2290 1795 2402 1864 do.
2438 1796 2623 1864 Psal.
2665 1820 2868 1878 cxvu,
2902 1800 2942 1867 9
2987 1816 3004 1867 ε
3037 1802 3309 1869 Bonum
3340 1812 3437 1869 est
3462 1826 3732 1894 sperare
3764 1806 3832 1872 in

2287 1905 2611 1981 Domino,
2668 1928 2878 1996 quam
2930 1930 3205 1998 sperare
3262 1912 3335 1977 in
3367 1912 3828 2004 principibus,

2290 2013 2623 2105 quidquid
2652 2014 2747 2083 illi
2778 2019 3153 2109 contingat.
3190 2016 3493 2111 Sapient.
3528 2045 3647 2102 xxi,
3691 2024 3775 2090 22
3811 2046 3827 2092 ε

2292 2121 2468 2191 Cum
2508 2122 2592 2189 de
2626 2121 2820 2190 nobis
2855 2122 3255 2213 judicatur,
3304 2151 3647 2219 speremus
3692 2132 3831 2198 mi-

2284 2229 2728 2297 sericordiam
2766 2240 2988 2315 tuam,
3020 2233 3227 2301 etiam
3258 2235 3607 2322 injudicio
3650 2261 3830 2307 mor-

2285 2336 2394 2404 tis.
2427 2336 2586 2416 Job,
2619 2360 2764 2417 xm,
2802 2339 2882 2406 15
2923 2359 2940 2406 ε
2988 2341 3295 2409 Etiamsi
3330 2343 3647 2413 occiderit
3696 2368 3826 2427 me,

2285 2446 2359 2512 in
2400 2447 2547 2538 ipso
2580 2445 2891 2538 sperabo.
2935 2446 3264 2517 Proverb.
3308 2473 3448 2532 x1v,
3493 2452 3575 2520 32
3611 2475 3627 2520 :
3669 2455 3833 2544 Spe-

2285 2564 2400 2622 rat
2433 2553 2681 2643 justus
2738 2555 2812 2622 in
2866 2566 3083 2624 morte
3141 2581 3296 2626 sua.
3362 2557 3540 2628 Sunt
3602 2570 3829 2630 autem
3885 2589 3999 2635 Tru
4047 2602 4158 2648 quo

2283 2665 2436 2742 tria,
2481 2685 2635 2754 quae
2676 2672 2921 2754 parant
2972 2687 3090 2734 cor
3146 2665 3231 2735 ad
3287 2691 3478 2759 spem
3551 2677 3826 2738 certam.

2284 2769 2594 2838 Primum
2643 2779 2746 2840 est
2802 2771 3269 2843 misericordia
3316 2773 3464 2844 aliis
3502 2776 3823 2859 exhibita,

2283 2876 2488 2946 Eccli.
2526 2901 2619 2961 w,
2656 2880 2738 2947 10
2769 2886 2837 2947 et
2868 2880 2942 2946 11
2996 2902 3012 2948 :
3052 2883 3223 2949 Esto
3272 2882 3575 2975 pupillis
3621 2887 3826 2954 mise-

2281 2985 2492 3052 ricors
2537 2994 2614 3053 ut
2645 2995 2874 3079 pater,
2920 2996 2986 3055 et
3028 3010 3159 3079 pro
3215 2992 3361 3058 viro
3409 2992 3620 3061 matri
3669 2993 3829 3061 illo-

2278 3115 2437 3162 rum
2482 3116 2506 3161 .-
2551 3102 2614 3161 et
2666 3094 2800 3162 eris
2854 3104 2933 3163 tu
2985 3094 3176 3164 velut
3226 3097 3420 3188 filius
3480 3099 3828 3171 Attissimi

2278 3201 2615 3282 obediens,
2650 3212 2716 3271 et
2743 3204 3176 3273 miserebitur
3202 3207 3309 3275 tui
3335 3211 3558 3301 maqis
3611 3233 3821 3302 quam

2277 3319 2521 3378 mater.
2565 3307 2650 3376 Et
2679 3307 2846 3377 illud
2888 3308 3131 3380 Mattb.
3183 3333 3253 3392 v,
3296 3313 3336 3381 Ἰ
3373 3336 3390 3381 :
3452 3316 3652 3382 Beati
3688 3318 3826 3384 mi-

2273 3415 2668 3487 sericordes.
2724 3416 2809 3485 Et
2850 3415 3018 3485 illud
3072 3417 3402 3488 Proverb.
3470 3444 3611 3504 παν,
3680 3426 3757 3490 21
3799 3447 3815 3490 :

2279 3523 2418 3608 Qui
2470 3525 2827 3592 miseretur
2864 3526 3224 3618 pauperis,
3276 3525 3509 3597 beatus
3545 3530 3696 3598 erit.
3740 3530 3823 3599 Et

2270 3633 2669 3725 passionum
2712 3635 3138 3716 sustinentia,
3172 3634 3257 3705 ad
3286 3634 3579 3706 Roman.
3618 3657 3687 3716 v,
3723 3638 3762 3705 3
3796 3659 3813 3705 :

2277 3740 2662 3811 Tributatio
2676 3742 3090 3833 patientiam
3111 3752 3460 3836 operatur,
3472 3744 3818 3833 patientia

2272 3859 2501 3918 autem
2523 3847 3026 3942 probationem,
3057 3849 3382 3943 probatio
3411 3872 3564 3919 vero
3599 3875 3811 3944 spem.

2270 3955 2361 4025 Et
2388 3955 2799 4027 Sanctorum
2845 3955 3182 4048 exempla,
3216 3955 3439 4037 Pauli,
3479 3956 3812 4041 Matthaei,

2270 4065 2717 4160 Magdalenae.
2762 4066 2962 4149 Osee,
2994 4091 3067 4146 n,
3106 4069 3187 4137 15
3222 4088 3239 4135 :
3289 4066 3489 4137 Dabo
3529 4070 3626 4137 eis
3671 4068 3819 4137 val·

2273 4174 2407 4245 tem
2442 4176 2669 4246 Aehor
2695 4173 2794 4245 ad
2815 4173 3262 4267 aperiendam
3286 4197 3500 4268 spem,

2365 4529 2400 4563 α
2433 4498 2936 4591 confirmatum
2964 4507 3086 4568 est.
3129 4523 3164 4566 ι
3205 4495 3377 4568 Ecce
3406 4499 3805 4571 secundum.

2269 4607 2480 4690 Quasi
2511 4607 2761 4678 diceret
2802 4628 2820 4675 ε
2868 4603 2984 4675 Sic
3007 4611 3261 4698 sperat,
3301 4612 3368 4675 et
3395 4606 3598 4676 etiam
3631 4634 3665 4676 ‹
3697 4632 3815 4680 eor

2268 4715 2427 4807 ejus
2462 4716 2946 4807 confirmatum
2984 4723 3084 4784 est
3133 4738 3168 4781 ι
3226 4713 3298 4783 in
3355 4714 3486 4785 tide
3540 4738 3581 4784 a
3631 4717 3806 4788 Dec.

2273 4822 2456 4892 Psal.
2509 4846 2714 4907 mn,
2772 4824 2859 4892 29
2911 4830 2979 4892 et
3025 4823 3112 4892 30
3146 4844 3163 4891 :
3246 4822 3597 4913 confirma
3658 4825 3806 4907 hoc,

2267 4932 2482 5012 Deus,
2511 4930 2702 5025 quod
2716 4939 3035 5024 operatus
3061 4951 3129 4997 es
3156 4930 3227 4998 in
3252 4927 3470 5011 nobis,
3494 4952 3538 4997 a
3558 4931 3812 5023 templo

2266 5048 2502 5109 saneto
2530 5047 2677 5122 tuo,
2709 5046 2838 5108 etc.
2878 5037 3031 5107 Act.
3075 5057 3218 5116 xvi,
3263 5036 3344 5104 15
3379 5058 3397 5105 :
3435 5036 3815 5127 Confirma-

2270 5145 2526 5216 bantur
2549 5145 2714 5236 fide.
2747 5144 2852 5223 Et,
2894 5142 2982 5213 ad
3012 5140 3276 5213 Coloss.
3311 5164 3383 5228 ιι,
3418 5144 3458 5212 7
3493 5165 3511 5211 ε
3554 5144 3816 5235 Confir-

2269 5257 2445 5325 mati
2466 5254 2612 5345 fide
2638 5277 2662 5323 .·
2691 5260 2759 5324 et
2775 5250 3159 5322 confirmati
3190 5273 3230 5320 a
3261 5249 3519 5343 Spiritu
3547 5262 3805 5324 sancto.

2265 5361 2452 5433 Psal.
2486 5385 2551 5444 ι,
2597 5362 2680 5432 ¹4
2712 5384 2731 5431 :
2762 5361 3039 5455 Spiritu
3058 5357 3446 5452 principali
3479 5360 3811 5452 confirma

2268 5496 2399 5544 me.
2441 5472 2936 5542 Confirmatum
2969 5468 3056 5537 ab
3083 5465 3336 5535 Altaris
3358 5480 3806 5543 sacramento.

2266 5580 2450 5652 Psal.
2493 5603 2631 5663 cni,
2666 5581 2747 5652 15
2782 5602 2800 5650 :
2839 5577 3062 5649 Panis
3097 5598 3215 5645 cor
3247 5575 3545 5647 hominis
3571 5581 3812 5672 confir-

2265 5701 2424 5763 met.

3878 2656 3966 2702 par

3886 2697 3947 2742 ad

3967 2649 4048 2688 ‘n‘
4071 2656 4164 2690 001²

3994 2710 4149 2755 amm.
