5008 6329
613 326 693 390 43
1614 307 1696 372 D.
1741 303 1940 369 ALB.
1984 298 2202 369 MAG.
2246 298 2454 365 om).
2499 298 2796 368 PRAED.

2274 492 2383 547 ne,
2421 469 2774 547 ordinasti,
2841 475 2907 534 et
2969 466 3209 545 fecisti,
3250 472 3316 529 et
3360 467 3641 552 propter
3697 455 3829 524 hoc

2277 604 2308 643 α
2345 601 2558 669 quam
2590 575 3032 666 maqnifitata
3058 579 3243 646 sunt,
3282 596 3315 631 ι)
3351 589 3603 656 magna
3654 564 3832 633 scili-

2272 694 2403 771 cet,
2447 694 2516 755 et
2546 684 2760 753 multa
2782 690 2938 751 sunt
2971 712 3003 744 «
3038 700 3244 771 opera
3297 677 3477 741 tua!
3547 697 3578 735 n
3639 670 3830 737 Unde

2272 804 2535 863 certum
2566 791 2883 883 estquod
2933 786 3306 879 procedunt
3372 803 3457 849 ex
3494 775 3711 845 multa
3764 784 3832 842 et

264 523 590 622 ffi-detutex
620 492 849 562 Matth.
889 517 981 574 vt,
1025 494 1110 559 21
1148 512 1164 554 :
1200 489 1417 556 Nemo
1452 483 1673 568 potest
1732 469 1998 538 duobus
2036 468 2167 534 do-

285 578 585 692 ...ffssffssgff‘
616 603 820 669 minis
845 602 1118 669 seruire.
1167 594 1460 676 Propter
1488 577 1895 672 perieulum,
1954 574 2158 643 Eecli.

264 682 585 785 ffissssssissffif
614 733 758 793 xm,
807 712 834 775 1
877 731 891 775 :
948 706 1085 791 Qui
1124 692 1429 785 tetiqerit
1453 690 1701 780 picem,
1762 681 2167 776 inquinabi-

565 901 569 905 γ
611 829 723 884 tur
753 815 838 882 ab
868 838 946 881 ea
978 835 999 877 .·
1058 818 1123 875 et
1179 803 1305 893 qui
1343 796 1800 867 communicat
1846 789 2159 882 superbo,

607 925 844 991 induet
870 915 1298 1008 superbiam.
1343 908 1636 996 Propter
1699 899 2108 990 supplicium
2144 918 2159 961 :

606 1030 807 1095 nimis
836 1027 1018 1093 enim
1050 1019 1299 1110 affligit
1336 1037 1524 1094 suos,
1560 1002 2107 1084 Exod.1,13et14
2141 1021 2159 1068 ε

610 1136 908 1205 Oderunt
935 1133 1127 1221 filios
1167 1122 1398 1195 Israel
1459 1115 1813 1207 AEqyptii‚
1874 1120 1937 1179 et
1973 1108 2167 1198 affli-

486 1258 498 1268 '
604 1242 1053 1333 qebant...eos
1082 1228 1410 1328 operibus
1432 1224 1626 1292 duris
1648 1221 1783 1286 luti
1806 1229 1868 1285 et
1900 1216 2157 1284 lateris.

364 4058 489 4126 24

604 1348 854 1416 Jerem.
900 1368 1042 1424 xvr,
1120 1341 1201 1406 13
1250 1358 1264 1401 ε
1327 1329 1651 1401 Servietis
1707 1325 1840 1391 diis
1915 1322 2163 1390 alienis

610 1458 828 1524 dicae
863 1462 1076 1529 nocte,
1121 1445 1412 1538 quinon
1480 1435 1745 1505 dabunt
1807 1431 1996 1501 vohis
2050 1452 2163 1496 re·-

607 1564 860 1654 quiem.
896 1559 1190 1646 Propter
1212 1546 1548 1617 malitiam
1579 1541 1938 1610 hominum
1971 1559 2165 1604 mun-

609 1670 969 1750 danorum,
1008 1663 1171 1743 Job,
1200 1680 1367 1736 xxx,
1403 1656 1486 1722 29
1524 1674 1540 1720 ε
1584 1654 1828 1719 Frater
1854 1648 1968 1738 sui
1996 1646 2164 1713 dra-

605 1797 875 1856 conum,
919 1782 982 1840 et
1008 1770 1241 1840 socius
1275 1760 1767 1830 struthionum.
1802 1753 2006 1822 Mich.
2039 1774 2159 1829 vn,

607 1885 646 1950 2
691 1907 708 1950 ε
754 1884 867 1952 Vir
903 1883 1200 1971 fratrem
1239 1891 1450 1939 suum
1490 1873 1777 1934 venatur
1832 1862 1929 1929 ad
1977 1882 2166 1927 mor-

608 1999 764 2057 tem.
864 1986 1164 2075 Propter
1248 1975 1597 2044 miseriam
1680 1978 1749 2037 et
1848 1966 2166 2058 indigen-

603 2094 985 2180 tiam,Luc.
1030 2113 1148 2168 xv,
1201 2086 1282 2153 14
1332 2089 1398 2150 et
1427 2102 1605 2171 seq„
1667 2076 1874 2144 Filius
1932 2071 2168 2165 prodi-

608 2228 733 2297 gus
798 2203 1101 2272 serviens
1171 2197 1244 2263 in
1322 2212 1690 2283 porcorum
1764 2183 2161 2263 nutritione,

608 2312 806 2403 erepit
893 2331 1087 2399 eqere
1153 2311 1223 2370 et
1326 2297 1611 2367 esurire.
1721 2292 1804 2358 Et
1888 2288 2163 2357 tandem

605 2427 881 2512 propter
984 2408 1256 2506 praemii
1353 2401 1926 2495 magnitudinem,
2031 2394 2167 2461 Ge-

606 2551 748 2596 nes.
827 2547 948 2603 xu,
1017 2526 1075 2605 1,
1149 2518 1416 2585 dictum
1475 2520 1577 2580 est
1652 2509 1874 2600 primo
1944 2503 2170 2572 Abra-

603 2633 711 2702 hae
754 2655 769 2700 ε
862 2629 1212 2721 Eqredere
1288 2622 1374 2690 de
1454 2629 1638 2686 terra
1739 2625 1887 2682 tua.
1975 2611 2161 2687 Post,

604 2763 902 2833 egresso,
970 2760 1086 2817 xv,
1158 2735 1183 2800 l
1255 2753 1271 2799 ε
1345 2731 1500 2819 qu
1576 2732 1923 2817 protector
2004 2728 2165 2785 tuus

597 2870 776 2929 sum,
804 2857 867 2914 et
906 2867 1156 2913 merces
1188 2848 1316 2907 tua
1347 2855 1608 2924 maqna
1648 2830 1884 2898 ninzis.
1920 2823 2160 2894 Matth.

600 2976 741 3031 xix,
808 2954 945 3019 28:
1011 2951 1238 3018 Amen
1305 2939 1462 3009 dico
1529 2935 1744 3019 vobis,
1787 2930 1978 3024 quod
2024 2952 2164 3008 vos,

598 3065 721 3156 qai
747 3059 1127 3152 reliquistis
1155 3051 1424 3126 omnia,
1461 3054 1592 3116 etc.
1630 3044 1714 3112 Et
1745 3052 1910 3110 tunc
1974 3045 2170 3131 post-

599 3194 803 3263 quam
843 3168 1052 3237 bomo
1092 3159 1374 3239 exierit,
1409 3162 1513 3225 est
1558 3148 1981 3244 operandum
2057 3146 2170 3214 in-

598 3285 878 3355 stanter,
922 3272 1144 3342 Eccle.
1192 3288 1289 3343 tx,
1332 3264 1413 3332 10
1479 3283 1496 3329 ε
1534 3258 2023 3347 Quodcumque
2045 3254 2169 3343 la-

597 3409 739 3455 cere
763 3391 985 3477 potest
1014 3398 1272 3448 manus
1303 3381 1455 3455 tna,
1491 3369 1825 3435 instanter
1859 3384 2163 3455 operare.

595 3493 926 3568 Joau.1x‚
968 3488 1067 3555 4:
1140 3480 1335 3549 Venit
1389 3500 1556 3558 noar,
1615 3471 1892 3565 quando
1972 3488 2166 3536 nemo

591 3608 813 3693 potest
848 3593 1147 3688 operari.
1234 3586 1321 3655 Et
1378 3580 1901 3687 proficiendum.
1958 3577 2161 3646 Jonn.

599 3730 719 3788 xn,
768 3705 854 3773 35
898 3694 1355 3772 :Ambulate,
1388 3690 1559 3758 dam
1610 3687 1829 3756 lucem
1873 3682 2158 3752 habetis.

695 4077 729 4112 α
765 4047 988 4132 Quam
1018 4032 1508 4129 maqnificata.
1546 4052 1580 4093 ι
1616 4024 1744 4094 llic
1787 4021 2161 4092 secundum

606 4158 812 4226 totius
832 4152 1011 4221 illius
1028 4146 1277 4242 partis,
1303 4140 1374 4208 in
1395 4158 1534 4229 qua
1553 4133 1694 4225 agit
1723 4131 1806 4201 de
1823 4129 1950 4199 Dei
1979 4151 2163 4220 mag·

601 4260 942 4332 niticentia
971 4256 1040 4326 in
1059 4243 1592 4324 conservatione
1631 4235 2034 4307 animalium
2090 4236 2159 4304 in

600 4381 775 4440 terra
811 4364 1243 4459 degentium.
1277 4352 1571 4422 Ostensa
1623 4347 1808 4416 enim
1866 4343 2159 4414 mirabili

600 4474 1147 4555 conservatione,
1188 4458 1638 4553 subjungitur
1664 4452 2059 4539 admiratio,
2094 4460 2163 4521 et

600 4581 1002 4659 exclamatio
1032 4600 1163 4672 pro
1205 4573 1516 4661 inspecta
1544 4570 1613 4633 et
1640 4561 1916 4652 cognita
1981 4560 2164 4631 divi-

601 4718 690 4764 na
717 4691 1089 4782 majestate.
1133 4681 1221 4750 Et
1268 4677 1593 4746 dicuntur
1664 4669 1817 4738 tria.
1899 4666 2158 4748 Prinne,

599 4824 685 4872 ex
721 4793 1276 4870 consideratione
1325 4776 1821 4872 magnitudinis
1894 4782 2165 4845 creatu-

600 4927 854 4983 rarum,
904 4898 1140 4972 laudat
1204 4889 1520 4960 divinam
1576 4882 1977 4976 potentiam.
2034 4880 2166 4951 Se-

601 5009 849 5095 cundo,
883 5031 965 5077 ex
1003 4995 1336 5099 prudenti
1372 4989 1805 5062 ordinatione
1869 4997 1938 5058 et
2008 4985 2167 5079 pul·

600 5120 765 5192 chra
791 5115 1023 5187 laudat
1054 5103 1501 5201 sapientiam,
1543 5100 1667 5180 ibi,
1709 5122 1746 5165 ι
1803 5098 2056 5169 Omnia
2092 5097 2164 5166 in

598 5225 963 5320 sapientia.
1033 5244 1070 5286 a
1119 5211 1387 5290 Tertio,
1454 5231 1541 5278 ex
1622 5204 2165 5276 consideratione

604 5331 994 5428 repletionis
1048 5333 1256 5395 terrae
1345 5317 1549 5387 bonis
1620 5313 2165 5407 possessionibus

601 5452 671 5514 et
696 5439 975 5512 utilibus
1010 5429 1257 5505 laudat
1296 5425 1702 5504 bonitatem,
1751 5420 1873 5507 ibi,
1948 5444 1985 5487 ι
2014 5421 2168 5490 lm-

596 5550 792 5646 pieta
816 5557 939 5617 est.
972 5570 1009 5612 ι

697 5653 875 5724 Dicit
899 5668 1107 5744 ergo:
1155 5643 1326 5714 [laec
1355 5658 1511 5728 quze
1543 5634 1868 5727 praemisi,
1927 5633 2161 5703 Domi.

2270 922 2523 989 magna
2560 899 2884 989 potentia.
2931 895 3009 961 In
3073 891 3255 960 Psal.
3289 913 3421 966 xci,
3467 889 3530 964 6,
3567 905 3774 973 supra
3807 903 3825 949 ε

2278 1008 2506 1090 Quam
2544 1004 2995 1095 maqnificata
3031 1009 3194 1067 sunt
3223 1019 3429 1088 opera
3472 1005 3621 1071 tua,
3690 993 3834 1059 Do-

2271 1117 2455 1182 mine
2484 1117 2516 1181 !
2579 1113 2814 1193 nimis,
2863 1121 2988 1179 etc.
3034 1109 3165 1176 Isa.
3224 1129 3348 1184 ιιι,
3380 1106 3420 1172 5
3458 1127 3473 1172 :
3540 1103 3832 1171 Cantate

2274 1223 2597 1302 Domino,
2630 1222 2960 1313 quoniam
2999 1214 3364 1306 maqnifice
3408 1212 3596 1299 lecit.

2363 1468 2397 1509 a
2434 1442 2711 1511 Omnia.
2758 1466 2793 1507 ι
2834 1440 2964 1508 Hie
3001 1436 3401 1507 secundum.
3448 1432 3660 1512 Quasi
3719 1429 3830 1497 di-

2268 1558 2449 1621 ceret
2490 1572 2508 1618 :
2556 1550 2671 1619 Sic
2709 1557 2868 1617 sunt
2904 1545 3363 1638 magnificata,
3409 1549 3477 1609 et
3512 1539 3825 1607 ordinate

2267 1660 2467 1738 facta,
2501 1668 2570 1728 et
2598 1657 2946 1748 disposita.
3013 1684 3046 1718 «
3084 1652 3336 1722 Omnia
3366 1651 3436 1717 in
3480 1644 3827 1737 sapientia

2267 1766 2496 1857 fecisti
2538 1787 2553 1834 :
2594 1791 2627 1831 ι
2664 1765 2842 1833 unde
2873 1756 3414 1832 commendanda
3461 1752 3822 1845 sapientia.

2270 1874 2604 1943 Proverb.
2638 1897 2783 1953 vm,
2834 1874 2918 1940 29
2964 1894 2980 1938 :
3046 1866 3337 1956 Quando
3395 1858 3827 1955 appendebat

2267 1982 2731 2074 fundamenta
2762 1988 2981 2062 terrae,
3017 1997 3174 2044 cum
3229 1995 3304 2041 eo
3334 1992 3522 2040 eram
3579 1975 3825 2036 cancta

2271 2090 2657 2181 disponens.
2731 2084 3036 2176 Sapient.
3105 2104 3250 2157 vin,
3303 2081 3335 2145 1
3375 2103 3392 2146 τ
3477 2073 3827 2166 Sapientia

2271 2198 2557 2286 attinqit
2585 2220 2629 2264 a
2646 2195 2786 2284 fine
2816 2215 3026 2283 usque
3063 2188 3161 2256 ad
3182 2188 3391 2276 finem
3426 2184 3732 2272 sortiter,
3765 2187 3829 2247 et

2272 2304 2575 2395 disponit
2603 2303 2837 2370 omnia
2864 2298 3189 2366 suaviter.
3223 2294 3389 2361 naeo
3434 2298 3534 2358 est
3562 2289 3830 2379 sapien-

2274 2415 2368 2481 tia
2410 2412 2643 2504 genita
2669 2409 2820 2478 Filii
2852 2406 3004 2476 Dei.
3036 2404 3062 2471 l
3099 2402 3186 2472 ad
3208 2397 3518 2469 Corinth.
3552 2418 3601 2473 ι,
3644 2396 3731 2462 23
3761 2400 3830 2461 et

2274 2523 2361 2590 24
2396 2538 2413 2589 ε
2447 2521 2590 2589 Nos
2603 2516 3060 2610 praedicamus
3093 2510 3563 2583 Christiana...
3630 2501 3831 2572 Cleri·

2270 2641 2456 2699 stum
2492 2629 2628 2698 Dei
2666 2628 3008 2701 virtutem.
3043 2632 3106 2689 et
3143 2619 3275 2689 Dei
3306 2612 3750 2707 sapientiam.

2369 2862 2402 2897 α
2442 2831 2743 2923 Impleta
2779 2836 2899 2897 est.
2946 2854 2979 2890 n
3025 2824 3194 2894 Ecce
3250 2822 3549 2891 tertium.
3615 2816 3825 2897 Quasi

2276 2940 2576 3009 diceret:
2633 2937 2747 3008 Sic
2818 2937 3159 3026 sapienter
3224 2931 3385 2998 sacis
3450 2925 3710 3003 omnia,
3762 2930 3833 2990 et

2275 3048 2482 3117 etiam
2551 3069 2588 3112 ι
2651 3057 2836 3113 terra
2886 3040 3174 3132 impleta
3251 3046 3347 3103 est
3405 3033 3832 3125 possessione

2276 3161 2425 3232 tua,
2461 3179 2495 3214 a
2541 3143 3087 3243 possessionibus
3136 3141 3361 3223 bonis,
3413 3146 3477 3206 et
3520 3133 3826 3215 utilibus,

2276 3258 2464 3352 quod
2500 3255 2934 3327 commendat
2970 3262 3156 3321 tusum
3191 3246 3657 3340 plenissimam
3696 3241 3830 3308 bo-

2278 3369 2583 3436 nitatem.
2636 3363 2722 3433 Et
2760 3363 3013 3454 optime
3043 3359 3204 3427 dicit
3259 3365 3510 3424 terram
3552 3349 3825 3441 plenam

2274 3476 2704 3568 possessione
2775 3470 3080 3548 Domini,
3150 3467 3312 3558 quia
3366 3457 3701 3553 quidquid
3758 3459 3825 3524 in

2276 3593 2454 3652 terra
2490 3589 2618 3661 est,
2687 3577 3026 3673 possessio
3100 3570 3377 3642 Domini
3445 3576 3574 3636 est.
3638 3561 3820 3632 l’sal.

2274 3709 2469 3768 xxm,
2510 3689 2538 3755 ί
2578 3708 2595 3756 z
2637 3686 2915 3757 Domini
2950 3692 3048 3753 est
3085 3690 3294 3754 terra.
3334 3685 3399 3743 et
3456 3668 3825 3765 plenitudo

2272 3794 2453 3887 ejus.
2477 3793 2588 3875 Et,
2608 3794 2862 3865 Jerem.
2896 3788 3202 3868 xxnt,2t
3246 3778 3662 3871 :Numquid
3704 3800 3824 3844 coe·

2274 3903 2427 3974 lum
2447 3912 2512 3973 et
2532 3912 2784 3971 terram
2805 3922 2927 3990 eqo
2950 3895 3227 3987 impleo,
3245 3889 3413 3958 dicit
3431 3886 3777 3956 Dominus
3802 3904 3819 3949 ε

2270 4009 2822 4106 possessionibus
2879 4005 3103 4086 bonis,
3162 4008 3520 4089 tamquam
3568 3993 3817 4063 bonus.

2364 4369 2401 4407 ι
2434 4341 2582 4410 IIoc
2599 4361 2789 4407 mare
2813 4357 3168 4427 maynum.
3189 4358 3223 4400 ι
3258 4331 3386 4401 llic
3409 4326 3813 4399 secundum.

2270 4450 2649 4542 Postquam
2681 4446 2866 4517 enim
2898 4443 3302 4514 monstravit
3367 4439 3492 4509 Dei
3541 4436 3821 4527 magni-

2270 4558 2617 4630 ficentiam
2654 4557 2728 4626 in
2772 4551 3288 4626 conservatione
3352 4557 3819 4619 creaturarum

2270 4667 2344 4735 in
2381 4674 2587 4743 terra.
2630 4660 2929 4733 ostendit
2949 4657 3531 4751 magnificentiam
3561 4655 3633 4724 in
3661 4674 3824 4722 con·

2273 4773 2661 4841 servatione
2697 4792 2959 4848 earum,
3002 4788 3154 4859 quae
3193 4767 3262 4836 in
3328 4765 3551 4834 mari:
3597 4770 3666 4830 et
3711 4759 3824 4827 di-

2272 4886 2523 4950 cuntur
2550 4876 2714 4948 duo.
2777 4875 3036 4956 Primo,
3103 4871 3402 4942 ostendit
3454 4888 3830 4940 conserva-

2275 4986 2536 5056 tionem
2572 4982 2846 5053 illarum
2903 5004 3057 5073 quae
3086 4980 3161 5048 in
3210 4978 3385 5047 mari
3447 4981 3609 5043 sunt
3666 4994 3829 5062 spe-

2273 5092 2556 5163 cialiter.
2606 5090 2946 5169 Secundo,
2996 5084 3385 5179 colligando
3413 5079 3621 5151 simul
3667 5101 3826 5148 cum

2275 5200 2411 5271 illis
2464 5201 2703 5269 omnia
2748 5195 3244 5274 universaliter,
3285 5190 3407 5308 ⁵¹3³·
3470 5190 3540 5257 in
3595 5186 3827 5258 medio

2273 5320 2340 5393 5.
2380 5313 2469 5380 28
2501 5331 2521 5380 :
2558 5336 2593 5376 ι
2633 5308 2996 5403 Aper-iente
3030 5314 3097 5375 te
3133 5321 3420 5371 manum
3454 5307 3677 5368 tuam.
3717 5323 3752 5360 a

2364 5419 2444 5490 In
2472 5419 2696 5511 prima
2732 5424 3054 5510 quatuor.
3094 5410 3361 5495 Primo,
3402 5412 3830 5478 monstratur

2275 5525 2785 5620 magnificentia
2808 5520 2935 5593 Dei
2966 5523 3300 5612 quantum
3340 5514 3427 5587 ad
3463 5514 3598 5585 loci
3663 5532 3831 5602 pro·

2275 5634 2642 5705 visionem.
2696 5625 3041 5702 Secundo.
3093 5633 3425 5717 quantum
3463 5621 3548 5692 ad
3589 5617 3834 5688 multi·-

3952 4334 4076 4403 ²⁸
