5008 6329
649 336 776 402 410
1624 336 1712 404 D.
1763 336 1966 405 ALB.
2018 336 2237 406 MAG.
2291 335 2498 406 ORD.
2553 337 2824 404 PRAED

2313 507 2613 576 rationes
2656 530 2861 600 quare
2918 507 3291 577 laudandus
3345 517 3468 579 est.
3502 509 3845 593 Secundo,

2313 619 2764 710 quaestionem
2811 619 3113 688 eliminat
3187 642 3338 711 quae
3392 628 3621 710 posset
3669 620 3844 699 fieri,

2312 727 2662 816 quomodo
2702 729 2798 795 sic
2835 727 3077 796 audeat
3106 729 3390 795 invitare
3437 727 3520 794 ad
3573 727 3845 796 laudem

2311 833 2462 911 Dei,
2506 843 2574 901 et
2613 836 2709 902 sic
2767 858 3088 926 magnum
3137 837 3357 925 ipsum
3414 845 3691 916 asserat,
3726 835 3846 917 ibi,

2309 962 2377 1008 v.
2414 943 2477 1010 5.
2522 968 2554 1003 «
2594 942 2774 1027 Quia
2804 965 2922 1031 eqo
2959 944 3263 1034 coqnovi.
3309 971 3341 1006 »

2402 1046 2479 1114 In
2528 1048 2751 1139 prima
2794 1051 2943 1117 tria.
2993 1049 3252 1128 Primo,
3296 1057 3528 1117 monet
3571 1050 3651 1118 ad
3693 1048 3847 1119 lau-

2311 1154 2614 1224 dandum
2663 1179 2804 1225 ore.
2857 1156 3194 1237 Secundo,
3227 1157 3450 1237 corde,
3501 1157 3619 1241 ibi,
3651 1166 3715 1236 y.
3756 1159 3841 1228 3:

2323 1291 2354 1328 α
2391 1264 2711 1332 Laudate
2772 1266 3170 1332 Dominum.
3209 1290 3242 1330 ι
3299 1266 3549 1345 Tertio,
3610 1287 3841 1357 opere,

2310 1370 2430 1452 ibi,
2476 1397 2508 1435 α
2545 1371 2864 1441 Psallite.
2902 1400 2936 1434 ι

2402 1478 2479 1545 In
2512 1481 2733 1569 prima
2764 1480 2921 1547 duc.
2986 1480 3244 1563 Primo,
3280 1490 3535 1561 monet,
3570 1491 3636 1550 et
3664 1482 3846 1550 invi-

2309 1595 2409 1654 tat
2464 1587 2551 1654 ad
2623 1586 2919 1656 laudem.
2997 1586 3335 1669 Secundo,
3439 1589 3843 1658 determinat

2312 1710 2510 1779 quoe,
2548 1692 2664 1770 ibi,
2715 1719 2747 1759 α
2783 1695 3118 1775 Laudato,
3141 1698 3340 1780 servi,
3371 1697 3771 1764 Dominum.
3806 1723 3840 1759 n

917 824 1011 892 IN
1076 824 1515 942 PSALMQI
1580 823 1938 894 CXXXIV

1167 1060 1697 1110 COMMENTARIUS.

1171 1387 1205 1428 α
1253 1360 1597 1431 Alleluia.
1646 1386 1680 1427 s

749 1729 781 1769 α
812 1704 1127 1772 Laudate
1182 1725 1429 1771 nomen
1454 1704 1749 1772 Domini
1779 1704 1824 1771 ¹.
1859 1732 1888 1767 n
1934 1703 2059 1772 llic
2105 1713 2207 1772 est

654 1809 968 1878 Psalmus
1024 1812 1432 1879 centesimus
1532 1812 1930 1903 trigesimus
1996 1833 2206 1902 quar-

656 1927 785 1987 tus.

2404 2023 2588 2092 Dicit
2649 2046 2812 2115 ergo
2873 2045 2891 2094 ε
2959 2024 3121 2092 Haec
3182 2024 3510 2095 beneficia
3583 2027 3842 2095 confert
4010 2037 4068 2104 1

2308 2130 2523 2215 Deus,
2593 2153 2744 2222 quae
2815 2132 3124 2222 superius
3187 2143 3346 2201 sunt
3411 2134 3760 2223 praemissa
3821 2140 4193 2240 :Wffigcff

2311 2261 2476 2330 ergo
2520 2263 2556 2304 ι
2587 2239 2871 2308 laudate
2897 2263 3162 2322 nomen,
3197 2266 3230 2306 ι
3265 2241 3331 2309 id
3359 2252 3482 2323 est,
3525 2242 3847 2310 nomina—-

2306 2347 2516 2416 bilem
2559 2350 2931 2438 potentiam
2987 2347 3286 2418 Domini.
3349 2351 3374 2418 1
3435 2352 3656 2419 Paral.
3698 2374 3840 2431 xvi,

2310 2459 2391 2525 10
2418 2478 2433 2523 ε
2458 2458 2776 2525 Laudate
2792 2481 3029 2526 nomen
3046 2471 3359 2528 sanctum
3375 2460 3554 2550 ejus,
3575 2460 3610 2527 J
3621 2458 3812 2530 udith
3824 2511 3840 2539 ,

2305 2585 2452 2642 xm,
2492 2564 2958 2633 ¹71Laudate
3013 2569 3391 2635 Dominum
3446 2570 3662 2635 Deum
3716 2590 3846 2635 no-

2300 2683 2553 2755 strum,
2593 2677 2717 2764 qui
2740 2697 2873 2743 non
2901 2675 3193 2744 desernit
3225 2688 3568 2769 sperantes
3631 2677 3703 2743 in
3747 2700 3839 2745 se.

745 2025 916 2093 Cum
956 2026 1137 2093 enim
1170 2027 1590 2117 praecesserit
1628 2027 1699 2094 in
1762 2027 2204 2118 praecedenti-

653 2134 779 2202 bus
818 2133 1107 2201 Psalmis
1136 2135 1563 2202 enumeratio
1603 2134 1946 2203 bonorum
1979 2157 2020 2202 a
2059 2136 2202 2204 Deo

651 2241 1080 2323 collatorum,
1113 2262 1252 2309 non
1294 2250 1502 2309 restat
1553 2243 1686 2309 nisi
1742 2243 2103 2311 conversio
2135 2244 2203 2309 in

653 2348 777 2418 Dei
806 2348 1077 2418 laudem
1120 2372 1239 2440 pro
1287 2357 1390 2416 tot
1439 2359 1507 2418 ct
1547 2348 1797 2418 talibus
1826 2349 2199 2432 beneticiiS,

653 2465 718 2524 et
756 2457 976 2524 irrisio
1014 2456 1297 2525 deorum
1329 2458 1446 2548 qui
1475 2456 1666 2525 nulla
1693 2467 1982 2549 possunt
2002 2457 2204 2528 exhi-

313 2550 626 2655 memma
654 2564 810 2632 bere
849 2562 1191 2632 beneficia.
1239 2564 1421 2655 Ergo
1454 2565 1522 2632 in
1573 2564 1703 2635 hoc
1741 2566 2022 2635 Psalmo
2054 2568 2200 2657 agi·

315 2661 623 2772 &mu-⁰⁸32
654 2683 763 2741 tur
791 2672 873 2741 dc
899 2672 1025 2742 Dei
1053 2671 1253 2741 laude
1291 2696 1415 2765 pro
1447 2674 1656 2742 tantis
1716 2674 2090 2753 beneficiis,
2134 2684 2202 2743 et

312 2770 630 2878 {3:⁸⁸an
657 2790 754 2851 tot
788 2805 803 2849 ε
838 2782 1015 2850 unde
1045 2790 1220 2850 recte
1271 2782 1707 2872 praemittitur
1743 2782 1984 2850 titulus
2016 2807 2050 2848 ι
2083 2782 2202 2849 al·
2303 2778 2514 2848 Eccli.
2543 2803 2777 2860 xxxix,
2811 2784 2893 2851 20
2926 2806 2942 2851 :
2983 2785 3165 2852 Date
3218 2784 3481 2851 nomini
3507 2784 3663 2872 ejus
3691 2806 3847 2851 ma-

657 2889 897 2971 lelnia,
977 2915 1010 2955 ι
1054 2888 1239 2981 quod
1295 2890 1808 2981 interpretatur,
1913 2889 2204 2958 laudate
2299 2889 2800 2978 qnificentiam.
2876 2888 3330 2959 Nominabilis
3418 2890 3601 2959 enim
3692 2892 3838 2982 ejus

658 3000 896 3066 Deum.
2301 2997 2611 3087 potentia
2640 3004 2764 3078 est,
2797 3019 2946 3089 quae
2979 2996 3127 3066 sola
3179 2996 3420 3078 salvat,
3482 2996 3627 3066 sola
3667 2997 3842 3066 libe-

737 3216 822 3287 Εἰ
858 3217 1182 3286 dividitur
1211 3215 1527 3286 psalmus
1575 3217 1955 3287 secundum
1993 3215 2202 3287 Glos-

647 3349 793 3396 sam
823 3328 893 3396 in
921 3334 1057 3395 tres
1084 3336 1333 3417 partes.
1396 3326 1663 3406 Primo,
1703 3326 2020 3395 invitatio
2069 3347 2199 3417 ge-

646 3434 963 3503 neraliter
996 3433 1440 3502 servientium
1494 3432 1642 3501 Deo
1707 3432 1795 3501 ad
1852 3433 2001 3522 ejus
2054 3432 2202 3500 lau-

644 3543 823 3612 dem.
896 3540 1237 3623 Secundo,
1305 3540 1635 3609 falsorum
1691 3540 2007 3626 deorum,
2076 3539 2193 3632 qui

642 3650 827 3720 nulla
859 3658 1142 3743 possunt
1177 3646 1502 3718 exhibere
1530 3648 1888 3728 beneficia,
1937 3649 2189 3731 irrisio,

640 3760 841 3840 ihm.
884 3760 999 3827 15:
1044 3784 1079 3821 ι
1111 3756 1541 3826 Simulaera.
1587 3783 1621 3817 n
1645 3755 1901 3834 Tertio,
1935 3756 2193 3847 repeti-

641 3867 736 3935 tio
768 3865 1212 3944 invitationis,
1252 3862 1531 3932 ordines
1569 3864 2016 3931 servientium
2046 3862 2188 3931 dis·

636 3971 1032 4064 tinguendo,
1099 3978 1177 4038 ut
1232 3971 1707 4062 unusquisque
1750 3969 1921 4039 ordo
1950 3991 2192 4039 secun-

635 4081 796 4151 dum
830 4079 1184 4149 modulum
1234 4101 1438 4148 suum
1496 4077 1754 4160 laudet,
1788 4077 1906 4159 ibi,
1944 4087 2006 4158 ἵ.
2047 4081 2129 4148 19
2165 4102 2182 4147 :

641 4216 675 4251 a
706 4189 968 4257 Domus
994 4185 1240 4267 Israel,
1276 4183 1671 4254 benedicite.
1718 4210 1752 4251 s

726 4293 957 4362 Prima
983 4294 1229 4362 iterum
1287 4290 1748 4360 subdividitur
1810 4289 2188 4360 secuudum

641 4400 921 4471 modum
959 4397 1297 4491 duplicem
1339 4398 1700 4468 invitando
1759 4397 1846 4467 ad
1883 4391 2214 4468 laudem.'

641 4508 873 4577 Primo
902 4504 1178 4599 quidem
1236 4505 1484 4575 invitat
1554 4504 1795 4575 verbo.
1841 4503 2187 4590 Secundo,

643 4614 981 4706 exemplo,
1018 4614 1139 4695 ibi,
1196 4623 1262 4692 5.
1318 4615 1453 4685 13:
1516 4638 1552 4679 ι
1593 4615 1914 4694 Domine,
1945 4636 2193 4683 nomen

645 4734 869 4807 tunm,
915 4747 948 4787 ι
981 4721 1151 4790 dans
1179 4721 1385 4789 etiam
1426 4718 1751 4789 laudandi
1778 4718 2098 4789 formam.

732 4828 809 4898 ln
842 4828 1058 4921 prima
1087 4827 1250 4897 duo.
1301 4826 1568 4906 Primo,
1620 4828 1867 4896 invitat
1902 4827 1990 4895 ad
2043 4827 2192 4896 lau·

642 4942 794 5010 dem
818 4962 1319 5033 quemcumque
1338 4961 1618 5008 servum
1646 4937 1802 5020 Dei,
1833 4939 2195 5036 assignans

710 5249 726 5282 ¹
757 5245 833 5303 ee
869 5245 1168 5319 cautique,
1221 5244 1325 5318 qui
1366 5251 1458 5302 est
1497 5260 1641 5303 sans
1687 5260 1829 5302 nom
1880 5242 2173 5312 d‘auteur,

639 5343 728 5393 est
755 5353 829 5394 en
883 5334 1105 5409 grande
1146 5336 1340 5410 partie
1396 5336 1679 5411 composa
1735 5335 1810 5392 de
1860 5335 2190 5408 fragments

635 5425 981 5499 empruntes
1005 5438 1084 5481 au
1154 5425 1616 5491 Deuteronome,
1677 5424 1714 5481 a
1766 5425 2024 5481 ‹let-emis
2066 5423 2190 5480 eta

635 5517 739 5574 des
768 5530 1045 5590 psaumes
1072 5515 1433 5573 anterieurs.
1475 5514 1523 5572 11
1553 5520 1647 5572 est
1700 5513 1859 5573 donc
1887 5514 2189 5573 cet-taine-

633 5610 799 5662 ment
823 5603 1158 5680 postet-iem·
1183 5604 1220 5661 a
1265 5603 1326 5661 ta
1363 5604 1664 5679 captivite.
1705 5627 1737 5658 «
1795 5608 1846 5664 A
1895 5604 2178 5662 servitute

629 5723 660 5756 ιι
684 5694 1139 5772 Babyloniorum
1155 5692 1416 5767 liberati,
1439 5700 1500 5751 et
1517 5695 1859 5753 divinorum
1885 5693 2175 5753 atriorum

2302 3111 2427 3173 rat.
2461 3107 2616 3175 Act.
2672 3128 2768 3186 xv,
2834 3108 2964 3175 12:
3018 3107 3157 3176 Nec
3216 3106 3422 3176 aliud
3453 3128 3697 3176 nomen
3743 3114 3841 3176 es!

2298 3214 2427 3283 sub
2464 3213 2633 3283 coelo
2670 3215 2911 3285 datum
2936 3216 3350 3296 hominibus,
3382 3218 3454 3284 in
3477 3239 3613 3309 quo
3642 3239 3840 3309 opor-

2300 3333 2439 3392 teat
2467 3346 2592 3392 nos
2615 3324 2856 3415 salvos·
2878 3324 3058 3414 fieri.

2389 3565 2423 3601 α
2463 3536 2803 3616 Laudate,
2842 3540 3040 3608 servi.
3074 3566 3108 3603 a·
3142 3539 3271 3609 llic
3322 3536 3721 3618 secundum,
3763 3539 3836 3606 in

2296 3666 2435 3737 quo
2464 3646 2869 3715 determinat
2904 3668 3078 3738 quos
3113 3648 3373 3716 invitet.
3408 3645 3640 3716 Primo
3669 3667 3834 3734 ergo

2295 3755 2517 3844 tangit
2542 3775 2780 3823 servos
2824 3754 3244 3846 generaliter.
3282 3752 3623 3835 Secundo,
3654 3775 3837 3845 quo-

2294 3860 2452 3930 dam
2483 3861 2693 3931 modo
2721 3863 3058 3956 specificat
3083 3863 3263 3944 illos,
3287 3863 3406 3945 ibi,
3435 3871 3500 3940 γ.
3526 3867 3609 3932 2:
3641 3889 3672 3927 ι
3694 3861 3833 3948 Qui

2287 3973 2517 4041 stalis,
2552 3996 2589 4038 s

2381 4080 2566 4150 Dicit
2603 4102 2810 4174 ergo:
2846 4080 2960 4151 Sic
3021 4085 3259 4153 monui
3333 4083 3633 4167 laudare,
3710 4088 3832 4158 sed

2295 4189 2480 4280 quia,
2514 4190 2692 4258 sicut
2716 4188 2984 4271 dicitur,
3024 4188 3233 4260 Eccli.
3263 4214 3380 4272 ιν,
3420 4195 3462 4262 9
3498 4215 3516 4262 t
3546 4195 3704 4265 Non
3733 4205 3831 4265 est

2289 4297 2596 4389 speciosa
2628 4295 2785 4365 taus
2811 4299 2883 4365 in
2909 4319 3025 4366 ore
3037 4300 3435 4390 peccatoris,
3457 4327 3492 4364 ι
3519 4300 3829 4384 laudate,

2295 4426 2420 4474 vos
2446 4405 2629 4473 servi
2650 4403 2953 4484 Domini,
2990 4430 3024 4471 s
3064 4404 3199 4488 vel,
3276 4433 3311 4470 ι
3336 4408 3716 4477 Dominum
3738 4432 3763 4477 .·
3795 4436 3830 4473 n

2295 4511 2383 4581 ad
2411 4511 2546 4583 hoc
2582 4513 2769 4583 enim
2800 4535 2924 4583 vos
2950 4515 3205 4584 creavit
3231 4523 3299 4584 et
3325 4514 3646 4587 condidit.
3698 4516 3830 4588 isa.

2295 4640 2487 4701 mu,
2521 4621 2601 4688 21
2643 4643 2661 4689 ε
2703 4620 3054 4714 Populum
3094 4622 3300 4691 istum
3339 4625 3646 4714 sor-mavi
3699 4626 3839 4693 mi-

2296 4728 2396 4809 lti,
2468 4726 2750 4797 laudem
2785 4751 3006 4798 meam
3041 4728 3379 4801 narrabit.
3437 4728 3525 4799 Et
3571 4754 3832 4811 rursus,

2299 4834 2371 4902 in
2409 4833 2682 4914 eodem,
2734 4843 2799 4912 γ.
2845 4835 2884 4902 ’1
2936 4857 2952 4903 :
3032 4835 3317 4905 Omnem
3387 4837 3511 4928 qui
3566 4838 3838 4907 invocat

2297 4966 2544 5013 nomen
2569 4966 2825 5026 meum,
2857 4947 2929 5013 in
2954 4945 3258 5036 qloriam
3285 4968 3532 5027 meam.
3564 4947 3833 5040 supple,

2295 5266 2327 5297 «
2359 5244 2810 5320 magnificentia
2838 5244 3123 5314 fruentes,
3154 5244 3365 5303 horum
3395 5244 3688 5302 bonorum
3716 5244 3832 5303 lar·

2293 5358 2325 5389 «
2354 5336 2608 5411 gitorem
2637 5335 2895 5403 laudate,
2927 5356 2957 5386 ι
2986 5334 3076 5392 dit
3099 5335 3445 5394 Theodoret.
3477 5339 3525 5394 A
3554 5353 3732 5395 cause
3751 5337 3833 5396 du

2293 5427 2348 5498 ἲ.
2377 5429 2465 5493 14.
2496 5425 2819 5485 Thalhoser
2871 5430 3145 5500 rapporte
3184 5425 3241 5485 le
3269 5442 3517 5500 psaume
3546 5441 3660 5484 aux
3690 5427 3832 5486 hos-

2291 5516 2479 5576 tilites
2510 5516 2617 5575 des
2645 5516 3049 5575 saman-iuius.

3255 5693 3325 5753 Η.
3350 5693 3611 5756 Lassus.
