5008 6329
677 197 761 265 80
1645 193 1730 258 D.
1786 191 1987 261 ALB.
2036 192 2252 260 MAG.
2306 193 2514 262 om).
2567 194 2862 260 PRAED.

939 365 1489 436 similitudinem
1520 359 1728 429 vituli
1767 361 2215 432 comedentis

944 477 1242 545 foenum.

680 604 795 653 21.
853 582 1078 653 Obliti
1163 595 1331 647 sunt
1401 577 1635 644 Deum
1712 577 1838 668 qui
1919 576 2219 647 salvavit

944 712 1088 763 eos,
1123 684 1246 776 qui
1281 682 1403 753 feit
1454 685 1814 776 magnalia
1881 685 1953 754 in
1999 685 2221 774 AEgy-

947 814 1093 885 pto,

681 928 797 975 22.
843 900 1196 971 Mirabilia
1239 899 1310 968 in
1357 918 1543 970 terra
1586 899 1823 969 Cham
1871 920 1885 965 ε
1931 895 2221 967 terribi-

952 1008 1042 1078 lia
1074 1008 1143 1078 in
1183 1007 1363 1078 mari
1402 1007 1677 1075 Rubro.

687 1117 799 1186 23.
855 1117 949 1186 Et
998 1117 1173 1185 dixit
1231 1133 1309 1183 ut
1385 1111 1836 1203 disperderet
1918 1134 2041 1180 eos
2091 1135 2106 1178 ε
2159 1110 2218 1179 si

942 1244 1083 1292 non
1116 1218 1720 1310 MoyseS,electus
1770 1217 1951 1306 ejuS,
1976 1216 2223 1285 stetis-

943 1348 1048 1400 set
1103 1328 1174 1398 in
1241 1325 1726 1398 confractione
1786 1325 1860 1396 in
1914 1347 2221 1417 conspe-

939 1456 1053 1506 ctu
1095 1435 1318 1524 ejus¹,
1402 1460 1418 1478 λ
1951 1431 1957 1437 ’

855 1546 956 1617 Ut
994 1561 1336 1614 averteret
1376 1543 1554 1613 iram
1605 1542 1786 1632 ejus,
1821 1562 1907 1608 ne
1949 1539 2222 1632 disper·

941 1653 1137 1722 deret
1165 1675 1312 1721 eos.
2056 1714 2065 1721 .

680 1783 791 1850 24.
851 1762 942 1830 Et
984 1782 1112 1852 pro
1188 1759 1418 1828 nihilo
1488 1757 1896 1828 habuerunt
1955 1774 2218 1826 terram

935 1866 1485 1937 desiderabilem
1525 1888 1540 1932 ε

854 1978 1019 2046 Non
1067 1974 1527 2045 crediderunt
1556 1973 1777 2043 verbo
1807 1974 1990 2062 ejus.

679 2090 795 2157 25.
853 2085 944 2156 Et
982 2101 1614 2154 murmuraverunt
1659 2082 1732 2151 in
1793 2081 2218 2152 tabernacu-

945 2193 1031 2261 lis
1070 2192 1218 2261 suis
1283 2215 1298 2259 ε
1362 2213 1508 2261 non
1564 2190 2041 2260 exaudierunt
2087 2211 2217 2259 vo·

948 2323 1100 2371 cem
1146 2298 1466 2370 Domini.

675 2413 790 2481 26.
849 2410 941 2479 Et
1004 2406 1302 2478 elevavit
1374 2426 1677 2475 manum
1735 2425 1947 2477 suam
1997 2425 2215 2496 super

940 2538 1061 2586 eos
1107 2531 1187 2585 ut
1262 2528 1750 2606 prosterneret
1800 2534 1926 2581 eos
1976 2510 2048 2581 in
2099 2509 2217 2580 de·

934 2635 1179 2705 serto²,

669 2754 784 2824 27.
842 2734 937 2802 Et
1000 2751 1078 2802 ut
1144 2731 1480 2823 dejiceret
1527 2751 1775 2799 semen
1836 2749 2090 2800 eorum
2140 2727 2211 2796 in
2329 2779 2334 2782 ⁴

936 2837 1373 2915 nationibus,
1460 2853 1530 2906 et
1589 2835 2036 2928 dispergeret
2089 2856 2211 2904 eos

933 2944 1005 3015 in
1049 2943 1487 3037 regionibus.

666 3057 781 3129 28.
840 3053 931 3126 Et
1014 3052 1274 3125 initiati
1336 3070 1507 3124 sunt
1580 3050 2056 3145 Beelphegor,
2142 3067 2212 3121 et

932 3161 1397 3232 comederunt
1467 3157 1814 3230 sacrificia
1882 3176 2214 3231 mortuo-

934 3290 1120 3340 rum.

669 3399 784 3467 ²¹.)-
841 3374 933 3446 Et
984 3372 1439 3445 irritaverunt
1495 3394 1666 3443 eum
1726 3373 1799 3442 in
1859 3370 2213 3443 adinven-

930 3479 1250 3553 tionibus
1281 3479 1463 3558 suis,
1492 3498 1564 3549 et
1604 3478 2082 3571 multiplicata
2105 3495 2211 3549 est

927 3587 1003 3659 in
1042 3588 1148 3659 eis
1183 3589 1420 3661 ruina.

663 3700 775 3770 30.
835 3696 927 3768 Et
1006 3695 1199 3767 stetit
1280 3694 1619 3777 Phinea,
1687 3710 1759 3765 et
1817 3694 2122 3788 placavit
2160 3711 2208 3774 ⁸,

932 3822 1002 3874 et
1047 3801 1347 3873 cessavit
1379 3800 1773 3894 quassatio.

666 3913 783 3983 31.
841 3910 934 3982 Et
973 3926 1379 4001 reputatum
1431 3926 1538 3978 est
1587 3907 1651 3978 ei
1703 3906 1776 3976 in
1827 3904 2207 3998 justitiam,

933 4016 1003 4088 in
1071 4014 1610 4107 generationem
1660 4032 1731 4085 et
1805 4013 2215 4107 generatio-

931 4145 1094 4195 nem
1129 4145 1362 4215 usque
1392 4122 1465 4192 in
1500 4121 2053 4214 sempiternum.

663 4238 779 4307 32.
839 4234 931 4305 Et
959 4232 1421 4304 irritaverunt
1452 4250 1619 4300 eum
1644 4229 1735 4300 ed
1766 4232 2023 4321 Aquas
2044 4251 2213 4301 con·

925 4336 1375 4411 tradictionis
1431 4340 1456 4375 ⁴
1527 4359 1543 4405 ε
1627 4351 1697 4406 et
1755 4353 2053 4407 vexatus
2101 4354 2209 4406 est

927 4447 1214 4538 Moyses
1253 4452 1545 4537 propter
1573 4464 1698 4513 eos
1731 4465 1748 4511 ε

664 4579 779 4650 33.
831 4572 1023 4667 Quia
1044 4570 1645 4644 exacerbaverunt
1660 4566 2002 4661 spiritum
2022 4569 2207 4658 eius,

930 4700 1000 4753 et
1028 4676 1357 4751 distinxit
1388 4675 1462 4748 in
1497 4675 1707 4749 labiis
1735 4675 1929 4748 suis.

661 4793 775 4878 34.
832 4790 994 4860 Non
1050 4785 1640 4880 disperdiderunt
1711 4802 1966 4876 gentes
2026 4805 2208 4879 quas

925 4892 1100 4965 dixit
1133 4891 1493 4964 Dominus
1533 4889 1678 4963 illis
1719 4912 1739 4959 ε

659 5004 774 5077 35.
829 5002 926 5073 Et
950 4998 1311 5073 commisti
1363 5014 1537 5069 sunt
1594 4997 1786 5069 inter
1826 5016 2106 5092 gentes,
2137 5016 2208 5072 et

925 5109 1335 5181 didicerunt
1365 5129 1583 5200 opera
1612 5129 1869 5179 eorum
1906 5129 1923 5175 z

730 5362 749 5398 ⁸
783 5353 965 5416 tzod.
997 5372 1172 5428 xxxn,
1205 5360 1291 5416 ¹0.

730 5447 754 5486 ⁸
784 5445 1025 5506 Numer.
1054 5462 1170 5516 m,
1200 5447 1290 5504 32.

728 5537 754 5576 ⁸
782 5538 1022 5618 Numer.
1052 5552 1182 5606 xxv,
1207 5539 1261 5609 7.

2330 365 2441 433 36.
2502 362 2594 429 Et
2634 363 3035 434 servierunt
3079 365 3539 459 sculptilibus
3589 391 3867 455 eorum,

2593 479 2660 539 et
2691 463 2961 541 sactum
2993 492 3101 542 est
3141 476 3284 544 illis
3318 477 3388 545 in
3422 457 3899 548 scandalums

2329 580 2442 667 37.
2503 577 2594 645 Et
2643 576 3204 650 immolaverunt
3285 584 3470 653 filios
3557 606 3729 652 suos
3805 603 3873 653 et

2595 684 2774 753 filias
2808 709 2977 754 suas
3012 683 3420 759 daemoniis.

2332 794 2443 884 38.
2503 793 2595 861 Et
2626 792 3037 865 effuderunt
3079 795 3512 888 sanguinem
3541 798 3876 867 innocen·

2597 917 2767 979 tem,
2839 902 3271 996 sanguinem
3330 904 3644 973 filiorum
3706 926 3882 972 suo-

2597 999 2776 1075 rumv
2807 1027 2875 1077 et
2942 1009 3255 1080 filiarum
3305 1032 3627 1092 suarum,
3694 1033 3874 1102 quas

2595 1114 3173 1187 sacrificaverunt
3207 1118 3667 1209 sculptilibus
3692 1118 3875 1189 Cha-

2596 1245 2802 1292 naan.

2510 1330 2600 1399 Et
2666 1331 2923 1402 infecta
2975 1352 3081 1402 est
3134 1351 3322 1403 terra
3372 1332 3442 1403 in
3510 1332 3879 1425 sanguini·

2526 1443 2527 1446 ’
2595 1437 2731 1507 bus
2779 1462 2793 1505 ε

2328 1545 2441 1635 39.
2496 1545 2586 1614 Et
2606 1547 3095 1616 contaminata
3129 1565 3238 1617 cst
3274 1549 3342 1617 in
3376 1548 3718 1640 operibus
3751 1570 3879 1616 eo-

2593 1675 2784 1737 rum,
2834 1673 2903 1723 et
2948 1653 3276 1725 fornicati
3319 1656 3605 1729 suntin
3667 1653 3878 1723 adin-

2596 1760 3063 1832 ventionibus
3103 1761 3283 1832 suis.

2321 1887 2440 1954 40.
2497 1866 2591 1936 Et
2648 1867 2873 1937 iratus
2920 1885 3030 1939 est
3092 1868 3334 1941 furore
3378 1869 3736 1940 Dominus
3795 1869 3867 1939 in

2474 1969 2496 1995 ⁰
2590 1976 2946 2067 populum
2976 1999 3196 2048 suum
3231 2000 3247 2046 ε
3281 1995 3351 2048 ct
3411 1977 3873 2063 abominatus

2587 2099 2696 2154 est
2736 2084 3231 2156 haereditatem
3263 2107 3495 2156 suam.
3775 2163 3785 2171 ,

2320 2213 2438 2278 4¹·
2496 2192 2588 2260 Et
2631 2190 2926 2268 tradidit
2947 2214 3071 2262 eos
3103 2191 3176 2262 in
3199 2214 3460 2262 manus
3490 2190 3867 2285 gentium:

2587 2315 2658 2368 et
2687 2298 3041 2372 dominati
3075 2317 3246 2369 sunt
3267 2320 3520 2368 eorum
3541 2298 3667 2390 qui
3692 2298 3866 2368 ode-

2590 2422 2756 2475 runt
2787 2427 2935 2475 eos.

2317 2531 2435 2598 42.
2493 2512 2585 2582 Et
2639 2511 3169 2584 tribulaverunt
3216 2534 3340 2583 eos
3407 2512 3683 2583 inimici
3749 2533 3871 2580 eo-

2589 2640 2750 2690 rum
2794 2636 2908 2691 :et
2948 2620 3313 2693 humiliati
3346 2639 3517 2691 sunt
3548 2619 3688 2690 sub
3710 2640 3871 2688 ma-

2587 2728 2804 2799 nibus
2833 2751 3089 2801 eorum
3121 2752 3139 2800 ε

2316 2837 2435 2922 43.
2491 2834 2699 2929 Saepe
2732 2835 3063 2908 liberavit
3093 2860 3245 2908 eos.

2495 2942 2642 3035 Ipsi
2675 2961 2919 3015 autem
2956 2943 3560 3016 exacerbaverunt
3594 2964 3757 3014 eum
3794 2942 3865 3011 in

2277 3100 2323 3133 0
2580 3051 2885 3125 consilio
2916 3074 3052 3122 suo
3104 3073 3121 3119 ε
3170 3069 3242 3122 et
3293 3049 3652 3121 humiliati
3700 3066 3873 3119 sunt

2584 3159 2654 3231 in
2689 3159 3205 3252 iniquitatibus
3234 3158 3414 3231 suis.

2313 3291 2432 3357 44.
2490 3269 2583 3339 Et
2622 3266 2804 3338 vidit
2831 3287 3000 3338 cum
3031 3267 3580 3341 tribularentur.
3627 3282 3695 3342 et
3735 3286 3869 3332 au-

2580 3374 2761 3446 divit
2795 3374 3204 3446 orationem
3242 3395 3520 3445 eorum.

2312 3488 2431 3572 45.
2491 3482 2584 3552 Et
2648 3502 2934 3554 memor
2981 3480 3119 3552 suit
3185 3479 3594 3551 testamenti
3655 3476 3765 3547 sui
3816 3492 3865 3551 ⁸.

2580 3607 2649 3660 et
2678 3587 3018 3681 poenituit
3048 3608 3219 3660 eum
3245 3587 3648 3658 secundum
3680 3587 3859 3655 mul·

2337 3754 2346 3760 .
2577 3694 2971 3767 titudinem
3003 3692 3523 3766 misericordiae
3561 3713 3712 3761 suoe
3747 3712 3764 3760 :

2312 3804 2432 3890 46.
2490 3802 2584 3874 Et
2619 3800 2820 3871 dedit
2868 3821 2995 3871 eos
3039 3800 3114 3871 in
3165 3797 3726 3875 misericordias,
3793 3798 3863 3866 in

2576 3925 2969 4002 conspectu
2999 3904 3335 3993 omnium
3369 3904 3493 3997 qui
3524 3922 3858 3999 ceperant

2577 4037 2727 4088 eos.

2311 4147 2430 4216 47.
2485 4122 2741 4198 Salvos
2779 4142 2915 4194 nos
2942 4122 3080 4200 sac,
3117 4119 3432 4191 Domine
3483 4119 3680 4190 Deus
3729 4140 3866 4189 no·

2577 4250 2748 4315 ster,
2806 4248 3284 4322 =incongrega
3343 4248 3477 4297 nos
3508 4226 3599 4296 de
3637 4226 3866 4294 natio-

2584 4336 2801 4409 nibus
2845 4359 2862 4404 :
2904 4417 2908 4421 .

2495 4445 2594 4516 Ut
2620 4442 3102 4533 confiteamur
3121 4437 3402 4511 nomini
3425 4454 3678 4508 sancto
3705 4454 3858 4511 tuo.

2578 4566 2649 4621 et
2676 4547 3078 4643 gloriemur
3115 4545 3189 4618 in
3225 4544 3438 4617 leude
3461 4561 3611 4615 tue.

2309 4658 2429 4747 48.
2485 4655 2920 4728 Benedictus
2952 4652 3341 4731 Dominus.
3381 4652 3576 4723 Deus
3610 4649 3857 4728 lsrael,

2577 4786 2618 4832 a
2665 4761 2934 4857 soeculo
2959 4777 3033 4832 et
3071 4781 3305 4856 usque
3361 4758 3435 4831 in
3466 4750 3859 4829 saeculum:

2564 4871 2649 4942 ¹et
2686 4869 2878 4941 dicet
2915 4867 3177 4962 omnis,
3211 4865 3528 4966 populus
3588 4885 3607 4934 t
3667 4862 3860 4933 Fiat!

2578 4976 2738 5048 fiatl

2359 5348 2402 5399 ν’
2430 5349 2672 5410 Numer.
2702 5365 2801 5416 xx.
2837 5348 2929 5406 10.

2375 5438 2404 5477 ⁸
2435 5443 2671 5500 Denter.
2698 5454 2837 5503 xxx,
2872 5439 2927 5493 ί.
