5008 6329
675 272 758 341 30
1548 273 1634 343 D.
1691 275 1888 344 ALB.
1940 275 2157 341 MAG.
2212 275 2414 344 om).
2467 274 2764 341 PRAE.1).

671 451 733 518 5'·
783 446 890 522 13,
951 449 1356 536 exponendo
1389 470 1499 513 se:
1566 451 1874 530 Quare...
1912 456 2088 511 taces
2118 445 2226 510 cle-

669 562 950 620 vorante
995 556 1207 645 impio
1233 556 1612 644 justiorem
1638 574 1710 618 se
1743 552 1783 617 :2

759 893 791 927 «
841 865 1003 933 Illic
1064 885 1270 930 naves
1328 862 1872 953 pertransibunt.
1955 890 1987 931 a
2049 866 2218 935 Ecce

2330 466 2577 532 qucum
2618 443 2995 523 diaboli‚...
3039 466 3191 531 quare
3222 450 3541 531 merqunt
3569 442 3873 508 homines

2333 552 2399 615 in
2441 551 2812 616 interitum.

2418 790 2451 826 α
2504 765 2727 830 Draco
2788 762 2930 827 iste.
3035 784 3069 825 a
3125 758 3254 826 Hic
3320 770 3663 850 quartum,
3746 758 3868 826 ubi

2322 871 2538 958 tangit
2628 869 2707 935 de
2809 865 3300 933 inhabitatione
3386 874 3851 933 monstruoso-

667 973 965 1039 tertium.
1002 969 1211 1049 Quasi
1240 968 1493 1036 diceret
1525 991 1540 1036 τ
1578 969 1733 1037 Non
1764 980 2028 1040 tanturn
2060 982 2218 1040 sunt
2323 998 2469 1041 rum
2504 977 2571 1041 in
2637 976 2829 1041 mari.
2895 974 3104 1052 Quasi
3161 973 3414 1041 diceret
3464 995 3480 1038 ε
3544 970 3736 1039 Sicut
3764 970 3855 1037 ibi

661 1077 756 1143 ibi
833 1075 1123 1166 reptilia,
1194 1083 1262 1142 et
1338 1076 1714 1156 animalia,
1803 1076 1922 1145 sed
2009 1080 2215 1146 etiam

663 1210 697 1246 α
740 1181 891 1249 illic
909 1180 1436 1273 pertransibunt
1463 1206 1689 1261 naveS,
1740 1209 1772 1248 ιι
1833 1193 1900 1251 et
1951 1187 2046 1251 sie
2084 1183 2215 1251 ho-

658 1289 878 1356 mines
910 1286 1349 1356 artificialiter
1402 1289 1498 1356 ibi
1550 1298 1770 1357 erunt.
1830 1290 1967 1357 Sed
2023 1300 2205 1366 nota,

657 1394 842 1484 quod
870 1396 941 1461 in
989 1397 1160 1461 mari
1198 1394 1405 1484 hujus
1446 1396 1685 1463 mundi
1756 1405 1916 1463 sunt
2004 1417 2209 1463 naves

656 1492 880 1582 bo'noe,
926 1524 1078 1591 quae
1136 1503 1411 1570 tandem
1468 1506 1745 1570 venient
1803 1503 1888 1568 ad
1936 1511 2209 1591 portum

657 1606 921 1687 salutis,
990 1608 1247 1676 scilicet
1301 1611 1430 1676 viri
1462 1611 1629 1696 justi
1666 1633 1682 1676 :
1718 1610 1898 1676 unde
1938 1610 2205 1676 deferti

305 1742 616 1842 οωῗεηιω
658 1712 944 1783 muliere
974 1714 1243 1793 dicitur,
1305 1715 1632 1783 Proverb.
1668 1738 1855 1791 xxxi,
1899 1716 1978 1781 14
2011 1739 2027 1783 :
2062 1718 2208 1783 Fa-

330 1797 441 1896 ejiim
470 1809 600 1897 33.
658 1833 766 1890 cta
793 1834 892 1891 est
928 1827 1132 1914 quasi
1184 1825 1384 1890 ηαυὶε
1440 1825 1801 1901 insellari&
1871 1823 1955 1891 de
2005 1824 2206 1914 lonqe

646 1940 964 2024 portans,
999 1940 1126 1998 etc.
1171 1930 1257 1998 Et
1303 1929 1477 1998 bene
1507 1932 1666 1998 navi
1693 1939 2197 2022 comparantur.

651 2038 914 2115 Primo,
995 2040 1156 2127 quia
1214 2037 1489 2127 fragiles
1565 2046 1844 2126 portant
1902 2039 2200 2127 pretiosa

648 2143 872 2212 valde.
910 2143 972 2210 11
1012 2143 1099 2211 ad
1130 2143 1439 2211 Corinth.
1503 2167 1595 2220 lv,
1646 2145 1719 2211 Π
1765 2166 1783 2212 ε
1851 2144 2200 2213 Habemus

650 2252 1048 2320 thesaurum
1131 2253 1341 2320 istum
1419 2253 1492 2318 in
1583 2255 1764 2319 vasis
1836 2253 2192 2342 fictilibus.

645 2357 843 2434 Item.
916 2359 1109 2427 navis
1174 2381 1261 2426 ex
1291 2367 1481 2449 parte
1523 2361 1731 2427 maris
1776 2359 2005 2428 clausa
2069 2368 2194 2443 est,

644 2473 712 2534 et
774 2466 1086 2555 superius
1124 2475 1363 2556 aperta
1413 2488 1428 2533 :
1495 2468 1593 2533 sic
1648 2466 1817 2556 justi
1884 2475 2197 2557 quaerunt

645 2595 797 2663 quae
837 2596 1112 2642 sursum
1172 2581 1360 2648 sunt.
1414 2595 1556 2641 non
1623 2595 1775 2664 quae
1840 2573 2037 2641 infra.
2090 2572 2197 2641 Ad

640 2680 903 2751 ColosS.
946 2702 1043 2758 ιιι,
1085 2682 1163 2748 1;
1230 2683 1400 2765 Quae
1462 2702 1738 2747 sursum
1793 2692 1955 2749 sunt
2009 2705 2199 2772 quae-

635 2789 791 2868 rite,
869 2796 995 2855 etc.
1059 2786 1258 2864 Item,
1338 2788 1536 2854 navis
1591 2788 1930 2854 transiens
1979 2810 2193 2871 mare,

639 2894 851 2964 caleat
888 2895 1116 2986 ipsum
1154 2917 1170 2963 ε
1204 2895 1303 2963 sic
1338 2896 1508 2984 justi
1563 2895 1850 2975 calcant,
1910 2905 1977 2964 et
2028 2919 2197 2986 sup-

638 3001 948 3094 peditant
999 3001 1127 3070 sibi
1180 3001 1541 3069 mundum.
1623 3001 1731 3068 Ad
1789 2999 2040 3093 Philip.
2093 3024 2190 3082 ιιι.

641 3110 732 3180 8:
777 3109 1125 3179 Existimo
1199 3109 1436 3177 omnia
1502 3108 1989 3177 detrimentum
2027 3132 2188 3189 esse,

629 3227 917 3310 propter
942 3218 1348 3286 eminentem
1376 3216 1736 3285 scientiam
1769 3219 1937 3287 Jesu
1979 3217 2197 3286 chisti

636 3325 926 3395 Domini
1020 3325 1179 3405 mei,
1249 3335 1538 3416 propter
1654 3347 1855 3415 quem
1958 3325 2193 3393 omnia

644 3433 1129 3502 detrimentum
1158 3432 1320 3521 leci,
1358 3441 1422 3498 et
1450 3430 1794 3501 arbritror
1821 3442 1901 3501 ut
1949 3442 2195 3500 sterco-

632 3561 742 3619 ra,
775 3544 902 3605 etc.
936 3535 1133 3613 ltem,
1154 3536 1352 3604 navis
1390 3534 1597 3605 habet
1625 3535 1882 3605 malum
1947 3536 2187 3616 altum,

634 3653 705 3714 et
738 3642 972 3712 velum
1002 3641 1074 3710 in
1104 3640 1273 3710 illud
1322 3641 1767 3734 dependens:
1843 3644 1940 3712 sic
1966 3644 2193 3733 justus

636 3751 854 3819 crucis
917 3746 1169 3816 Christi
1226 3750 1662 3830 memoriam,
1730 3757 1799 3818 et
1831 3749 2193 3817 mundissi-

632 3877 821 3926 mam
869 3855 1017 3946 ejus
1070 3875 1375 3933 carnem,
1440 3856 1510 3922 in
1577 3856 1725 3945 ipsa
1803 3852 2191 3944 dependen-

631 3970 772 4033 tem
811 3970 879 4032 et
914 3969 1290 4030 extensam.
1359 3959 1610 4031 Thren.
1672 3982 1773 4041 ιιι,
1801 3961 1923 4030 10:
1953 3963 2193 4031 Recor-

633 4072 802 4141 dare
819 4070 1260 4163 paupertatis
1288 4079 1354 4136 et
1401 4070 1962 4159 transqressionis
1997 4091 2186 4151 meae,

631 4190 761 4251 etc.
807 4180 1072 4250 Ventus
1102 4190 1335 4249 autem
1383 4183 1656 4272 agitans
1696 4202 1944 4250 navem
2011 4178 2189 4249 hane

2320 1090 2475 1146 sunt
2508 1080 2768 1169 reptilia
2807 1079 3324 1156 enumerabilia‚
3402 1086 3563 1146 sunt
3598 1081 3863 1145 anima·-

2316 1186 2406 1254 lia
2497 1187 2761 1277 pusilla,
2831 1196 2898 1254 et
2982 1210 3255 1278 magna,
3307 1196 3467 1255 sunt
3542 1187 3858 1255 homines

2316 1295 2735 1384 navigantes,
2779 1294 2862 1361 Et
2917 1295 3128 1362 etiam
3199 1320 3233 1360 e
3318 1294 3525 1361 draco
3604 1295 3751 1371 iste,
3813 1320 3842 1357 υ

2314 1412 2807 1480 monstruosus,
2870 1427 2904 1468 ι
2986 1424 3181 1492 quem
3281 1403 3631 1490 formasti,
3678 1426 3711 1463 n
3790 1402 3860 1468 id

2312 1518 2433 1586 est,
2468 1509 2678 1577 iecisti
2720 1510 2788 1575 in
2818 1507 2945 1576 hac
2974 1508 3221 1584 forma,
3270 1516 3347 1575 ut
3399 1530 3557 1574 eum
3604 1508 3859 1574 natati-

2311 1612 2484 1681 libus
2559 1637 2767 1703 aquas
2799 1613 3229 1690 inhabitaret,
3282 1622 3350 1680 et
3413 1636 3570 1680 cum
3619 1612 3860 1680 volati-

2310 1719 2483 1788 libus
2548 1721 2831 1797 volamt,
2899 1720 3086 1811 quod
3144 1728 3246 1787 est
3331 1721 3853 1787 monstruositas

2309 1826 2630 1900 maxima,
2674 1826 2862 1893 etsie
2931 1850 2963 1889 α
3015 1824 3110 1892 ad
3138 1823 3581 1892 illudendum
3625 1826 3718 1891 eis
3754 1846 3769 1891 :
3816 1848 3849 1888 ι

2308 1941 2608 2000 monstra
2667 1933 2848 1999 enim
2898 1932 2985 1999 ad
3050 1930 3475 1998 illudendum
3533 1932 3853 2000 videntur

2306 2040 2499 2106 faeta.

2396 2144 2849 2235 spiritualiter
2886 2153 3114 2213 nutem
3154 2143 3265 2212 hic
3304 2144 3508 2214 draco
3567 2154 3668 2214 est
3707 2146 3847 2216 dia·
3874 2167 3979 2222 on·

2302 2381 2375 2425 co
2416 2359 2538 2425 ille
2565 2381 2878 2448 maqnuS,
2910 2357 2978 2424 id
3018 2365 3143 2434 est,
3177 2357 3515 2425 diaboluS.
3552 2358 3634 2426 Et
3672 2359 3846 2429 dici-

2301 2473 2408 2532 tur
2451 2465 2681 2539 draco,
2733 2464 2891 2554 quia
2930 2463 3156 2531 sibilat
3205 2465 3635 2555 suggerendo
3684 2490 3842 2557 pee-

2301 2581 2446 2641 cata
2492 2571 2809 2639 suaviter.
2874 2570 3183 2661 Sapient.
3245 2595 3407 2649 xvn,
3469 2575 3547 2641 1¹1
3607 2595 3623 2640 :
3686 2576 3845 2643 Sive

2297 2681 2582 2770 spiritus
2616 2677 2934 2757 sibilanS,
2967 2687 3094 2746 aut
3130 2680 3308 2747 inter
3347 2681 3601 2771 spissos
3645 2679 3846 2748 arbo·

2299 2810 2453 2855 rum
2510 2810 2736 2855 ramos
2790 2789 3026 2855 avium
3078 2810 3287 2856 sonus
3337 2790 3596 2856 suavis.
3644 2788 3838 2868 Item,

2298 2895 2685 2984 ignivomus
2723 2903 2823 2962 est
2853 2893 3057 2962 draeo
3094 2916 3110 2961 ε
3142 2894 3239 2963 sic
3269 2894 3582 2963 diabolus
3611 2896 3841 2987 ignem

2297 3001 2504 3090 spirat
2543 3022 2661 3090 per
2689 3022 2874 3079 suos,
2916 3000 3070 3068 Act.
3125 3022 3220 3080 lx,
3262 3002 3293 3068 1
3345 3022 3362 3070 :
3415 3000 3683 3070 Saulus
3718 3001 3841 3070 ad·

2295 3106 2428 3174 leuc
2451 3108 2723 3198 spiram
2761 3108 3112 3175 minarum
3168 3114 3234 3175 et
3277 3108 3481 3176 coedis
3520 3110 3594 3176 in
3643 3108 3845 3177 disci·

2290 3216 2523 3306 puloS,
2571 3225 2698 3286 etc.
2750 3215 2835 3284 Et
2874 3239 2996 3307 per
3039 3239 3138 3295 se,
3191 3214 3499 3308 Sapient.
3547 3240 3644 3292 xi.
3692 3219 3771 3285 19
3820 3241 3837 3285 :

2301 3325 2415 3391 Ira
2445 3324 2688 3415 plenas
2735 3326 3004 3413 iqnotas
3044 3323 3314 3403 bestias,
3358 3335 3484 3393 aut
3521 3347 3840 3417 vaporem

2297 3432 2561 3521 iqnium
2588 3431 2948 3522 spirante&
2984 3429 3179 3506 item,
3205 3431 3274 3498 in
3305 3453 3537 3500 eremo
3567 3441 3635 3500 et
3671 3432 3841 3500 locis

2296 3538 2565 3607 incultis
2609 3536 2892 3608 habitat.
2930 3538 3188 3617 Jerem,
3246 3561 3428 3617 xux,
3473 3541 3558 3606 33
3610 3562 3626 3608 ε
3678 3540 3841 3608 Erit

2293 3647 2467 3715 Asor
2521 3647 2591 3713 in
2664 3644 3142 3714 habitaculum
3203 3645 3607 3715 draconum.
3660 3646 3838 3715 Asor

2296 3754 2542 3822 tollens
2582 3756 2900 3845 [oramen
2964 3754 3468 3845 interpretatur.
3531 3754 3620 3823 lli
3673 3762 3837 3822 sunt

2294 3863 2409 3953 qui
2464 3860 2649 3929 nulla
2713 3868 3002 3952 possunt
3065 3859 3392 3951 perforari
3440 3860 3550 3930 vel
3615 3859 3833 3930 scindi

2293 3966 2668 4058 disciplina.
2728 3965 2923 4042 Item,
2986 3966 3058 4034 in
3102 3966 3455 4059 Babylone
3519 3966 3835 4037 habitant

2291 4074 2665 4144 dracones:
2722 4083 2788 4143 et
2824 4074 3170 4144 daemones
3217 4075 3286 4143 in
3336 4074 3472 4146 illis
3518 4078 3636 4170 qui
3674 4085 3834 4149 sunt

2293 4183 2363 4251 in
2406 4182 2660 4274 peccati
2704 4181 3125 4252 confusione.
3169 4181 3301 4252 lsa.
3353 4207 3501 4265 xm,
3533 4189 3611 4254 21
3657 4211 3674 4258 :
3712 4188 3835 4256 Re-

632 4287 930 4379 Spiritus
957 4295 1235 4356 sanctus
1271 4296 1398 4355 est.
1451 4284 1696 4356 Ezech.
1751 4309 1799 4366 ι,
1840 4290 1919 4357 12
1963 4309 1981 4355 :
2056 4286 2191 4356 Ubi
2280 4289 2661 4383 ple-buntur
2703 4289 2949 4358 domus
2993 4312 3227 4359 eorum
3275 4290 3712 4379 draconibm,
3760 4296 3832 4368 id

627 4403 779 4463 erat
843 4395 1139 4488 impetus
1170 4394 1487 4485 spiritus,
1541 4393 1716 4463 illuc
1766 4393 2189 4484 qradieban-

631 4511 771 4581 tur,
820 4522 943 4570 nec
1021 4497 1561 4580 revertebantur,
1619 4523 1778 4569 cum
1853 4499 2185 4570 ambuta-

628 4618 803 4679 rent.
892 4606 975 4675 Et
1028 4604 1236 4676 habet
1326 4605 1700 4676 anchoram
1787 4629 2007 4698 spem.
2077 4606 2183 4676 Ad

625 4713 837 4786 llebr.
882 4736 976 4794 vt,
1048 4716 1128 4783 18
1165 4722 1234 4783 et
1269 4716 1350 4783 19
1393 4735 1411 4784 1
1464 4714 1949 4784 Fortissimum
1985 4714 2184 4784 sola-

624 4822 804 4889 tium
833 4818 1188 4899 habemus,
1231 4821 1357 4911 qui
1427 4822 1874 4912 conluqimus
1941 4821 2039 4889 ad
2082 4830 2184 4889 te-

625 4926 922 4996 nendam
944 4927 1378 5018 propositam
1424 4950 1613 5017 spem
1664 4951 1689 4996 .·
1747 4950 1960 5020 quam
2004 4928 2184 4999 sicut

626 5033 1000 5103 anchoram
1056 5031 1390 5102 habemus
1465 5035 1717 5102 animae
1810 5045 2036 5102 tutam
2101 5059 2182 5105 ac

621 5142 929 5233 firmam.
989 5137 1130 5208 Sed
1206 5149 1372 5209 sunt
1427 5162 1638 5209 naves
1695 5163 1847 5232 quae
1912 5141 2179 5233 pericli·

623 5258 857 5320 tantur
896 5247 968 5316 in
999 5249 1196 5326 mari,
1239 5249 1471 5340 cupidi
1524 5248 1684 5317 hinc
1750 5248 1906 5319 inde
1971 5258 2177 5321 vento

623 5354 1015 5449 cupiditatis
1091 5364 1576 5449 tempestuosae
1668 5357 1927 5449 agitati.
2008 5356 2039 5427 1
2091 5356 2176 5426 ad

617 5465 921 5538 Timoth.
988 5490 1084 5546 vi,
1145 5468 1241 5538 9:
1302 5470 1444 5556 Qui
1479 5468 1725 5540 volunt
1764 5468 2010 5538 divites
2058 5468 2179 5559 fie-

622 5577 689 5647 ri
763 5574 1079 5643 incidunt
1126 5575 1199 5643 in
1248 5578 1721 5670 tentationem,
1795 5584 1862 5643 et
1927 5576 1997 5643 in
2063 5574 2178 5644 la-

2289 4406 2414 4479 est,
2464 4396 3023 4489 Babyloniorum.
3076 4395 3273 4476 Item,
3333 4399 3407 4468 in
3455 4422 3663 4471 arena
3704 4426 3722 4473 ε
3763 4412 3832 4474 et

2288 4503 2630 4571 demones
2688 4502 2761 4570 in
2823 4501 3056 4570 anima
3108 4501 3529 4574 infructuosa
3577 4529 3594 4576 τ
3648 4508 3828 4579 unde

2286 4632 2406 4700 per
2427 4597 2794 4677 Jeremiarn
2822 4609 3283 4678 comminatur
3300 4609 3665 4697 Dominus,
3702 4616 3830 4687 Je-

2287 4738 2453 4785 rem.
2495 4738 2590 4795 ix,
2631 4716 2700 4784 11
2741 4712 2984 4785 :Dabo
3006 4715 3230 4785 Israel
3253 4717 3327 4786 in
3372 4742 3645 4792 acervos
3670 4747 3829 4795 are-

2285 4848 2409 4906 nae,
2468 4834 2534 4893 et
2595 4821 2855 4892 cubilia
2918 4820 3320 4892 draconum.
3391 4826 3477 4896 Et
3531 4830 3601 4898 in
3659 4830 3829 4904 locis

2284 4932 2585 5001 humidis
2639 4940 2708 5000 et
2746 4930 3057 5013 marinis,
3118 4930 3450 5004 Ezechiel.
3494 4960 3687 5018 xxlx,
3728 4943 3770 5012 3
3805 4965 3822 5014 ε

2284 5041 2453 5108 Ecce
2487 5061 2610 5127 eqo
2637 5036 2738 5106 ad
2769 5047 2946 5120 te,...
2998 5037 3205 5108 draco
3242 5064 3516 5134 maqne,
3547 5048 3673 5138 qui
3706 5071 3827 5119 cu-

2286 5146 2404 5215 bas
2460 5147 2531 5213 in
2602 5144 2825 5215 medio
2895 5146 3276 5236 fluminum
3339 5158 3644 5223 tuorum.
3720 5160 3821 5238 tet,

2284 5275 2498 5330 xxxn,
2570 5256 2609 5321 2
2688 5274 2704 5320 ε
2765 5254 2978 5322 Leoni
3024 5255 3335 5344 qentium
3391 5259 3829 5335 assimilatus

2282 5368 2400 5439 est,
2441 5369 2506 5428 et
2541 5358 2824 5429 draconi
2858 5360 2984 5451 qui
3010 5368 3108 5427 est
3140 5361 3211 5427 in
3265 5363 3473 5437 mari.
3532 5365 3825 5440 Multum

2278 5467 2575 5559 vigilat:
2617 5475 2686 5537 et
2749 5466 3017 5536 daemon
3092 5488 3474 5562 numquam
3540 5473 3817 5549 dormit.

2275 5575 2433 5655 Job,
2491 5599 2658 5656 xxx,
2712 5576 2843 5645 17:
2882 5573 3024 5660 Qui
3070 5598 3180 5644 me
3230 5580 3619 5666 comedunt,
3681 5609 3819 5659 non

3981 2181 4036 2214 r·
4085 2167 4198 2214 dt·-

2304 2251 2523 2319 bolus.
2576 2250 2853 2340 Apocal.
2884 2273 3001 2329 xu,
3027 2254 3068 2318 9
3103 2269 3120 2318 2
3153 2251 3520 2341 Projectus
3555 2263 3651 2322 est
3687 2254 3847 2321 dra·
3874 2222 4198 2323 ”ffi‘ss‘g‘vm‘
