5008 6329
907 3361 1030 3431 2⁴

2053 264 2764 339 COMMENTARIUS
2818 271 2910 337 IN
2966 273 3402 348 PSALMUM
3457 279 3563 348 Cl.

1200 452 1432 515 sonus,
1450 443 1811 524 tamquam
1842 434 2263 503 advenientis
2290 440 2603 529 spiritm,
2623 450 2749 511 etc.

1288 539 1676 608 Destruitur
1751 549 1979 607 autem
2020 542 2161 612 haec
2204 548 2426 616 unitas
2458 572 2577 639 per
2614 552 2757 618 dis—

1200 647 1525 724 cordiam,
1571 648 1901 718 Proverb.
1957 673 2100 730 xm,
2138 655 2257 721 10:
2303 661 2488 725 Inter
2515 681 2752 748 super·

1202 754 1315 822 bos
1349 777 1611 844 semper
1662 755 1921 848 jurqia
1958 769 2138 828 sunt.
2213 762 2344 829 Per
2395 766 2746 847 invidiam,

1193 860 1428 927 Jacob.
1473 863 1724 944 111,14:
1762 866 1843 935 Si
1896 868 2121 935 zelum
2161 892 2483 937 amarum
2538 871 2753 939 liabe-

1198 967 1311 1044 tis,
1359 975 1424 1032 et
1451 971 1907 1039 contentiones
1958 975 2094 1040 sint
2124 974 2195 1040 in
2251 974 2572 1043 cordibus
2633 1000 2749 1044 ve—

1189 1069 1374 1136 striS.
1407 1070 1645 1140 Jacob.
1686 1097 1778 1153 ιν,
1820 1077 1846 1141 1
1882 1098 1898 1142 :
1942 1076 2133 1145 L‘nde
2161 1077 2445 1163 bella,et
2485 1080 2637 1147 lites
2676 1082 2747 1149 in

1191 1177 1378 1246 vobis
1421 1178 1462 1246 ?
1507 1182 1747 1249 Nonne
1810 1183 2034 1251 hinc?
2061 1209 2145 1251 ea·
2190 1189 2747 1277 concupiscentiis

1186 1288 1444 1364 vestris,
1480 1311 1631 1378 quae
1663 1289 1974 1356 militant
2006 1293 2072 1357 in
2106 1292 2426 1361 membris
2450 1298 2685 1363 vestris
2712 1299 2745 1365 ?

1184 1391 1318 1460 Per
1348 1393 1795 1462 ambitIOnem
1840 1396 2276 1489 dignitatum,
2311 1403 2484 1468 sicut
2541 1425 2739 1469 canes

1182 1500 1601 1568 contendunt
1669 1524 1790 1594 pro
1848 1526 2000 1572 osse
2074 1506 2200 1573 sibi
2240 1510 2567 1598 projecto.
2614 1510 2742 1579 Ge-

1178 1630 1321 1676 nes.
1360 1631 1645 1693 xxxvm,
1682 1614 1804 1679 29:
1874 1616 2119 1682 Divisa
2157 1627 2251 1684 est
2317 1627 2602 1710 propter
2676 1629 2739 1686 te

1175 1720 1497 1804 maceria,
1540 1730 1764 1811 potest
1810 1722 1942 1791 dici
1998 1725 2383 1805 ambitiose,
2443 1731 2559 1819 qui
2588 1732 2736 1819 pri-

1177 1847 1329 1893 mus
1359 1827 1510 1897 vult
1540 1829 1726 1897 nasci
1802 1830 1887 1898 ad
1948 1830 2374 1923 dignitatem.
2446 1835 2737 1927 Propter

1172 1934 1457 2001 nimiam
1489 1936 1889 2026 imperantis
1920 1940 2408 2008 austeritatem.
2492 1943 2734 2011 Exem-

1170 2038 1389 2130 plum,
1427 2041 1518 2108 111
1556 2042 1724 2133 neg.
1768 2068 1916 2124 xm,
1982 2047 2063 2113 de
2094 2047 2430 2118 ltoboam.
2481 2051 2724 2120 Ezech.

1168 2172 1399 2230 xxxw,
1449 2152 1529 2218 4:
1597 2154 1771 2222 Cum
1827 2158 2230 2226 austeritate
2284 2161 2729 2250 imperabatis

1168 2258 1287 2336 eis,
1348 2268 1411 2326 et
1439 2283 1595 2328 cum
1624 2265 1954 2353 potentia.
1997 2265 2124 2335 l'er
2151 2267 2720 2361 singularitatem,

1169 2365 1499 2436 Deuteur.
1534 2393 1653 2447 κη,
1719 2372 1796 2439 13
1828 2382 1895 2440 et
1932 2374 2046 2442 14:
2112 2377 2291 2444 Cave
2345 2401 2430 2445 ne
2476 2382 2726 2469 offeras

1164 2474 1572 2544 holocausta
1611 2489 1736 2545 tua
1777 2480 1846 2547 in
1878 2483 2069 2548 omni
2105 2483 2365 2560 loco....
2398 2487 2522 2553 sed
2549 2489 2617 2552 in
2647 2513 2722 2553 eo

1165 2606 1367 2675 quem
1405 2586 1686 2675 eleqerit
1750 2591 2115 2658 Dominus.
2205 2593 2422 2662 Exod.
2461 2618 2647 2677 xxvi,
2692 2601 2710 2664 l

1163 2698 1227 2756 et
1276 2712 1451 2781 seq„
1499 2714 1740 2759 omnes
1770 2698 2073 2777 cortinae,
2134 2709 2199 2765 et
2258 2702 2492 2768 omnia
2558 2726 2722 2791 saga

1163 2798 1579 2867 tabernaculi
1660 2802 1864 2870 unius
1947 2828 2280 2875 mensurae
2347 2820 2565 2886 erant,
2652 2820 2718 2877 et

1164 2906 1293 2974 sibi
1359 2907 1650 2976 invicem
1716 2909 2175 2982 adhaerebant.
2249 2915 2429 2986 Psal.
2510 2942 2711 3000 cxxx,

1171 3011 1250 3079 14
1329 3035 1346 3081 ε
1377 3013 1781 3102 Singularis
1804 3024 2001 3107 serus
2029 3019 2348 3109 depastus
2400 3035 2498 3091 es!
2534 3048 2710 3096 eam.

1261 3389 1295 3423 α
1333 3361 1710 3455 Respondit
1773 3367 1860 3434 ei.
1899 3394 1932 3429 u
2001 3367 2124 3438 llic
2180 3371 2552 3441 secundum
2611 3395 2714 3442 se·

1162 3468 1399 3538 cundoe
1450 3471 1657 3561 partis
1712 3474 1925 3542 totius
1980 3474 2256 3545 Psalmi.
2335 3478 2708 3572 Postquam

1160 3577 1344 3646 enim
1371 3587 1598 3647 actum
1630 3589 1734 3649 est
1769 3578 1854 3649 de
1893 3581 2207 3652 Ecclesiae
2236 3586 2705 3669 oediticatione,

1158 3683 1229 3752 in
1256 3686 1368 3753 via
1397 3708 1437 3753 a
1458 3685 1727 3755 Christo
1750 3689 1895 3777 jam
1927 3690 1996 3759 in
2025 3698 2471 3764 eternitatem
2494 3707 2712 3766 trans·

1155 3791 1323 3872 latu,
1400 3793 1843 3888 subjungitur
1906 3797 1989 3869 de
2058 3805 2347 3870 transitu
2389 3802 2706 3874 Ecclesiae

1153 3900 1460 3990 ejusdem
1517 3902 1601 3971 ad
1666 3907 2115 3978 eternitatem
2172 3934 2380 4003 quam
2437 3912 2710 3984 deside·

1152 4016 1281 4088 rat,
1326 4005 1411 4074 ad
1482 4028 1689 4098 quam
1764 4013 2184 4103 suspirantes
2254 4019 2598 4106 gemimus
2637 4021 2706 4089 in

1151 4114 1399 4184 misera
1428 4115 1593 4183 vita.

1233 4221 1390 4292 Tria
1419 4245 1583 4314 ergo
1611 4221 1934 4295 dicuntur
1987 4230 2054 4298 in
2096 4227 2224 4301 hac
2286 4240 2501 4324 parte.
2552 4234 2702 4303 Pri·

1147 4351 1288 4408 mo,
1321 4328 1734 4400 desiderium
1773 4342 1840 4401 et
1870 4337 2107 4426 petitio
2136 4360 2262 4429 pro
2292 4341 2585 4411 transitu
2615 4341 2702 4412 ad

1145 4445 1423 4516 aeterna,
1466 4446 1532 4507 et
1564 4437 1698 4507 tine
1728 4444 2085 4531 pra-sentis
2126 4446 2302 4514 vitae.
2349 4445 2694 4529 Secundo,

1143 4544 1494 4635 persuasio
1524 4545 1709 4636 quod
1766 4547 1850 4615 sit
1879 4550 2189 4640 petitioni
2256 4556 2700 4646 acquiescen-

1145 4648 1335 4732 dum,
1368 4650 1487 4726 ibi,
1527 4660 1594 4727 ὴ.
1638 4653 1769 4724 262
1843 4681 1876 4717 ι
1912 4656 2121 4726 Initio
2152 4669 2254 4739 tu,
2299 4663 2619 4733 Domine.
2657 4691 2691 4732 ι

1140 4758 1393 4842 Tertio,
1451 4758 1606 4828 laeta
1666 4761 2042 4842 conclusio,
2109 4790 2234 4860 pro
2289 4773 2692 4845 certitudine

1141 4865 1585 4957 adispisceudi
1681 4869 1866 4961 quod
1965 4874 2253 4965 petitum
2347 4885 2474 4964 est,
2569 4878 2689 4962 ibi,

1142 4978 1207 5049 5.
1240 4974 1327 5041 29
1355 4996 1370 5040 :
1402 4998 1437 5040 ι
1490 4973 1669 5043 Filii
1701 4997 2076 5049 servorum.
2112 5006 2146 5047 ι

1226 5079 1304 5149 ln
1365 5084 1589 5173 prima
1652 5082 1815 5152 duo.
1896 5085 2154 5168 Primo,
2214 5090 2688 5166 determinatio

1136 5196 1350 5256 status
1413 5195 1730 5281 petentis.
1804 5192 2141 5274 Secundo,
2241 5202 2503 5289 petitia,
2566 5204 2682 5284 ibi,

1138 5323 1170 5356 «ι
1204 5297 1669 5384 ,ΙάηοίΙαΙείιμ
1704 5325 1739 5362 ι

1221 5403 1617 5474 Notandum
1705 5416 1961 5493 tamen,
2039 5414 2221 5503 quod
2302 5418 2681 5490 secundum

1129 5534 1338 5580 unam
1371 5511 1690 5594 litteram,
1753 5541 1960 5608 quam
2028 5522 2248 5613 primo
2295 5528 2489 5617 ponit
2544 5529 2685 5597 Au-

1127 5620 1466 5710 gustinus,
1508 5620 1639 5691 hoc
1694 5625 1996 5715 primum
2052 5628 2406 5703 ordinatur
2436 5633 2524 5704 ad
2551 5658 2682 5707 an-

4358 290 4436 355 15

2865 448 3268 527 tecedentia,
3331 459 3407 518 ut
3446 453 3533 519 sit
3607 475 3889 521 sensus:
3942 453 4056 522 Sic
4094 453 4431 524 Dominus

2863 558 3067 624 solvit
3101 580 3140 624 a
3201 562 3646 652 compedibus
3679 564 3989 642 miset-OS,
4054 572 4128 632 ut
4157 587 4431 634 annun-

2864 665 3033 733 tient
3066 667 3133 732 in
3169 665 3363 749 Sion,
3436 678 3502 738 et
3540 671 3611 738 in
3683 671 4066 739 Jerusalem
4124 674 4419 743 laudent.

2864 797 2896 837 a
2939 775 3036 840 Et
3074 775 3269 854 Sion,
3329 803 3360 842 »
3407 779 3475 846 id
3506 790 3632 858 est,
3667 781 3969 848 Ecclesia
4007 781 4115 849 vel
4144 783 4427 852 Jerusa-

2855 879 3015 956 lem,
3057 890 3124 949 et
3152 892 3255 950 est
3284 883 3493 966 idem,
3535 916 3566 949 «
3591 889 3941 979 respondit
3970 891 4056 972 ei,
4092 918 4126 953 n
4187 891 4256 957 id
4284 900 4407 973 est,

2854 988 3001 1056 Deo
3063 990 3133 1056 in
3200 992 3341 1059 suis
3387 995 3969 1083 praedicatoribu8‚
4066 996 4198 1066 hoc
4291 1008 4417 1080 est,

2852 1095 3151 1164 fructum
3177 1097 3335 1165 fecit
3371 1123 3384 1167 :
3429 1101 3604 1169 sicut
3663 1114 3842 1171 terra
3890 1104 4136 1174 dicitur
4174 1106 4419 1176 cultori

2853 1204 3292 1293 respondere,
3354 1209 3630 1299 quando
3688 1211 3984 1279 fructum
4015 1212 4258 1283 reddit.
4306 1214 4419 1283 Sic

2850 1311 3063 1380 habes
3122 1315 3287 1402 quid
3328 1318 3705 1408 respondit,
3756 1322 3918 1410 quia
3966 1320 4219 1390 bonam
4259 1346 4418 1415 ope-

2849 1424 3188 1495 rationem
3223 1425 3391 1495 :-cui
3423 1428 3799 1517 respondit,
3869 1427 4057 1497 Deo:
4121 1431 4240 1499 sed
4297 1431 4412 1499 ubi

2848 1533 3203 1605 existens?
3238 1563 3270 1602 a
3313 1537 3395 1603 In
3425 1537 3539 1603 via
3590 1538 3865 1604 virtutis
3903 1561 4068 1606 suoe.
4110 1564 4142 1603 n
4178 1539 4413 1610 Virtus

2852 1638 3173 1712 Ecclesiae
3249 1645 3476 1711 omnis
3526 1651 3622 1711 est
3689 1644 3929 1712 aDeO.
3992 1645 4154 1715 Luc.
4216 1671 4405 1729 xxiv,

2841 1747 2970 1816 49:
3018 1750 3261 1820 Sedete
3344 1753 3415 1818 in
3471 1752 3748 1819 civitate
3816 1753 4267 1846 quoadusque
4294 1757 4409 1823 in-

2840 1857 3167 1925 duamini
3203 1860 3455 1926 virtute
3491 1882 3578 1927 ea:
3642 1860 3813 1929 olco.
3882 1860 4123 1929 Jacob.
4194 1866 4400 1943 1,17:

2840 1964 3059 2034 Omne
3143 1968 3389 2036 datum
3457 1969 3824 2060 optimum,
3883 1979 4007 2039 etc.
4103 1970 4238 2039 Sed
4296 1974 4406 2041 via

2833 2077 3107 2146 virtutis
3173 2101 3329 2169 quae
3404 2079 3596 2147 venit
3651 2101 3690 2146 a
3756 2079 3957 2149 Patre
4032 2080 4398 2161 luminum,

2832 2181 3145 2251 Christus
3203 2193 3327 2252 est.
3414 2185 3575 2262 Job,
3645 2208 3930 2266 xxxvm,
4008 2189 4093 2255 24
4169 2210 4184 2254 :
4267 2192 4405 2258 I'er

2828 2314 3044 2382 quam
3110 2294 3297 2360 viam
3381 2295 3745 2386 sparqitur
3831 2294 3979 2370 lum,
4062 2296 4404 2365 dividitur

2823 2408 3029 2468 cestus
3045 2423 3255 2492 super
3273 2411 3528 2469 terram
3561 2400 3602 2468 ?
3629 2424 3749 2491 per
3789 2401 4159 2471 Christum.
4193 2404 4393 2474 Joau.

2825 2529 2967 2587 xm,
3039 2510 3079 2573 6
3134 2511 3340 2600 :qu
3394 2533 3550 2577 sum
3582 2511 3717 2578 via.
3797 2510 4189 2581 Secundum
4223 2513 4398 2584 hanc

2824 2615 3156 2685 lecturam
3274 2619 3357 2685 de
3433 2620 3992 2688 antecedentibus
4077 2632 4181 2693 est
4288 2623 4397 2693 hic

2823 2722 3166 2791 psalmus.

2913 2834 3053 2904 Sed
3118 2834 3317 2904 aliter
3372 2846 3596 2930 potest
3657 2838 3815 2930 legi,
3867 2841 4042 2909 sicut
4096 2841 4391 2911 divisum

2820 2947 2945 3008 est.
2983 2940 3197 3021 Quasi
3233 2942 3525 3013 diceret:
3609 2944 3723 3013 Sic.
3751 2945 4084 3015 aediticata
4140 2957 4244 3017 est
4272 2948 4394 3018 Ec-

2820 3045 3055 3126 clesia,
3104 3057 3172 3116 et
3204 3049 3350 3139 ipsa
3393 3050 3718 3131 existens,
3790 3051 3855 3118 id
3896 3059 4024 3135 est,
4065 3075 4391 3144 perseve-

2823 3177 3008 3237 rans,
3037 3164 3106 3225 et
3144 3156 3412 3227 fortiter
3439 3166 3654 3241 stanS,
3727 3186 3760 3226 ι
3832 3161 3904 3229 in
3953 3161 4066 3230 via
4114 3163 4389 3233 virtutis

2813 3285 2980 3345 suae,
3027 3292 3060 3325 υ
3098 3263 3165 3332 id
3194 3274 3319 3344 est,
3365 3266 3434 3333 in
3465 3265 3621 3345 fide,
3666 3291 3817 3360 quae
3859 3276 3961 3338 est
3995 3270 4109 3337 via
4167 3271 4388 3340 virtu-

2816 3371 2929 3439 tis.
2973 3369 3035 3439 ll
3067 3370 3152 3438 ad
3194 3371 3506 3442 Corinth.
3549 3397 3618 3452 v,
3662 3376 3702 3443 ‘1
3749 3398 3765 3442 τ
3800 3379 3937 3444 Per
3978 3377 4189 3466 fidem
4229 3402 4387 3448 am-

2818 3476 3175 3562 bulamus,
3209 3489 3276 3547 et
3302 3502 3440 3547 non
3473 3504 3603 3572 per
3635 3483 3951 3573 speciem.

2908 3613 2940 3648 «ι
2974 3585 3352 3679 Respondit
3380 3589 3467 3666 ei,
3506 3613 3539 3653 ι
3577 3588 3723 3657 Deo
3761 3588 4067 3684 loquenti
4130 3594 4201 3662 in
4241 3595 4383 3663 suis

2810 3694 3402 3786 praedicatoribus.
3472 3696 3653 3778 Quid
3681 3698 3843 3767 ‘213⁸
3879 3723 4033 3794 quae
4072 3725 4384 3796 sequun-

2812 3810 2968 3870 tur:
3006 3827 3041 3869 ι
3085 3805 3523 3874 Paucitatem
3556 3828 3580 3873 .·
3624 3831 3658 3872 ι
3699 3815 3765 3876 et
3807 3816 3969 3876 sunt
4008 3810 4162 3890 tria,
4231 3834 4382 3904 quae

2809 3908 3107 4001 petenda
3173 3911 3361 3981 dicit.
3410 3912 3746 3992 Primum,
3789 3924 3864 3983 ut
3919 3917 4063 3985 vita
4132 3919 4380 3989 misera

2812 4016 3116 4089 finiatur.
3156 4019 3580 4100 Secundum,
3667 4032 3743 4093 ut
3825 4025 4019 4094 finita
4093 4049 4234 4096 nou
4284 4051 4383 4098 re·

2807 4136 3142 4208 vertatur,
3175 4130 3296 4210 ibi,
3364 4138 3430 4209 5.
3466 4135 3553 4201 25
3589 4155 3606 4201 :
3648 4161 3681 4197 ι
3731 4135 3836 4205 Ne
3871 4158 4135 4206 revoces
4164 4161 4294 4206 me.
4344 4165 4376 4201 ι

2805 4233 3114 4304 Tertium
3157 4246 3374 4308 estut
3428 4247 3684 4311 aeterna
3756 4241 4171 4326 conferatur,
4253 4245 4373 4321 ibi.

2815 4370 2848 4406 ι
2904 4344 2990 4414 In
3050 4347 3516 4437 generatione.
3553 4377 3584 4411 ιι

2897 4451 3077 4522 Dicit
3105 4476 3272 4546 ergo
3308 4476 3325 4524 ε
3361 4455 3677 4526 Existens
3724 4459 3796 4527 in
3835 4457 3968 4529 hoc
4041 4469 4220 4531 statu
4277 4487 4378 4532 re·

2800 4558 3105 4650 spondit.
3149 4559 3389 4641 Quid?
3418 4561 3608 4634 Hoc:
3668 4594 3702 4628 α
3743 4567 4180 4638 Paucitatem
4225 4569 4377 4638 die-

2803 4689 2960 4736 rum
3020 4691 3356 4740 meorum.
3405 4695 3440 4737 s
3506 4671 3668 4754 Job,
3737 4696 3882 4754 xiv,
3935 4677 4034 4747 5:
4127 4680 4375 4750 Breues

2800 4776 2946 4845 dies
2972 4776 3276 4845 hominis
3300 4787 3488 4848 sunt.
3523 4777 3774 4851 Genes.
3825 4804 4033 4865 nvn,
4075 4788 4167 4855 9:
4209 4788 4375 4857 Dies

2787 4886 3376 4979 pereqrinationis
3449 4911 3618 4958 meae
3705 4900 3976 4960 centum
4079 4896 4372 4988 triqinta

2796 5014 3141 5060 annorum
3178 5003 3367 5074 sunt,
3402 4996 3616 5087 parvi
3641 5007 3707 5065 et
3771 4999 3972 5068 mati.
4029 5028 4063 5066 α
4098 5003 4369 5072 Nuntio

2795 5100 2995 5168 milei.
3048 5131 3082 5162 υ
3131 5098 3341 5180 Quasi
3383 5101 3683 5173 diceret:
3738 5104 3891 5176 Cito
3959 5106 4066 5179 sac
4128 5109 4365 5182 finem.

2795 5208 2990 5278 lianc
3022 5213 3434 5302 paucitatem
3474 5238 3708 5307 supra,
3743 5218 3811 5285 in
3860 5218 4041 5289 l‘sal.
4077 5243 4360 5304 xxxvm,

2792 5317 2862 5395 5,
2940 5320 3213 5408 tangit:
3259 5321 3517 5389 Notum
3570 5323 3694 5414 lac
3788 5324 3987 5405 milei,
4038 5329 4358 5411 Domine,

2787 5425 2997 5513 finem
3031 5448 3284 5496 mcum.
3322 5426 3517 5497 llanc
3582 5431 3732 5520 ipso
3788 5430 3966 5500 facto
4008 5435 4136 5504 sibi
4185 5461 4362 5507 nun-

2789 5533 2944 5600 tiari
3009 5532 3469 5624 desiderabat,
3509 5538 3627 5630 qui
3667 5538 3959 5616 dicebat,
3985 5542 4069 5611 ad
4105 5544 4353 5640 Philip.

2794 5664 2844 5723 1,
2879 5642 3010 5712 23:
3043 5644 3487 5716 Desidet-ium
3525 5646 3782 5721 habens
3809 5649 4120 5735 dissolvi,
4164 5665 4228 5723 et
4255 5680 4362 5727 es-
