5008 6329
588 355 716 421 510

587 524 671 593 ad
699 523 915 592 malos
950 545 965 590 :
1023 531 1272 593 etcum
1312 526 1609 617 tetigerit
1646 525 1878 616 plures
1963 523 2132 593 effe-

585 640 729 699 ctus
750 633 1031 722 justitias
1071 643 1400 724 quantum
1468 636 1553 704 ad
1607 635 1853 716 bonoS,
1897 642 2128 701 tamen

583 760 721 806 non
745 742 961 831 tangit
989 741 1116 809 nisi
1150 766 1363 811 unum
1397 750 1729 834 quantum
1760 741 1847 809 ad
1881 739 2123 821 malos,

582 855 658 915 ut
708 859 1039 919 monstret
1084 851 1303 919 Deum
1360 853 1751 941 proniorem
1794 849 1880 916 ad
1918 849 2131 915 mise-

582 956 892 1039 rendum,
935 982 1141 1051 quam
1181 960 1267 1027 ad
1295 958 1760 1048 affligendum.

668 1063 847 1132 Dicit
910 1086 1071 1154 ergo
1150 1085 1166 1131 ε
1232 1063 1346 1131 Sic
1412 1062 1799 1131 laudabitur
1863 1061 2130 1152 justitia

579 1179 856 1262 propter
884 1169 1204 1261 praedicta
1249 1170 1454 1253 bona,
1516 1193 1668 1262 quae
1710 1169 1972 1239 confert
2009 1168 2130 1237 bo·

583 1278 709 1354 nis,
750 1302 783 1342 α
816 1286 877 1344 et
920 1301 952 1342 ι
985 1278 1187 1346 etiam
1219 1280 1381 1370 quia
1423 1307 1458 1344 α
1489 1301 1720 1348 omnes
1741 1286 2130 1370 peccatores

581 1383 944 1475 disperdet.
991 1412 1022 1448 »
1057 1384 1304 1454 Perdet
1333 1388 1607 1477 quidem
1643 1409 1788 1468 eoS,
1813 1387 2014 1475 juxta
2044 1383 2132 1451 il-

581 1487 697 1558 lud
727 1490 1051 1560 Proverb.
1087 1517 1157 1572 ιι,
1201 1495 1284 1560 22
1323 1516 1338 1561 :
1381 1496 1592 1586 Impii
1621 1494 1703 1561 de
1742 1504 1927 1560 terra
1972 1514 2132 1582 per-

582 1597 848 1667 dentur.
893 1598 999 1677 Et,
1035 1622 1081 1682 1,
1118 1601 1200 1667 32
1237 1623 1252 1667 :
1289 1602 1724 1691 Prosperitas
1752 1598 2129 1667 stultorum

569 1705 813 1798 perdet
852 1705 1035 1774 illos.
1078 1706 1163 1774 Et
1194 1707 1376 1796 quod
1406 1707 1557 1798 plus
1587 1714 1711 1790 cst,
1759 1735 1791 1769 «
1865 1706 2131 1797 disper-

582 1814 716 1898 det,
756 1839 788 1880 ι
821 1816 892 1881 in
931 1814 1229 1884 diversas
1260 1823 1480 1907 partes
1514 1816 1769 1906 perdet,
1801 1815 1868 1881 in
1899 1817 2129 1883 anima

581 1920 833 1990 scilicet
890 1928 957 1991 et
1016 1944 1321 2014 corpore.
1399 1922 1683 2015 Apocal.
1728 1945 1774 2003 t,
1840 1923 1974 1992 16:
2026 1926 2131 1992 De

581 2050 697 2096 ore
756 2027 911 2118 ejus
942 2029 1229 2119 qladius
1286 2039 1578 2122 utraque
1626 2040 1829 2121 parte
1884 2041 2129 2099 acutus

580 2134 833 2204 exibat.
872 2134 1023 2216 vel,
1072 2165 1104 2200 «
1147 2136 1512 2229 disperdet,
1549 2164 1583 2201 ιο
1628 2140 1789 2229 quia
1855 2160 1977 2229 per
2020 2134 2129 2206 di-

581 2261 777 2307 versa
831 2248 1168 2310 tormenta
1211 2241 1470 2331 perdet,
1502 2243 1702 2330 juxta
1757 2241 1929 2309 illud
1962 2241 2122 2326 soh,

582 2370 769 2428 xxw,
811 2350 885 2418 19
922 2371 937 2415 :
971 2349 1086 2417 Ad
1118 2351 1412 2418 nimium
1468 2350 1766 2419 calorem
1824 2360 2127 2419 transeat

584 2455 671 2526 ab
709 2458 909 2549 aquis
937 2458 1226 2527 nivium.

683 2804 712 2841 α
745 2777 1245 2846 Laudationem
1290 2781 1592 2849 Domini.
1631 2806 1663 2844 ι
1708 2780 1838 2848 Hic
1879 2802 2126 2848 secun-

579 2884 741 2952 dum
773 2887 983 2955 tertiae
1049 2889 1258 2979 partis
1300 2889 1508 2957 totius
1550 2886 1830 2968 Psalmi,
1884 2887 1954 2955 in
1986 2910 2121 2979 quo

578 3003 939 3085 postquam
994 2994 1301 3065 distinxit
1357 2997 1551 3088 quasi
1590 2995 1896 3065 diversos
1934 2994 2122 3064 locos

577 3098 893 3170 laudandi
949 3098 1196 3184 Deum,
1257 3103 1402 3173 sive
1465 3125 1704 3173 causas
1769 3101 2121 3172 distinctas

576 3210 961 3303 explicavit,
1019 3208 1132 3281 hio
1195 3213 1539 3283 concludit
1604 3212 1911 3281 divinam
1977 3211 2121 3279 lau-

577 3318 758 3400 dem,
821 3320 1276 3410 promittendo
1335 3319 1519 3412 quod
1557 3320 1865 3389 laudabit
1913 3320 2118 3388 etiam

577 3426 745 3497 alios
784 3428 865 3497 ad
897 3426 1029 3498 boe
1054 3429 1278 3521 ipsum
1317 3428 1669 3499 invitando
1707 3451 1724 3497 :
1786 3427 1965 3497 unde
2023 3427 2121 3496 di-

575 3544 818 3606 cuntur
845 3535 1004 3605 duo.
1038 3535 1299 3619 Primo,
1344 3538 1731 3631 promissio.
1769 3535 2112 3620 Secund0,

1653 354 1736 421 n.
1789 352 1990 421 ALB.
2045 352 2258 420 MAG.
2317 352 2525 423 ono.
2579 335 2879 421 PRAED.

2240 523 2531 593 aliorum
2625 524 2937 591 invitatio
2996 522 3083 589 ad
3147 518 3593 604 laudandum,
3672 520 3789 600 ibi,

2252 662 2280 699 α
2309 635 2405 702 Et
2446 633 2819 700 benedicat.
2865 658 2893 695 ιι

2326 742 2504 811 Dicit
2536 764 2700 833 ergo
2736 765 2750 811 :
2792 741 2906 810 Sic
2935 742 3163 810 omnis
3199 738 3549 832 generatio
3616 760 3793 829 prae-

2241 846 2462 912 missis
2494 846 2873 913 rationibus
2905 845 3233 927 laudabit,
3278 854 3344 913 et
3382 867 3422 912 a
3461 844 3655 912 dictis
3685 842 3792 909 lo-

2237 954 2331 1021 cis
2360 975 2480 1043 per
2518 953 2663 1021 haec
2702 977 2852 1044 quae
2895 953 3033 1021 dixi
3075 953 3347 1021 laudem
3407 961 3653 1032 sumet,
3722 959 3787 1019 et

2239 1061 2460 1150 ipsum
2502 1084 2535 1125 α
2570 1067 2644 1127 os
2673 1082 2926 1137 meum,
2973 1084 3006 1125 ιι
3050 1058 3212 1126 ιιοΙο
3253 1057 3518 1126 absolvi
3564 1079 3602 1124 a
3660 1057 3785 1125 Dei

2238 1165 2461 1246 laude,
2500 1192 2534 1232 α
2570 1165 3047 1234 laudationem
3073 1166 3363 1233 Domini
3384 1164 3724 1256 loquetur,
3748 1191 3779 1225 »ι

2238 1282 2312 1342 ut
2341 1274 2511 1343 mihi
2572 1277 2787 1366 possit
2853 1274 2984 1343 dici
3051 1273 3219 1342 illud
3284 1272 3415 1341 Isa.
3480 1295 3587 1356 nx,
3656 1272 3735 1339 18
3769 1295 3787 1339 ε

2245 1383 2620 1475 Occupabit
2645 1383 2865 1463 salus,
2927 1381 3274 1451 salutifera
3313 1381 3487 1460 laus,
3557 1402 3789 1448 muros

2240 1501 2415 1570 tuos,
2450 1490 2662 1558 factos
2693 1514 2778 1559 ex
2816 1489 3158 1570 dentibus,
3211 1499 3276 1556 et
3306 1498 3547 1579 portas
3603 1495 3785 1569 tuaS,

2241 1596 2419 1664 labia
2468 1603 2609 1674 tua,
2659 1596 2977 1665 laudatio
3040 1620 3064 1665 .-
3113 1603 3180 1664 et
3218 1593 3581 1686 impleatur
3610 1592 3794 1684 quod

2238 1731 2441 1799 supra
2461 1708 2741 1799 petebas
2786 1729 2801 1775 ε
2846 1707 3225 1798 Repleatur
3261 1728 3335 1774 os
3372 1726 3599 1773 meum
3642 1703 3798 1771 lau-

2238 1818 2386 1888 de'.
2429 1818 2517 1887 Et
2580 1818 2768 1897 alibi,
2827 1816 3013 1887 Psal.
3074 1839 3235 1896 mxu,
3269 1817 3309 1883 6
3348 1838 3364 1884 ι
3400 1814 3639 1884 Labiis
3665 1835 3792 1882 ex-

2233 1924 2635 1994 sultationis
2669 1923 2991 1992 laudabit
3027 1946 3103 1992 os
3131 1945 3384 1991 meum.

2330 2173 2361 2214 α
2395 2150 2491 2216 Et
2556 2147 2905 2217 benedicat
2960 2150 3205 2217 omnis.
3244 2173 3278 2215 ιι
3322 2147 3496 2217 Ecce
3543 2170 3794 2217 secun-

2237 2255 2424 2323 dum.
2488 2254 2697 2335 Quasi
2758 2258 3013 2325 diceret
3066 2279 3081 2324 :
3146 2254 3261 2325 Sic
3324 2254 3629 2324 laudabit
3685 2278 3788 2337 οε,

2249 2390 2278 2426 α
2310 2373 2397 2442 et,
2461 2389 2495 2426 ιι
2540 2362 2857 2454 exemplo
2917 2385 3100 2441 meo,
3140 2387 3175 2431 ι
3244 2364 3466 2432 omnis
3529 2386 3711 2440 earo,
3753 2388 3786 2429 ι

2235 2494 2375 2539 non
2405 2479 2673 2540 tantum
2715 2472 2952 2563 aliqui.
2996 2470 3149 2550 Vel,
3186 2472 3268 2540 de
3316 2473 3506 2540 omni
3562 2493 3790 2556 carne,

2236 2580 2301 2647 id
2341 2588 2465 2660 est,
2498 2578 2581 2649 de
2614 2582 2801 2649 omni
2834 2589 3037 2670 gente
3067 2580 3303 2671 aliqui,
3342 2604 3376 2646 α
3439 2579 3786 2649 benedicat

2232 2688 2498 2755 nomini
2521 2697 2756 2756 saneto
2784 2688 2965 2777 ejus,
3004 2713 3036 2754 ι
3079 2687 3485 2756 nominabili
3541 2689 3787 2755 sancti·

2232 2795 2353 2863 tati
2420 2796 2566 2886 ejus
2619 2818 2634 2864 ε
2682 2805 2747 2865 et
2800 2794 2957 2882 hoo,
2994 2825 3029 2862 α
3074 2797 3143 2865 in
3181 2795 3514 2865 saeculum
3549 2822 3581 2858 »
3612 2817 3791 2887 pree-

2231 2924 2411 2982 seus,
2459 2931 2493 2969 «
2526 2913 2592 2972 et
2619 2906 2691 2973 in
2718 2904 3052 2973 saeculum
3077 2903 3317 2972 saeculi
3355 2929 3392 2969 ιι
3450 2925 3784 2973 consecu-

2231 3012 2474 3092 tivum,
2543 3020 2619 3081 ut
2675 3013 2762 3080 sit
2838 3012 2987 3081 laus
3044 3020 3427 3104 perpetua:
3497 3010 3782 3103 dignum

2230 3120 2412 3190 enim
2479 3129 2603 3191 est.
2664 3119 2935 3191 Daniel.
3004 3143 3103 3203 ιιι,
3159 3122 3245 3191 52
3281 3142 3298 3190 ε
3339 3120 3786 3190 Benedictum

2229 3250 2471 3296 nomen
2498 3229 2749 3320 qloriae
2767 3239 2903 3298 tuae
2928 3238 3272 3314 sanetum,
3303 3238 3368 3298 et
3400 3226 3781 3307 laudabile,

2230 3344 2295 3404 et
2326 3337 2952 3429 superexaltatum,
2998 3335 3264 3429 supple,
3334 3336 3523 3405 sitin
3570 3357 3789 3405 saecu-

2228 3442 2318 3526 la,
2358 3453 2424 3514 et
2462 3445 2534 3514 in
2571 3445 2705 3516 hoc
2734 3446 3058 3539 praesenti
3096 3443 3374 3526 saeculo,
3418 3452 3482 3513 et
3544 3446 3615 3513 in
3681 3442 3791 3512 lu·

2231 3560 2410 3622 turo.
2443 3554 2695 3625 Amen.

1779 3955 2239 4038 PSAL'MUS
2287 3955 2580 4030 CXLV.

1544 4252 1761 4325 Solus
1792 4251 2038 4324 beatus
2076 4252 2201 4347 qui
2242 4251 2386 4324 soli
2416 4251 2569 4324 Deo
2593 4252 2800 4345 fidit.

629 4553 688 4601 t.
730 4527 1066 4609 Alleluia,
1110 4525 1360 4622 Aggaei
1393 4543 1461 4597 et
1501 4523 1891 4597 Zachariae.

622 4659 689 4709 2.
744 4634 1016 4717 Lauda,
1111 4634 1353 4705 anima
1426 4654 1612 4714 mea,
1687 4632 2115 4704 Dominum.

842 4741 1188 4814 Laudabo
1212 4740 1608 4812 Dominum
1627 4738 1699 4811 in
1717 4739 1867 4811 vita
1887 4760 2045 4812 mea
2065 4738 2112 4810 ’t

842 4850 1144 4944 psallam
1195 4848 1347 4918 Deo
1376 4869 1538 4918 meo
1578 4845 1932 4941 quamdiu
1964 4846 2118 4918 fue·

844 4979 947 5029 ro.

759 5064 1002 5137 Nolite
1023 5062 1382 5135 confidere
1430 5060 1504 5132 in
1544 5060 2025 5155 principibus,

626 5174 692 5243 3.
748 5172 830 5242 ln
870 5169 1036 5242 filiis
1085 5167 1490 5246 hominum,
1544 5165 1619 5236 in
1660 5166 1930 5259 quibus
1970 5188 2114 5237 non

842 5295 949 5350 est
978 5278 1196 5349 salus.

618 5410 691 5479 4.
745 5385 989 5457 Exibit
1019 5383 1317 5476 spiritus
1357 5382 1535 5477 ejus,
1592 5399 1663 5453 et
1720 5398 2117 5454 revertetur

649 5646 667 5683 ¹
699 5641 854 5702 Psal.
883 5655 1016 5710 Lxx,
1046 5636 1101 5694 8.

646 5740 671 5778 ¹
707 5739 917 5810 Supra,
936 5744 1117 5803 cxuv,
1149 5729 1205 5784 2.

2498 4525 2572 4598 in
2607 4544 2874 4599 terram
2904 4548 3115 4600 suam
3149 4549 3165 4597 ε
3202 4526 3274 4600 in
3315 4526 3437 4600 illa
3475 4525 3593 4601 die
3622 4550 3789 4625 pet·-

2498 4633 2711 4706 ibunt
2775 4657 3033 4707 omnes
3098 4635 3572 4731 cogitationes
3659 4659 3787 4709 eo-

2497 4762 2686 4814 rum.

2276 4851 2341 4919 5.
2401 4848 2667 4921 Beatus
2715 4849 2924 4942 cujus
2971 4851 3167 4922 Deus
3209 4850 3435 4923 Jacob
3491 4850 3785 4944 adjutor

2493 4957 2674 5050 ejus,
2736 4980 2903 5052 spes
2957 4957 3115 5051 ejus
3146 4956 3220 5029 in
3264 4957 3580 5031 Domino
3634 4960 3783 5031 Deo

2494 5064 2730 5160 ipsius
2782 5088 2803 5135 ι

2270 5172 2338 5242 6.
2392 5170 2540 5263 Qui
2573 5171 2739 5244 fecit
2779 5173 3047 5244 coelum
3096 5190 3164 5244 et
3212 5191 3509 5254 terram,
3549 5194 3771 5254 mare,

2492 5296 2562 5350 et
2593 5277 2840 5350 omnia
2878 5300 3044 5374 quae
3095 5277 3167 5350 in
3211 5279 3318 5351 eis
3347 5297 3519 5351 sunt
3547 5288 3595 5348 ⁸.

2271 5406 2338 5477 7.
2389 5386 2540 5478 Qui
2592 5385 2910 5458 custodit
2983 5386 3365 5459 veritatem
3421 5386 3496 5459 in
3547 5407 3782 5459 saecu-

2225 5616 2235 5624 ’
2294 5638 2318 5676 ⁸
2350 5641 2476 5698 Act.
2511 5653 2627 5711 ειν,
2663 5637 2731 5696 ¹4
2748 5656 2773 5705 ,·
2801 5637 3051 5713 Apocal.
3080 5653 3197 5709 xtv,
3228 5639 3282 5697 7.
3334 5699 3340 5706 ,
