5008 6329
352 3259 576 3307 smus

297 3326 414 3374 pnr-
423 3313 617 3360 ΡιιΙπιί.

635 264 758 332 136

631 431 864 500 rolant
889 432 930 501 P
975 435 1113 504 Has
1162 436 1443 526 replevit
1490 458 1667 523 aqua
1723 436 2074 524 sapientia}
2105 444 2172 501 et

630 539 955 610 veritatiS.
1015 543 1218 609 Eecli.
1280 565 1395 622 XV,
1458 543 1495 607 5
1542 563 1556 605 :
1601 540 2029 630 Adinzplebit
2079 540 2174 606 il-

636 648 780 715 lum
801 652 1138 716 Dominus
1162 650 1413 739 spiritu
1450 651 1827 740 sapientioe,
1863 660 1929 716 et
1966 650 2174 716 intel-

633 755 863 823 lectus.
905 758 1103 824 Joan.
1146 778 1285 839 xv1,
1334 757 1412 822 13
1448 778 1461 821 :
1502 758 1674 825 Cum
1704 767 1934 825 autem
1974 780 2172 824 vene-

633 864 723 928 rit
752 865 777 928 i
785 863 877 928 lle
899 863 1203 953 Spiritus
1232 865 1558 945 veritatiS,
1595 865 1859 933 docebit
1878 889 1994 933 vos
2023 889 2171 932 onz-

628 992 780 1035 nem
835 970 1208 1037 veritatem.
1270 972 1466 1057 Item,
1523 974 1988 1041 misericordia
2045 972 2170 1038 Dei

629 1074 933 1143 Christus
970 1085 1071 1144 est
1102 1102 1117 1145 ε
1154 1080 1293 1170 ipse
1323 1091 1423 1148 est
1474 1083 1658 1149 enim
1709 1082 1832 1148 uei
1872 1081 2088 1146 virtus
2122 1089 2166 1142 ¹.

630 1181 790 1249 llaeo
834 1193 1061 1253 autem
1092 1196 1192 1255 est
1235 1192 1505 1278 proprie
1553 1186 2044 1255 misericordia.
2089 1184 2174 1250 Et

611 1293 772 1381 *ipse
819 1304 921 1363 est
946 1299 1220 1377 verita3‚
1260 1297 1458 1364 Joan.
1508 1320 1646 1374 x1v,
1683 1298 1721 1363 6
1769 1319 1783 1362 ε
1828 1299 1980 1385 qu
2017 1317 2173 1361 sum

630 1403 766 1487 via,
798 1412 862 1469 et
888 1406 1160 1487 veritas,
1196 1414 1258 1471 et
1287 1407 1451 1472 vita.
1504 1404 1665 1472 Haec
1710 1402 2177 1471 misericordia

631 1508 922 1576 multum
964 1513 1197 1592 crevit,
1241 1520 1303 1580 et
1355 1512 1498 1580 haee
1534 1513 1808 1592 veritaS,
1859 1512 2175 1603 quamvis

632 1617 700 1681 in
766 1618 1096 1708 principio
1154 1627 1328 1687 esset
1392 1643 1626 1710 parva.
1689 1621 1820 1687 Isa.
1883 1643 1977 1696 ix,
2049 1621 2089 1685 6
2151 1640 2168 1685 ε

629 1723 978 1791 Paruulus
1012 1737 1218 1793 natus
1255 1738 1352 1795 est
1385 1727 1612 1793 nobis.
1680 1726 1838 1803 Sed,
1902 1723 2169 1792 Daniel.

632 1856 700 1910 ιι,
736 1833 819 1900 35
853 1854 870 1899 t
906 1835 1199 1924 Lapis..
1230 1836 1461 1924 factus
1489 1843 1585 1901 est
1625 1857 1817 1900 mons
1850 1855 2172 1922 amyntae,

627 1950 689 2006 et
745 1940 1053 2031 implevit
1104 1942 1488 2007 universam
1544 1951 1823 2008 terram.
1868 1940 1973 2008 Ad
2015 1937 2179 2005 Phi-

632 2049 746 2139 lip.
792 2072 862 2127 ιι,
904 2051 987 2116 9:
1020 2052 1325 2117 Donavit
1369 2050 1484 2117 illi
1534 2073 1801 2129 nomen,
1847 2048 2038 2140 quod
2080 2056 2180 2113 est

630 2180 834 2247 snper
870 2181 1067 2224 omne
1102 2181 1342 2225 nomen
1374 2182 1397 2225 .·
1431 2168 1507 2223 nt
1552 2161 1621 2224 in
1663 2159 1938 2225 nomine
1980 2158 2174 2238 Jesu,

637 2274 762 2331 etr.
815 2264 944 2333 lsa.
1004 2288 1112 2348 ι.ιι,
1150 2267 1229 2333 13
1266 2288 1281 2333 :
1319 2265 1797 2342 Eoealtabitnr,
1841 2274 1905 2330 et
1945 2263 2179 2330 eleva-

640 2370 846 2448 bitur,
900 2382 962 2438 et
996 2371 1315 2439 sublimis
1357 2376 1485 2441 erit
1524 2372 1749 2440 valde.
1804 2373 1907 2439 Ad
1967 2371 2176 2439 llebr.

641 2501 685 2561 ι,
721 2482 761 2545 5
796 2502 812 2546 ε
851 2482 988 2547 Cui
1031 2480 1213 2547 dia-it
1257 2478 1640 2570 aliqnando
1671 2479 2096 2569 ,lnqelorum
2158 2501 2180 2546 .·

639 2586 865 2653 Filius
904 2609 1092 2654 meus
1134 2612 1202 2653 es
1257 2598 1359 2672 tn,
1399 2611 1520 2676 cqo
1556 2588 1760 2655 hodie
1802 2588 2018 2676 qenai
2047 2597 2113 2653 te
2145 2585 2186 2653 ?

639 2693 741 2759 Ad
783 2692 1030 2784 liplies.
1068 2717 1160 2773 iv,
1196 2698 1275 2762 tn
1309 2715 1326 2763 ε
1356 2696 1673 2762 ΑςεοηιΙίι
1708 2720 1915 2787 snper
1954 2718 2184 2763 omnes

639 2801 861 2882 caelos,
904 2812 982 2869 nt
1011 2802 1322 2894 impleret
1349 2805 1604 2872 omnia.

736 3156 769 3196 ι
799 3128 1140 3200 lfa-altare
1179 3153 1384 3223 snper
1425 3130 1651 3198 cwlos.
1689 3159 1722 3194 »ι
1767 3129 1895 3199 llic
1924 3139 2026 3199 est
2075 3153 2189 3200 se-

645 3241 864 3310 cunda
891 3263 1072 3332 pars,
1104 3240 1172 3307 in
1203 3261 1336 3331 qua
1364 3262 1732 3308 conversus
1762 3249 1904 3308 erat
1934 3247 2009 3307 ut
2039 3238 2188 3308 baec

648 3350 1080 3441 impleantur,
1149 3369 1271 3438 pro
1337 3346 1581 3438 quibus
1630 3369 1702 3414 se
1751 3346 2186 3415 laudaturum

644 3456 1072 3549 promiserat.
1115 3452 1445 3522 Dicuntur
1489 3475 1652 3542 ergo
1698 3453 1858 3522 duo.
1920 3454 2184 3533 Primo,

642 3572 790 3631 orat
851 3570 925 3629 ut
981 3560 1339 3650 impleatur
1371 3560 1516 3626 Filii
1586 3560 1706 3628 Ilei
1778 3561 2180 3629 incarnatio,

645 3667 989 3750 Secundo,
1013 3673 1340 3735 monstrat
1371 3666 1553 3734 bona
1581 3690 1663 3735 ex
1697 3667 1812 3735 illa
1839 3676 2181 3746 secutura,

644 3786 719 3845 ut
747 3779 844 3845 sie
872 3783 1199 3867 provocet
1240 3775 1324 3842 ad
1363 3775 1661 3843 «landum
1698 3776 2022 3867 petitum,
2064 3775 2187 3854 ibi,

644 3894 708 3961 5.
743 3885 782 3951 'i
821 3907 838 3949 :
875 3909 908 3948 ι
948 3885 1037 3952 Ut
1067 3883 1461 3952 liberentur.
1500 3913 1534 3947 n

736 3991 812 4059 ln
842 3993 1061 4082 prima
1088 3991 1403 4060 dicuntur
1429 3992 1590 4061 duo.
1628 3992 1890 4080 Primo,
1929 4003 2007 4062 ut
2036 3994 2191 4062 Au-

646 4099 816 4192 gelis
847 4099 1216 4168 innoteseat
1248 4100 1400 4169 Filii
1445 4100 1568 4169 nei
1609 4102 2014 4172 incarnatio.
2058 4103 2192 4172 Se-

647 4206 897 4290 cundo,
969 4207 1150 4298 quod
1205 4210 1407 4277 etiam
1474 4212 1664 4277 omni
1710 4208 1978 4278 homini
2025 4219 2193 4279 nota

647 4317 788 4391 fiat,
824 4313 943 4394 ibi,
986 4339 1022 4381 ι
1053 4316 1148 4382 Et
1170 4336 1377 4406 snper
1401 4338 1667 4383 omnem
1696 4326 1976 4385 terram.
2010 4343 2043 4382 ι

737 4421 913 4491 Dicit
939 4444 1102 4513 ergo
1136 4446 1154 4492 ε
1189 4421 1643 4492 Sic-‘laudabo
1687 4433 1966 4518 propter
2007 4447 2193 4517 prm-

644 4531 823 4601 dieta
844 4533 902 4600 si
934 4533 1094 4599 liant
1139 4556 1157 4599 ε
1196 4539 1263 4600 et
1309 4542 1585 4624 propter
1626 4530 1784 4616 hoe,
1826 4556 1869 4601 ο
1899 4532 2025 4602 llei
2064 4534 2194 4601 Pa-

643 4641 765 4707 tris
785 4639 935 4718 Fili,
970 4666 1008 4704 α
1039 4640 1373 4723 ειαΙΙανε,
1409 4640 1837 4710 »exaltatum
1857 4649 1925 4711 te
1955 4649 2193 4711 osteu-

641 4748 751 4832 de,
794 4776 831 4811 «
867 4770 1075 4840 super
1106 4749 1331 4828 coelos,
1367 4775 1401 4814 n
1433 4773 1637 4842 super
1672 4750 2002 4844 Angelos,
2035 4773 2193 4819 ear-

642 4877 726 4922 ne
772 4863 1121 4947 assumpta
1165 4863 1232 4922 et
1287 4878 1483 4947 passa
1538 4858 1723 4947 ipsos
1775 4858 2183 4950 reparando.

638 4961 745 5030 Ad
774 4961 1176 5053 Ephesumss
1195 4973 1261 5033 et
1289 4986 1464 5056 σεεμ
1494 4966 1677 5033 Mihi
1709 4966 1878 5036 data
1907 4978 2007 5036 est
2027 4989 2192 5059 qra-

640 5073 825 5141 tia...
861 5071 1264 5141 illuminare
1289 5096 1542 5153 omines,
1582 5097 1736 5166 quae
1778 5077 1871 5144 sit
1907 5077 2189 5169 dispen-

637 5182 816 5247 satio
858 5183 1272 5250 sacramenti
1307 5181 1818 5253 absconditi
1856 5196 1933 5254 ut
1978 5188 2186 5254 inno-

640 5296 847 5355 tescat
915 5288 1425 5380 principatibus
1475 5301 1541 5358 et
1590 5293 2053 5382 potestatibus
2110 5295 2181 5360 in

715 5537 789 5592 ¹1
835 5535 910 5594 ad
954 5536 1221 5597 Corinth.
1267 5555 1307 5609 ι,
1344 5542 1459 5599 ¹8:
1500 5539 1733 5599 Verbum
1775 5543 2023 5601 meis...
2074 5541 2180 5600 Dei

646 5630 822 5685 riv-tus
844 5633 943 5685 est.
1000 5626 1091 5694 Et,
1148 5627 1239 5700 ἢ.
1288 5630 1357 5685 2³
1393 5635 1449 5686 et
1498 5633 1566 5686 2⁴
1596 5647 1611 5688 ι
1644 5633 1754 5690 Nos
1798 5634 2177 5705 predicamus

1622 268 1707 334 D.
1760 269 1959 334 ΑΕΒ.
2014 270 2232 333 MAG.
2287 269 2492 334 ORD.
2549 269 2843 334 PRAED.

2280 435 2680 500 coelestibus,
2744 459 2777 497 α
2846 437 2937 499 Et
2997 456 3202 523 super
3257 458 3524 502 ornnem
3576 443 3827 499 terram

2274 541 2506 630 ={lloria
2569 550 2714 617 lua,
2793 564 2824 603 ι)
2894 539 3156 628 supple,
3235 540 3640 608 innotescat.
3714 538 3828 603 Sic

2277 650 2459 716 enim
2530 648 2938 740 praemisisti,
2982 647 3268 714 Numer.
3317 670 3458 727 xiv,
3509 650 3584 713 21
3629 671 3644 713 :
3686 647 3830 711 Im·-

2270 759 2583 849 plebum·
2618 760 2848 849 {floria
2895 757 3186 825 Domini
3243 758 3563 821 universa
3615 765 3822 820 terra.

2279 864 2427 934 Iloe
2477 874 2580 934 est
2643 866 2826 956 quod
2884 865 3152 943 dieitur,
3222 861 3494 931 Daniel.
3569 885 3640 940 ιι,
3713 862 3824 936 35,

2281 974 2469 1063 quod
2518 996 2716 1041 mons
2756 996 3044 1062 magnus
3098 970 3386 1061 replevit
3425 977 3637 1035 totam
3691 975 3831 1034 ter-

2288 1104 2457 1148 ram.
2486 1080 2691 1148 Eecli.
2727 1102 2882 1156 xm,
2930 1081 3010 1145 16
3043 1102 3059 1145 ε
3098 1080 3345 1147 Gloria
3375 1076 3661 1145 Domini
3683 1073 3832 1166 ple·

2284 1212 2452 1256 num
2510 1200 2607 1257 est
2643 1212 2814 1279 opus
2852 1188 3028 1276 ejus.
3080 1185 3322 1254 Matth.
3389 1207 3634 1263 xxvm,
3683 1185 3763 1250 18
3808 1205 3823 1249 :

2279 1301 2469 1365 Data
2508 1307 2604 1364 est
2641 1297 2815 1363 milei
2843 1296 3062 1362 omnis
3093 1304 3425 1385 potestas·‚
3463 1295 3534 1358 in
3562 1291 3729 1359 eoelo
3767 1299 3831 1357 et

2282 1409 2353 1473 in
2393 1418 2603 1474 terra.

2379 1755 2415 1797 ι
2453 1731 2542 1796 Ut
2591 1727 2961 1795 liberentur
3003 1722 3262 1790 dilecti.
3318 1745 3353 1786 ι
3405 1720 3535 1787 Hie
3588 1741 3836 1786 secun-

2284 1838 2474 1920 dum,
2536 1836 2605 1902 in
2654 1857 2790 1926 quo
2838 1830 3217 1901 ostenditur
3281 1829 3538 1896 fructus
3584 1825 3836 1894 exalta·

2290 1946 2497 2012 tionis
2535 1943 2764 2031 hujuS,
2805 1949 3080 2031 propter
3126 1936 3312 2028 quod
3350 1944 3454 2004 est
3489 1932 3780 2024 petenda
3813 1954 3829 1998 ε

2289 2053 2359 2120 in
2417 2074 2553 2142 quo
2608 2050 2923 2118 dicuntur
2971 2045 3134 2125 duo,
3182 2042 3561 2112 secundum
3619 2039 3839 2129 dupli·

2288 2183 2433 2228 cem
2478 2159 2796 2228 fructum.
2872 2156 3142 2222 Primus
3190 2161 3292 2219 est
3334 2150 3644 2218 liberatio
3697 2146 3839 2215 ele-

2287 2278 2552 2336 ctorum
2604 2290 2643 2333 a
2693 2264 2898 2333 malo,
2945 2261 3324 2338 SecunduS,
3359 2258 3703 2351 promotio
3746 2257 3841 2345 ip-

2289 2400 2522 2444 sorum
2563 2376 2630 2442 in
2695 2374 2906 2457 bone,
2976 2371 3095 2447 ibi,
3169 2371 3238 2436 in
3300 2367 3528 2436 medio
3592 2372 3656 2442 5.
3727 2366 3834 2432 8:

2298 2514 2330 2547 α
2362 2482 2773 2553 Exsultabo.
2811 2507 2846 2548 ι

2384 2592 2460 2659 ln
2486 2593 2711 2683 prima
2740 2589 2901 2658 duo.
2938 2588 3198 2671 Primo,
3243 2584 3550 2675 tangitur
3594 2579 3844 2649 eleeto·

2295 2723 2445 2768 rum
2474 2699 2785 2767 liberatio
2818 2698 2887 2763 in
2930 2694 3251 2787 petendo,
3287 2693 3449 2782 quia
3490 2690 3558 2756 in
3597 2709 3845 2756 conse-

2296 2811 2568 2902 qui-ntia
2608 2807 2695 2875 ad
2748 2808 3057 2897 petitum.
3114 2800 3460 2880 Secundo,
3510 2794 3842 2867 certitudo

2296 2917 2479 3008 quod
2527 2917 2665 2994 liet,
2699 2914 2804 2982 vel
2836 2911 3147 3004 probatio
3195 2908 3382 3001 quod
3431 2907 3575 2974 lieri
3616 2902 3839 2978 debet,

2298 3026 2415 3102 ibi,
2447 3031 2513 3100 5.
2548 3026 2589 3090 8
2625 3047 2641 3092 :
2678 3047 2714 3089 ι
2746 3025 2932 3091 Dens
2971 3020 3241 3087 locutus
3269 3025 3391 3086 est.
3429 3042 3467 3079 n

2386 3132 2461 3201 ln
2500 3134 2721 3224 prima
2759 3130 2921 3199 duo.
2963 3127 3223 3203 Primo,
3267 3119 3847 3215 tangiturlibera-

2292 3247 2390 3311 tio
2428 3243 2795 3312 electorum
2842 3264 2881 3307 a
2921 3260 3144 3329 poena.
3183 3231 3532 3313 Secunde,
3572 3230 3660 3298 ab
3699 3229 3844 3319 ipsa

2293 3352 2519 3442 culpa,
2578 3348 2696 3430 ibi,
2767 3377 2804 3412 α
2869 3345 3159 3414 Sati-mn
3232 3345 3354 3434 lac
3418 3340 3724 3409 dextera.
3806 3361 3841 3402 ι

2387 3456 2564 3525 Dicit
2600 3478 2764 3543 ergo
2798 3475 2816 3525 ε
2848 3453 2959 3520 Sic
2992 3474 3159 3543 rogo
3189 3457 3264 3517 ut
3292 3447 3650 3523 exalteris,
3692 3466 3846 3512 ear-

2299 3588 2454 3633 nem
2486 3561 2896 3632 assumendo
2931 3585 2946 3629 :
2981 3568 3045 3627 et
3100 3558 3233 3626 lior.
3276 3582 3312 3624 ι
3356 3565 3434 3623 ut
3475 3552 3849 3622 liberentur

2301 3672 2537 3740 dilecti
2582 3672 2711 3748 tui,
2756 3696 2792 3733 a·
2837 3691 2877 3737 a
2913 3663 3375 3759 poena2limbi,
3428 3662 3499 3730 in
3539 3681 3677 3751 qua
3721 3656 3847 3725 de·

2299 3782 2625 3850 tineutur.
2657 3775 2856 3847 Zacli.
2904 3799 3000 3854 tx,
3057 3776 3128 3841 ll
3172 3794 3189 3840 :
3226 3770 3547 3840 Emisisti
3591 3768 3849 3834 vinidos

2300 3902 2452 3958 tuos
2480 3888 2566 3954 de
2601 3887 2785 3963 lacn,
2819 3885 2891 3952 in
2918 3905 3054 3975 quo
3082 3903 3219 3949 non
3249 3888 3349 3948 est
3384 3899 3598 3970 aqua.

2385 3996 2542 4081 vel,
2593 3993 2850 4064 Dilecti
2902 3993 2986 4061 ad
3013 3992 3336 4069 litteram,
3379 3985 3720 4081 Apostoli,
3781 3993 3847 4052 et

2283 4102 2790 4197 ‘Apostolorum
2870 4100 3222 4171 credentes
3292 4105 3362 4167 et
3438 4097 3845 4164 imitatores.

2298 4214 2501 4282 Joan.
2544 4235 2663 4291 xv,
2708 4214 2788 4281 ¹5
2822 4213 3032 4282 :lam
3069 4231 3206 4277 non
3261 4207 3493 4273 dicam
3530 4226 3648 4272 eos
3697 4225 3849 4270 ser-

2304 4343 2502 4389 vos...
2585 4320 2711 4388 Vos
2772 4326 3002 4386 autem
3067 4313 3225 4382 disi
3278 4312 3563 4381 amicos.
3627 4308 3847 4377 Aliter

2302 4429 2486 4497 enim
2526 4448 2666 4495 uon
2729 4431 3040 4518 poterant
3091 4441 3254 4491 vere
3316 4415 3845 4488 liberari..loan.

2301 4559 2448 4622 vm,
2517 4537 2602 4604 36
2648 4561 2666 4604 z
2719 4536 2803 4605 Si
2825 4535 3023 4625 filins
3059 4555 3176 4600 vos
3230 4528 3647 4609 liberaverit,
3699 4545 3854 4594 vere

2304 4645 2509 4714 liberi
2553 4646 2767 4714 eritis.
2833 4643 3086 4712 Jerem.
3161 4640 3475 4720 1¹:11,ss
3544 4661 3563 4707 z
3624 4635 3848 4706 Rede-

2306 4756 2435 4822 mit
2507 4755 2846 4823 Dominus
2884 4748 3124 4829 Jaeob,
3184 4758 3249 4816 et
3307 4746 3627 4816 liberarit
3693 4767 3847 4813 eum

2304 4864 2391 4931 de
2485 4883 2702 4930 mann
2774 4857 3204 4952 potentioris,
3318 4876 3442 4947 per
3527 4853 3845 4944 spiritum

2302 4967 2656 5048 libertatis,
2689 4990 2892 5058 quem
2920 4962 3240 5034 iufundit.
3296 4961 3359 5030 11
3400 4959 3485 5028 ad
3533 4956 3842 5027 Corinth.

2302 5086 2399 5161 m,
2458 5080 2540 5149 17
2582 5100 2600 5146 :
2650 5076 2783 5146 Ubi
2824 5075 3113 5168 spiritus
3143 5069 3462 5152 Domini,
3492 5065 3595 5134 ibi
3633 5065 3850 5134 Iiber-

2297 5198 2428 5255 tas.

2386 5292 2787 5361 Liberentur
2814 5290 3017 5359 etiam
3046 5309 3289 5357 omnes
3317 5293 3671 5374 creaturae,
3693 5307 3844 5378 quae

2291 5545 2567 5603 Christum
2614 5546 2940 5617 crucifixum
2971 5554 3059 5602 z...
3106 5537 3390 5599 carneum
3416 5542 3521 5601 Dei
3552 5542 3841 5611 virtutem,

2286 5641 2402 5695 ete.
