5008 6329
611 403 739 470 336

1685 399 1772 468 D.
1822 399 2027 469 ALB.
2079 399 2298 469 MAG.
2340 397 2563 494 cm).
2614 395 2911 467 PRAED.

697 576 774 642 ln
803 575 1026 665 prima
1064 571 1226 638 duo.
1263 570 1528 648 Primo,
1570 572 1742 662 petit
1779 572 1848 638 in
1880 593 2173 662 genera·
2282 570 2365 637 da
2421 575 2599 647 sunt,
2644 576 2706 636 et
2771 567 3040 634 subtilia
3100 565 3296 634 valde
3355 564 3630 655 eloquia
3678 574 3818 634 tua.

610 684 656 750 li
687 705 727 749 a
755 681 898 747 Deo
948 677 1283 746 exaudiri.
1331 677 1680 760 Secundo,
1716 680 2062 769 specificat
2103 678 2172 742 in

613 812 746 879 quo
811 787 975 855 velit
1030 786 1364 871 exaudiri,
1442 788 1558 871 ibi,
1638 817 1668 848 «
1734 790 1958 855 Juxta
2024 783 2171 851 elo-

613 897 854 986 quium
885 902 1109 961 tuum.
1159 919 1193 958 ι

704 1232 880 1299 Dicit
917 1251 1079 1319 ergo
1118 1251 1133 1295 z
1172 1225 1286 1295 Sic
1333 1227 1603 1294 servavi
1645 1225 1993 1304 mandata,
2029 1247 2170 1292 non

615 1362 767 1406 mea
828 1337 1102 1420 virtute,
1173 1335 1292 1410 sed
1349 1334 1685 1425 magistri,
1759 1340 1826 1401 et
1892 1332 1979 1400 ob
2039 1331 2172 1399 hoc

608 1452 765 1536 peto
805 1443 1088 1511 ulterius
1151 1466 1165 1510 :
1224 1439 1280 1509 Ο
1335 1467 1371 1507 α
1414 1442 1738 1519 Domine,
1784 1440 2170 1531 appropin-

605 1562 762 1642 quet
790 1550 1175 1641 deprecatio
1215 1558 1341 1616 tua
1372 1572 1396 1615 .·
1441 1575 1473 1610 »
1507 1568 1636 1638 ego
1677 1548 1862 1613 enim
1907 1546 1976 1612 in
2011 1568 2168 1636 pro-

602 1659 750 1749 pria
776 1679 1071 1748 persona
1119 1677 1260 1722 non
1298 1676 1610 1744 possum,
1644 1660 1972 1744 gravatus
2020 1674 2168 1720 cor·

600 1768 783 1859 poris
829 1763 1156 1857 pondere.
1197 1762 1508 1852 Sapient.
1564 1784 1657 1842 ix,
1731 1763 1811 1829 15
1848 1785 1863 1829 ε
1904 1761 2166 1849 Corpus

600 1874 789 1966 quod
877 1871 1350 1962 corrumpitur
1409 1878 1756 1960 aqyravat
1823 1870 2158 1935 animam.

600 1981 976 2072 Elongatus
1022 2001 1179 2048 sum
1230 2001 1270 2045 a
1323 1985 1389 2045 te
1457 1978 1844 2068 primorum
1913 1997 2166 2067 paren-

597 2094 768 2167 tum,
806 2095 873 2155 et
917 2083 1518 2177 superadditorum
1562 2107 1602 2150 a
1663 2104 1775 2150 mc
1845 2089 2166 2174 peccato-

597 2216 749 2261 rum
781 2190 1236 2260 multitudine.
1283 2188 1413 2259 Isa.
1454 2213 1587 2269 mx,
1624 2191 1663 2256 2
1697 2212 1712 2257 ε
1752 2189 2164 2280 Iniquitates

595 2310 827 2368 vestrae
858 2299 1239 2367 diviserunt
1280 2298 1461 2364 inter
1500 2319 1617 2364 vos
1657 2304 1720 2362 et
1764 2298 1990 2363 Deum
2047 2317 2164 2361 ve-

592 2414 837 2475 strum.
874 2405 1203 2476 Desidcro
1227 2405 1415 2472 enim
1458 2403 1679 2494 magis
1709 2402 1764 2468 si
1799 2401 1942 2469 lieri
1985 2422 2151 2491 pos-

596 2525 695 2584 set
751 2516 819 2583 in
875 2514 1156 2607 propria
1220 2534 1520 2604 persona
1573 2511 2151 2602 appropinquare.

593 2623 751 2705 Job,
786 2644 977 2702 xxm,
1013 2624 1052 2691 3
1099 2645 1114 2690 :
1166 2620 1337 2707 Quis
1366 2619 1545 2686 miln·
1573 2617 1839 2686 tribuat
1887 2625 1963 2685 ut
1999 2639 2164 2707 coq-

596 2754 869 2800 noscam
951 2740 1015 2798 et
1069 2730 1415 2797 inveniam
1465 2725 1705 2806 illum,
1765 2736 1830 2794 et
1886 2727 2157 2794 veniam

598 2862 809 2929 usque
864 2838 964 2906 ad
1010 2834 1272 2904 solium
1331 2834 1489 2924 ejus
1522 2832 1565 2902 ?
1622 2833 1758 2901 Sed
1811 2856 1967 2902 cum
2018 2855 2161 2901 non

596 2949 878 3039 possim,
999 2974 1028 3009 ι
1144 2944 1659 3034 appropinquet
1771 2941 2160 3033 deprecatio

599 3077 773 3131 mea,
838 3079 871 3120 ι
931 3073 1054 3143 per
1126 3048 1619 3119 humilitatem.
1683 3047 1892 3117 Eccli.
1945 3071 2157 3137 xxxv,

599 3166 683 3232 22
718 3187 733 3231 ε
772 3162 1014 3234 Oratio
1071 3157 1526 3229 humiliantis
1565 3182 1637 3227 se
1683 3158 1898 3228 nubes
1945 3183 2162 3251 pene-

599 3272 831 3340 trabit.
878 3297 914 3337 «
961 3271 1042 3338 ln
1073 3278 1435 3360 conspectu
1479 3278 1626 3345 tuo,
1674 3292 1707 3333 ι
1743 3265 2010 3358 supple,
2053 3266 2162 3335 fa-

596 3386 725 3446 cta.
763 3376 1024 3446 Daniel.
1071 3398 1167 3450 ιιι.
1232 3375 1319 3442 40
1354 3396 1371 3444 z
1405 3376 1526 3445 Sic
1567 3375 1701 3464 fiat
1735 3374 2161 3462 sacrificium

596 3495 903 3553 nostrum
946 3486 1016 3552 in
1053 3493 1416 3576 conspectu
1464 3492 1584 3550 tuo
1631 3481 1860 3560 hodie,
1896 3490 1974 3549 ut
2003 3480 2164 3573 pla-

598 3603 743 3662 ceat
774 3593 929 3662 tibi.

688 3838 723 3874 ιι
781 3811 1004 3878 Juxta
1060 3804 1420 3897 eloquium
1473 3815 1701 3874 tuum.
1775 3829 1808 3870 ι
1873 3804 2002 3873 Hic
2059 3826 2164 3871 se-

598 3917 893 3986 cundum
950 3912 1320 4006 specificat.
1393 3910 1608 3992 Quasi
1656 3910 1911 3979 diceret
1972 3934 1988 3979 :
2048 3911 2164 3981 Sic

599 4028 782 4114 peto.
814 4017 996 4112 quod
1027 4016 1250 4086 oratio
1282 4016 1815 4108 appropinquet,
1857 4015 2003 4083 sive
2040 4016 2164 4084 de-

596 4127 912 4221 precatio,
953 4124 1105 4195 haec
1131 4123 1416 4206 scilicet,
1457 4148 1490 4189 «
1533 4124 1650 4192 Da
1690 4122 1867 4191 mihi
1887 4122 2167 4191 intelle·

597 4246 805 4320 ctum,
880 4259 916 4300 ι
1004 4241 1073 4301 ot
1162 4230 1323 4310 hoc,
1402 4256 1438 4296 α
1506 4230 1734 4323 justa
1808 4230 2164 4322 eloquium

600 4355 822 4421 tuum,
871 4366 906 4405 ι
953 4339 1023 4409 id
1081 4346 1211 4420 est,
1270 4337 1449 4406 sicut
1503 4338 1575 4405 in
1632 4346 1754 4406 tuo
1821 4340 2165 4429 promittis

599 4449 897 4541 eloquio.
961 4444 1037 4513 ln
1097 4442 1281 4512 Psal.
1342 4465 1533 4522 xxxi,
1577 4443 1619 4513 8
1663 4463 1681 4513 ε
1727 4442 2164 4513 Intellectum

601 4558 731 4628 tibi
765 4556 970 4641 dabo,
1010 4564 1078 4623 et
1135 4553 1479 4621 instruam
1532 4562 1620 4621 te.
1674 4551 1787 4636 Et,
1837 4551 1969 4621 Isa.
2026 4575 2160 4639 mv,

608 4668 688 4736 ¹3
731 4682 749 4734 t
792 4667 1060 4733 Ponam
1113 4661 1467 4730 universos
1510 4660 1703 4750 filios
1746 4670 1899 4730 tuos
1936 4659 2167 4729 doctos

606 4797 649 4841 a
688 4771 1008 4841 Domino.
1051 4767 1208 4845 Vel,
1249 4766 1479 4857 juxta
1524 4767 1883 4860 eloquium
1936 4778 2164 4854 tuum,

609 4890 685 4950 ut
712 4901 908 4947 meus
930 4876 1190 4946 scilicet
1217 4873 1608 4944 intellectus
1648 4878 1781 4946 tuis
1821 4875 2169 4969 regulatur

612 4987 922 5080 eloquiis.
975 4982 1035 5051 ll
1085 4982 1175 5051 ad
1229 4981 1544 5053 Corinth.
1588 5005 1660 5067 x,
1693 4985 1735 5054 5
1781 5008 1799 5055 ε
1841 4987 1923 5054 In
1953 4987 2169 5077 capti·

613 5098 890 5165 vitatem
919 5091 1301 5183 redigentes
1327 5112 1598 5158 omnem
1639 5092 2066 5162 intellectum
2096 5094 2169 5162 in

613 5203 1007 5296 obsequium
1041 5199 1322 5270 Christi.
1359 5198 1489 5268 Vel
1535 5198 1783 5269 melius
1814 5224 1833 5270 ε
1868 5201 2172 5295 loquitur

613 5310 793 5378 enim
837 5307 951 5378 hic
988 5305 1351 5399 perfectus»,
1396 5306 1613 5398 quiet
1659 5307 1976 5400 intelligit
2006 5309 2171 5401 quid

611 5413 1047 5493 credendum,
1103 5412 1269 5506 quid
1326 5413 1702 5505 agendum,
1763 5423 1832 5483 et
1898 5416 2172 5486 intelle·

612 5529 794 5592 ctum
823 5518 1096 5607 subjicit
1137 5518 1392 5587 divinis
1420 5517 1736 5611 eloquiis.
1785 5547 1823 5584 α
1856 5524 1968 5591 Da
1997 5523 2176 5592 milti

615 5628 1033 5699 intellectum
1060 5626 1286 5715 justa
1331 5627 1692 5719 eloquium
1740 5639 1966 5709 tuum,
2006 5658 2040 5697 ι
2101 5631 2168 5700 id

613 5745 738 5819 est,
769 5731 1184 5827 profundum
1217 5739 1280 5800 et
1313 5731 1667 5819 subtilem,
1699 5736 1876 5805 sicut
1894 5737 2171 5828 profun-

2282 677 2527 766 Supra,
2595 678 2662 742 in
2727 675 2965 743 eodem
3023 675 3294 742 Psalmo
3348 697 3576 756 cxvm,
3644 676 3725 743 18
3805 698 3821 741 :

2275 784 2530 852 Revela
2570 783 2799 850 oculos
2856 805 3057 859 meos,
3108 793 3171 849 et
3217 780 3659 849 considerabo
3702 784 3827 848 mi-

2275 890 2535 958 rabilia
2592 890 2675 956 de
2740 889 2882 978 leqe
2946 899 3095 956 tua.
3170 888 3326 966 Job,
3396 910 3633 970 xxxvx,
3692 889 3731 956 8
3799 911 3814 956 ε

2275 999 2653 1090 Inspiratio
2705 998 3200 1089 omnipotentis
3263 997 3385 1064 dat
3426 995 3825 1087 intelliqen·

2278 1108 2476 1184 tiam,
2512 1104 2595 1172 de
2634 1104 2981 1194 profundis
3030 1103 3557 1194 Scripturarum.
3609 1103 3815 1171 Eccli.

2273 1237 2391 1292 xv,
2437 1215 2474 1280 5
2512 1236 2527 1279 τ
2559 1211 2978 1303 Adimplebit
3023 1211 3259 1291 illum,
3302 1212 3639 1279 Dominus
3698 1215 3824 1279 sci-

2273 1321 2452 1402 licet,
2484 1322 2736 1411 spiritu
2771 1322 3122 1412 sapienti&
3151 1330 3213 1388 et
3244 1321 3652 1389 intellectus.

2358 1653 2574 1720 Intret
2607 1651 3014 1745 postulatio,
3053 1677 3087 1716 ι
3133 1651 3259 1718 Hic
3287 1649 3688 1727 secundum,
3742 1650 3814 1716 in

2270 1781 2409 1849 quo
2464 1759 2629 1851 petit
2688 1759 3022 1827 malorum
3068 1758 3482 1827 amotionem
3529 1757 3613 1825 ab
3654 1756 3814 1825 affc-

2271 1874 2409 1934 ctu.
2482 1866 2621 1935 Scit
2687 1869 2867 1935 enim
2937 1868 3257 1958 quoniam
3306 1865 3502 1933 aliter
3556 1863 3809 1934 habere

2269 1995 2410 2041 non
2439 1975 2687 2065 poterit
2718 1973 3091 2042 intellectus
3120 1974 3618 2064 limpiditatem.
3654 1971 3807 2040 Duo

2269 2103 2433 2172 ergo
2466 2081 2801 2149 dicuntur.
2848 2081 3103 2166 Prin10,
3150 2081 3409 2172 petitio.
3462 2078 3803 2156 Secundo,

2265 2191 2645 2281 persuasio,
2694 2189 2809 2269 ibi,
2856 2197 2921 2266 ἵ.
2979 2191 3097 2257 171
3147 2213 3162 2258 :
3214 2188 3651 2258 Eructabunt
3713 2188 3813 2257 la-

2273 2297 2412 2365 bia.
2448 2322 2482 2361 ι

2364 2402 2440 2474 ln
2496 2406 2716 2497 prima
2762 2406 2920 2474 duo.
2966 2405 3225 2486 Primo,
3286 2407 3455 2497 petit
3502 2406 3697 2497 quasi
3741 2405 3813 2472 in

2269 2513 2568 2607 generali
2614 2514 2772 2582 mali
2814 2516 3254 2583 amotionem.
3294 2513 3637 2594 Secundo,
3673 2535 3814 2581 ma·

2268 2624 2375 2713 gis
2403 2620 2698 2689 declarat
2735 2623 3158 2713 petitionem,
3194 2622 3309 2700 ibi,
3349 2649 3382 2686 α
3417 2622 3811 2691 Secundum

2269 2729 2651 2822 eloquium.
2691 2755 2724 2796 ι

2360 2837 2539 2906 Dicit
2585 2860 2745 2930 ergo
2783 2861 2798 2905 :
2834 2835 2975 2922 Sic,
3028 2838 3341 2918 Domine,
3393 2838 3559 2929 petii
3631 2838 3815 2930 quod

2268 2946 2769 3038 appropinquet
2816 2945 3227 3037 deprecatio,
3279 2968 3431 3037 quae
3494 2954 3596 3013 est
3660 2968 3814 3037 pro·

2268 3053 2415 3145 prie
2450 3051 2792 3144 loquendo
2831 3051 2913 3120 de
2966 3051 3161 3121 bonis
3208 3053 3661 3144 adipiscendis
3696 3076 3711 3120 :
3748 3061 3816 3121 ct

2269 3161 2477 3230 etiam
2510 3185 2543 3226 ι
2580 3158 2962 3252 postulatio
2993 3182 3165 3242 mea,
3204 3186 3237 3227 ι
3272 3160 3354 3229 de
3387 3158 3584 3229 malis
3614 3183 3815 3229 amo-

2267 3268 2533 3344 vendis.
2582 3296 2617 3334 α
2652 3270 2720 3337 in
2761 3280 3116 3361 conspectu
3144 3280 3288 3350 tuo,
3322 3298 3352 3330 ο
3411 3268 3676 3361 supple,
3707 3270 3815 3337 l'a-

2269 3386 2403 3454 cta,
2436 3398 2576 3446 non
2608 3385 2867 3445 tantum
2900 3380 3419 3469 appropinquet.
3455 3377 3569 3445 sed
3606 3378 3811 3446 etiam

2273 3512 2309 3552 α
2359 3487 2584 3555 intret.
2637 3516 2669 3549 »ι
2722 3485 2799 3554 ln
2848 3484 3029 3555 Psal.
3081 3510 3339 3567 xxxvii,
3382 3487 3491 3565 33,
3539 3510 3745 3579 supra
3790 3510 3807 3555 t

2269 3595 2487 3662 Intret
2533 3595 2753 3661 oratio
2801 3615 2951 3661 mea
2998 3593 3068 3660 in
3107 3604 3461 3686 conspectu
3503 3604 3649 3674 tuo,
3712 3596 3813 3662 in·

2270 3700 2458 3769 clina
2533 3723 2768 3769 aurem
2833 3710 3026 3769 tuam
3084 3701 3181 3768 ad
3217 3724 3491 3793 precem
3556 3725 3807 3770 meam.

2273 3807 2654 3877 Postulatio
2685 3815 2908 3876 autem
2939 3816 3042 3876 est
3069 3807 3151 3877 de
3185 3809 3380 3878 malis
3410 3809 3812 3878 amovendis

2269 3915 2544 4007 proprie
2586 3936 2602 3981 t
2646 3912 3010 4005 aliquando
3041 3922 3270 3983 tamen
3319 3924 3419 3983 est
3473 3917 3677 3984 etiam
3726 3915 3812 3984 de

2270 4019 2471 4088 bonis
2519 4018 2989 4110 adipiscendis,
3033 4018 3267 4087 Jacob.
3312 4043 3360 4099 ι,
3413 4023 3453 4089 5
3484 4028 3549 4090 et
3607 4022 3648 4087 6
3682 4044 3697 4089 :
3733 4021 3817 4090 Si

2273 4129 2430 4222 quis
2467 4136 2764 4195 vestrum
2810 4127 3071 4218 indiqet
3104 4129 3472 4219 sapientia,
3508 4128 3815 4221 postulet

2272 4259 2317 4302 a
2368 4236 2598 4303 Deo...
2658 4233 2971 4302 Postulet
3025 4244 3251 4302 autem
3312 4236 3388 4310 in,
3438 4235 3581 4325 fide
3634 4236 3818 4304 nihil

2272 4342 2619 4410 hesitans.
2654 4340 2863 4409 lntrat
2892 4349 3123 4409 autem
3160 4340 3529 4432 postulatio
3560 4342 3810 4435 duplici

2272 4448 2444 4542 pede
2473 4448 2559 4516 ad
2607 4448 2850 4517 Deum.
2887 4447 3140 4518 Dextro
3178 4449 3372 4542 pede,
3416 4450 3691 4543 quando
3739 4452 3813 4520 fit

2273 4580 2430 4627 cum
2478 4556 2812 4627 desiderio
2862 4556 3160 4650 quodam
3217 4568 3653 4629 aeternorum.
3701 4559 3817 4630 Si-

2272 4666 2519 4746 nistro,
2562 4664 2831 4759 quando
2890 4664 2965 4733 fit
3013 4689 3168 4735 cum
3215 4675 3611 4759 contemptu
3650 4677 3821 4737 tem·

2274 4772 2641 4867 poralium.
2677 4771 2867 4841 Sicut
2913 4794 2950 4841 e
2989 4776 3325 4842 contrario
3363 4772 3545 4843 lilius
3582 4775 3819 4867 prodi-

2276 4905 2407 4975 gns
2434 4879 2566 4950 hoc
2595 4880 2762 4973 pede
2805 4879 3056 4971 duplici
3087 4903 3128 4948 a
3154 4882 3269 4973 pio
3307 4891 3500 4974 patre
3528 4905 3602 4952 se
3632 4883 3820 4952 elon·

2277 4989 2489 5081 gavit.

2370 5123 2406 5165 ι
2481 5095 2873 5167 Secundum
2944 5097 3294 5190 eloquium
3370 5108 3599 5179 tuum,
3647 5125 3685 5163 ιι
3748 5099 3820 5167 in

2281 5227 2418 5297 quo
2474 5203 2813 5296 promittis
2870 5201 3000 5273 hoc
3064 5228 3184 5297 per
3234 5202 3638 5295 Prophetas.
3690 5205 3820 5274 Ba-

2280 5309 2476 5391 ruch,
2531 5311 2727 5389 nv,21
2768 5332 2786 5380 z
2822 5311 3141 5384 Clamate
3172 5311 3280 5379 ad
3298 5312 3711 5391 Dominum,
3752 5323 3821 5383 et

2284 5418 2606 5489 liberabit
2649 5442 2786 5488 vos.
2838 5419 3019 5489 Dicit
3074 5419 3255 5488 enim
3312 5418 3580 5505 Glossa,
3631 5419 3818 5513 quod

2294 5556 2326 5594 α
2363 5551 2576 5621 grave
2612 5537 2713 5597 est
2750 5528 3010 5598 luctari
3039 5536 3183 5596 tam
3234 5528 3349 5597 diu
3380 5537 3621 5598 contra
3674 5551 3814 5597 car·

2285 5660 2531 5715 «nem,
2587 5646 2652 5706 et
2704 5636 3108 5705 daemonem.
3143 5663 3176 5698 ιι
3222 5634 3324 5704 Ad
3396 5634 3648 5728 Ephes.
3716 5657 3812 5719 vt,

2290 5741 2369 5808 12
2406 5741 2605 5811 :Non
2659 5748 2758 5809 est
2807 5738 3002 5809 nobis
3041 5739 3437 5809 colluctatio
3492 5740 3819 5808 adversus

3914 1660 4097 1726 uo
