5008 6329
1974 188 2686 262 COMMENTARIUS
2732 191 2831 259 IN
2877 191 3317 261 PSALMUM
3367 190 3674 260 cxvm.

1220 365 1593 451 Postquam
1650 363 1833 428 enim
1890 362 2111 454 tetigit
2168 364 2250 431 de
2315 366 2693 432 cessatione
2731 387 2773 431 a

1221 468 1397 536 malo
1432 469 1683 536 intuitu
1729 470 2015 559 praemii,
2084 472 2440 562 subjungit
2503 471 2587 538 de
2632 492 2771 538 ces·

1221 579 1481 644 satione
1520 577 1770 644 intuitu
1837 577 2050 646 divini
2120 579 2482 668 praecepti:
2558 583 2625 645 et
2662 575 2772 643 di-

1220 692 1464 752 cuntur
1501 682 1663 751 duo.
1700 683 1958 763 Primo,
2015 686 2300 753 miratur
2341 683 2588 750 divinae
2619 684 2767 772 jus-

1219 791 1429 857 sionis
1460 790 1979 860 districtionem.
2036 788 2381 872 SecundO,
2414 790 2771 880 subjungit

1219 896 1809 987 supplicationem,
1884 907 1959 965 ut
2020 896 2215 964 detur
2283 898 2342 964 ei
2427 896 2768 965 custodire

1219 1004 1398 1095 quod
1462 1004 1655 1094 jubet
1707 1005 2069 1079 Dominus,
2140 1011 2206 1070 et
2277 1006 2346 1070 in
2413 1003 2767 1072 custoditis

1220 1136 1673 1204 perseverare,
1700 1114 1820 1196 ibi,
1851 1121 1914 1189 ὴ.
1950 1114 2034 1180 5:
2073 1137 2106 1177 α
2146 1113 2426 1180 Utinam
2457 1113 2770 1203 diriqan·

1218 1233 1351 1290 tur.
1392 1246 1425 1287 ι

1303 1331 1479 1399 Dicit
1516 1348 1723 1421 ergo:
1771 1327 1884 1398 Sic
1924 1330 2034 1397 isti
2090 1352 2231 1398 non
2287 1327 2642 1396 ambulant
2697 1329 2766 1396 in

1212 1440 1340 1506 viis
1378 1439 1539 1516 tuis,
1575 1446 1641 1505 et
1679 1445 1909 1506 tamen
1940 1464 1974 1504 ι
2008 1447 2085 1506 tn
2115 1436 2487 1514 mandasti,
2549 1444 2676 1505 etc.
2726 1463 2761 1499 ιι

1215 1544 1338 1611 Vel
1396 1546 1518 1623 sic,
1561 1544 1933 1612 secundum
2007 1545 2415 1613 divisionem
2481 1543 2761 1626 dictam,

1215 1652 1580 1721 continua:
1627 1649 1755 1730 Qui
1788 1651 2164 1736 ambulant,
2205 1659 2366 1719 sunt
2431 1650 2635 1728 beati,
2698 1657 2766 1718 et

1219 1770 1491 1851 propter
1552 1757 1686 1827 hoc
1749 1756 2126 1838 ambulant,
2203 1765 2272 1825 et
2327 1759 2533 1825 etiam
2603 1757 2766 1849 quia

1228 1894 1259 1930 α
1293 1878 1394 1946 tu,
1466 1893 1501 1930 ιι
1571 1867 1679 1935 cui
1738 1864 2192 1935 obediendum
2258 1867 2478 1957 magis
2555 1886 2764 1956 quam

1219 1974 1393 2042 aliis.
1435 1974 1591 2042 Act.
1651 1997 1722 2058 v,
1764 1975 1889 2042 29:
1964 1974 2246 2065 Oportet
2284 1971 2558 2041 obedire
2583 1974 2759 2057 Dea,

1219 2082 1441 2172 maqis
1467 2104 1680 2173 quam
1707 2079 2120 2149 hominibus.
2155 2081 2263 2158 Et,
2310 2104 2403 2162 w,
2459 2082 2582 2149 19:
2636 2082 2766 2149 I’e·

1216 2201 1362 2257 trus
1391 2212 1545 2259 vero
1574 2198 1640 2257 et
1662 2191 1962 2258 loannes
2014 2188 2509 2281 respondentem,
2562 2186 2767 2255 daz-e-

1213 2305 1374 2364 runt
1403 2295 1501 2365 ad
1519 2319 1654 2375 eos,
1706 2295 1960 2364 scilicet
2012 2295 2098 2364 ad
2146 2296 2484 2387 principes
2534 2316 2766 2362 sacer-

1211 2404 1490 2473 dotum:
1526 2404 1609 2474 Si
1626 2405 1905 2493 justum
1935 2412 2031 2471 est
2087 2405 2158 2471 in
2216 2412 2572 2493 conspectu
2629 2402 2766 2471 Dei

1213 2535 1326 2578 vos
1348 2511 1585 2602 potius
1609 2510 1854 2578 audire
1889 2532 2099 2600 quam
2129 2512 2377 2588 Deum,
2409 2507 2756 2597 judicate.

1216 2646 1249 2684 ι
1280 2622 1375 2688 Tu
1404 2619 1778 2696 mandasti,
1804 2649 1836 2681 ιι
1859 2643 1981 2710 per
2005 2619 2225 2711 legem
2259 2627 2324 2687 et
2352 2615 2759 2709 prophetas:

1230 2757 1257 2792 ι
1288 2727 1623 2795 mandata
1677 2737 1853 2795 tua:
1907 2753 1942 2789 ιι
1995 2749 2132 2795 non
2197 2724 2536 2818 figuralia,
2607 2746 2762 2817 quae

1216 2835 1490 2903 suerunt
1525 2834 1771 2902 umbra
1811 2841 2103 2912 tantum,
2157 2841 2223 2903 ct
2268 2832 2589 2901 dicuntur
2621 2830 2759 2901 lece.

1217 2941 1320 3008 Ad
1351 2939 1561 3010 llebr.
1593 2963 1665 3018 x,
1715 2942 1741 3008 1
1774 2962 1792 3009 ε
1832 2939 2160 3010 Umbram
2197 2939 2455 3008 habens
2486 2941 2602 3010 lex
2645 2941 2766 3030 lu-

1216 3057 1558 3126 tea-orum,
1593 3070 1726 3114 non
1759 3048 1980 3138 ipsam
2005 3046 2376 3136 imaqt‘nem
2399 3069 2422 3114 .·
2453 3068 2581 3115 nec
2609 3068 2768 3137 pro-

1216 3155 1608 3236 hibitiones,
1671 3177 1822 3246 quae
1870 3154 2259 3224 testimonia
2306 3152 2762 3247 appellantur.

1222 3264 1468 3355 Supra,
1514 3265 1584 3333 in
1627 3263 1895 3343 eodem,
1927 3267 2108 3341 22:
2161 3264 2362 3332 Beati
2404 3265 2531 3356 qni
2580 3285 2771 3333 scru-

1219 3380 1459 3440 tantur
1523 3371 1909 3440 testimonia
1959 3369 2137 3461 ejus.
2198 3368 2335 3439 Sed
2401 3368 2762 3449 tumulata,

1217 3500 1366 3569 quae
1392 3478 1542 3548 sine
1578 3478 1769 3547 omni
1798 3477 2137 3547 velamine
2177 3486 2336 3547 sunt
2364 3477 2433 3546 in
2454 3477 2768 3567 jussione

1217 3594 1293 3654 ut
1322 3586 1514 3665 fiant,
1548 3584 1776 3677 qualia
1813 3593 2145 3677 praecepta
2180 3585 2593 3654 affirmantia
2622 3606 2769 3655 mo-

1218 3692 1407 3763 ralia.
1450 3691 1694 3761 Matth.
1765 3715 1855 3769 iv,
1906 3693 2032 3760 ¹0:
2102 3693 2481 3761 Dominum
2539 3695 2768 3762 Deum

1220 3811 1418 3869 tuum
1445 3798 1799 3878 adorabt's,
1838 3810 1903 3868 et
1957 3799 2075 3868 itta·
2133 3799 2273 3867 soli
2305 3801 2623 3869 seroie-³¹.
2683 3798 2770 3867 Et

1217 3906 1409 3991 illud,
1469 3905 1688 3976 Exod.
1756 3929 1874 3987 xx,
1905 3908 1991 3975 8:
2056 3907 2395 3974 Memento
2453 3915 2530 3973 ut
2582 3905 2768 3975 diem

1213 4014 1489 4085 sabbati
1520 4015 1925 4105 sanctifices.
1992 4013 2103 4093 Et,
2171 4013 2451 4084 Deuter.
2518 4036 2617 4094 vi,
2675 4015 2764 4085 5:

1219 4122 1490 4214 Diliges
1554 4122 1934 4193 Dominum
2010 4123 2236 4190 Deum
2318 4130 2544 4202 tuum,
2632 4130 2762 4191 etc.

1217 4256 1252 4299 ι
1297 4231 1649 4302 Custodit-i
1668 4231 1901 4300 nimis.
1935 4255 1971 4297 ι
2006 4229 2160 4299 Νοιι
2189 4237 2382 4299 notat
2410 4230 2770 4323 superflui-

1215 4345 1453 4420 tatem,
1483 4338 1687 4424 sicut,
1725 4335 1948 4407 Eccle.
1989 4359 2111 4417 vn,
2148 4338 2227 4406 Π
2260 4357 2279 4407 :
2338 4365 2373 4401 κ
2408 4336 2572 4407 Noli
2616 4359 2768 4408 esse

1223 4446 1431 4514 nimis
1459 4445 1687 4536 justus
1705 4445 1755 4527 ²,
1787 4469 1823 4511 ι
1882 4443 2256 4515 secundum
2311 4443 2517 4514 aliam
2574 4444 2768 4515 litte-

1217 4575 1412 4622 ram:
1469 4550 1592 4622 sed
1651 4549 2018 4643 diligentiae
2069 4550 2641 4644 magnitudinem,
2692 4553 2764 4621 in

1215 4657 1662 4729 custodiendo
1722 4681 1926 4750 super
1985 4656 2528 4750 magnitudinem
2585 4656 2765 4727 ‹lile-

1217 4768 1463 4838 ctionis
1490 4776 1561 4837 et
1588 4766 2047 4838 exaltationis.
2094 4767 2167 4835 ln
2207 4766 2391 4837 l‘sal.
2432 4789 2760 4850 cxxxviii,

4305 194 4424 260 241

2973 387 3006 427 a
3056 363 3338 430 Utinam
3361 362 3780 452 diriqantur.
3840 387 3873 428 ι
3909 361 4038 431 Hic
4065 362 4426 454 subjungi-

2880 475 2990 535 tur
3019 467 3468 559 supplicatio:
3514 477 3581 536 et
3606 469 3741 538 duo
3771 472 3962 561 petit.
4000 469 4090 538 Ut
4130 469 4326 537 detur
4365 472 4424 536 ei

2880 574 3203 642 mandata
3261 574 3623 652 custodire,
3684 584 3751 644 et
3816 576 3972 646 hoc·
4012 578 4256 668 primo.
4305 578 4426 644 Se·

2877 681 3129 760 cuud0‚
3192 690 3265 750 ut
3314 682 3382 749 in
3432 681 3740 751 custodia
3789 685 4048 775 jugiter
4109 706 4427 774 perseve-
4460 676 4475 692 ⁶

2879 812 3051 872 rare,
3085 788 3206 869 ibi,
3233 791 3302 856 in
3344 790 3568 858 medio
3608 798 3672 867 ᾗ.
3705 792 3745 859 8
3781 815 3795 859 ε
3837 817 3870 858 ι
3904 793 4057 861 Non
4087 813 4194 859 me
4234 792 4426 860 dere-

2883 895 3184 988 linquas.
3224 924 3257 959 n

2966 1003 3046 1070 Iu
3093 1005 3311 1093 prima
3340 1003 3501 1071 duo.
3539 1003 3802 1085 Primo,
3835 1004 4264 1095 supplicatio,
4307 1029 4425 1073 seu

2876 1110 3192 1178 desiderii
3231 1113 3336 1177 sui
3368 1111 3851 1191 manifestatio,
3915 1112 4098 1203 quod
4144 1120 4212 1181 et
4250 1135 4426 1203 quae·

2875 1216 3033 1284 dam
3071 1217 3478 1308 supplicatio
3508 1227 3636 1287 est.
3674 1218 4017 1296 Secundo,
4079 1224 4425 1311 persuasio

2875 1333 2950 1393 ut
3013 1327 3485 1417 acquiescatur
3545 1326 3987 1412 desideranti,
4058 1328 4178 1409 ibi,
4238 1337 4299 1406 5.
4336 1332 4417 1397 7:

2877 1460 2911 1500 ι
2948 1434 3337 1523 Confitebor
3364 1434 3516 1503 tibi.
3565 1462 3600 1498 ιι

2963 1539 3041 1609 ln
3070 1542 3291 1632 prima
3321 1541 3485 1610 duo.
3538 1542 3800 1622 Primo,
3836 1544 4118 1635 exponit
4155 1541 4422 1613 deside-

2873 1649 3078 1716 rium.
3116 1646 3459 1728 Secundo,
3502 1650 3721 1740 tangit
3757 1651 4094 1719 motivum
4125 1650 4212 1719 ad
4240 1651 4422 1719 desi-

2872 1755 3276 1836 derandum,
3337 1757 3458 1836 ibi,
3499 1765 3566 1836 ᾗ.
3600 1759 3695 1827 6:
3742 1784 3776 1824 ι
3822 1760 4007 1828 Tunc
4069 1782 4205 1827 non
4260 1782 4423 1828 con-

2867 1862 3161 1954 fundar.
3208 1888 3241 1929 ιι

2963 1971 3141 2042 Dicit
3169 1995 3333 2064 ergo
3366 1993 3385 2040 ε
3415 1971 3529 2042 Sic
3582 1973 3825 2043 beatus
3853 1982 3979 2056 est,
4014 1975 4129 2067 qui
4170 1976 4423 2044 imma-

2870 2080 3173 2149 culatum
3214 2104 3286 2149 se
3320 2091 3573 2165 servat,
3614 2091 3682 2152 et
3709 2083 4001 2151 custodit
4046 2106 4196 2175 quae
4235 2108 4423 2153 man-

2871 2187 3046 2256 dasti
3077 2188 3402 2257 custodiri
3438 2211 3455 2258 :
3485 2197 3550 2258 et
3577 2189 3730 2259 ideo
3764 2189 3942 2271 dico,
3989 2217 4023 2257 ι
4057 2194 4361 2270 Utinam,
4384 2221 4416 2255 ιι

2870 2293 3286 2363 desiderium
3314 2295 3640 2386 exprimit
3665 2304 3732 2363 et
3759 2295 4218 2378 affectionem,
4255 2327 4287 2361 α
4319 2299 4421 2366 di-

2869 2401 3217 2490 riqantur,
3284 2429 3319 2464 ιι
3387 2425 3426 2470 a
3503 2410 3567 2471 te
3624 2425 3761 2470 non
3819 2402 3906 2471 ab
3971 2403 4133 2487 alio,
4197 2430 4231 2470 ι
4293 2407 4417 2472 via·

2869 2507 3082 2575 meae!
3119 2533 3153 2569 ιι
3214 2506 3300 2573 ad
3331 2506 3549 2598 quid?
3601 2534 3636 2571 α
3671 2506 3770 2575 ad
3793 2509 4275 2578 custodiendas
4291 2509 4418 2600 ju-

2865 2615 3308 2701 stificationes
3336 2623 3517 2682 tuas.
3565 2639 3598 2680 ι
3628 2615 3886 2685 Jerem.
3946 2640 4017 2699 x,
4049 2619 4133 2687 23
4164 2640 4181 2687 t
4224 2621 4406 2697 Scio,

2868 2726 3189 2809 Domine,
3221 2726 3392 2816 quia
3421 2747 3558 2792 non
3585 2735 3684 2792 est
3719 2724 4020 2794 hominis
4067 2727 4181 2795 via
4235 2727 4415 2817 ejus,

2870 2853 2993 2900 nec
3018 2830 3155 2899 viri
3190 2840 3287 2899 est
3344 2839 3421 2899 ut
3455 2829 3793 2917 ambulet,
3832 2843 3898 2901 et
3933 2832 4199 2924 diriqat
4229 2858 4418 2926 qres-

2867 2959 2987 3005 sus
3021 2959 3207 3006 suos.
3250 2935 3582 3006 Proverb.
3624 2960 3766 3018 xvi,
3817 2942 3859 3007 9
3894 2961 3912 3007 z
3959 2941 4092 3010 Cor
4125 2941 4423 3009 hominis

2871 3043 3178 3136 disponit
3199 3044 3388 3112 viam
3414 3066 3656 3112 snam:
3686 3045 3814 3113 sed
3853 3048 4144 3115 Domini
4180 3060 4276 3115 est
4305 3048 4417 3117 di-

2872 3152 3095 3244 riqere
3115 3174 3390 3243 gressus
3412 3151 3593 3243 ejus.
3632 3151 3923 3245 Propter
3959 3152 4091 3224 hoc
4144 3164 4294 3225 orat
4351 3157 4421 3225 in

2872 3257 3056 3328 Psal.
3100 3281 3292 3339 xxvi,
3330 3260 3402 3328 1¹
3446 3281 3464 3327 ε
3514 3258 3757 3330 Deduc
3792 3284 3926 3346 me,
3973 3263 4293 3343 Domine,
4348 3266 4423 3333 in

2871 3368 2988 3437 υἰα
3015 3377 3167 3453 tua,
3190 3376 3256 3435 et
3290 3366 3520 3459 diriqe
3546 3369 3755 3437 mein
3780 3370 4027 3438 semita
4057 3380 4264 3440 recta.
4294 3371 4424 3441 Di-

2873 3473 3120 3566 rigitur
3146 3480 3377 3543 autem
3426 3497 3548 3565 per
3581 3473 4015 3561 charitatem,
4068 3478 4227 3568 quia
4276 3478 4427 3547 Au-

2872 3582 3190 3675 gustinus
3225 3580 3399 3650 dixit
3441 3604 3459 3651 :
3496 3608 3530 3648 ι
3562 3582 3759 3652 Bona
3782 3606 3995 3676 opera
4022 3593 4216 3654 extra
4260 3586 4426 3655 cha-

2877 3716 2912 3759 «
2955 3692 3227 3761 ritatem
3310 3699 3470 3759 sunt
3532 3713 3776 3761 cursus
3865 3700 4059 3761 extra
4132 3694 4319 3762 viam
4401 3715 4418 3764 ε

2877 3823 2912 3866 ι
2953 3820 3219 3878 cursus,
3246 3798 3552 3890 iuquam,
3580 3798 3868 3882 inutilis,
3893 3808 3960 3868 et
3991 3807 4359 3869 tortuosus.
4391 3831 4423 3862 ιι

2872 3903 2903 3972 Ῑ
2941 3904 3030 3974 ad
3066 3902 3377 3974 Corinth.
3419 3926 3565 3989 xm,
3631 3906 3711 3975 1:
3771 3906 3857 3976 Si
3905 3904 4169 3997 linquis
4204 3908 4433 3975 homi-

2869 4035 3042 4082 num
3082 4013 3357 4105 loquar,
3395 4022 3464 4082 et
3518 4012 3973 4104 Angelorum,
4023 4013 4428 4084 charitatem

2872 4128 3108 4190 autem
3135 4142 3274 4190 non
3299 4118 3620 4201 habeam,
3652 4121 3889 4212 lactus
3925 4143 4081 4190 sum
4119 4122 4304 4191 vetut
4337 4146 4429 4191 τε

2871 4249 3153 4305 sonans.
3185 4236 3312 4298 aut
3346 4226 3751 4320 cymbalum
3791 4229 4110 4300 tinniens.

2966 4590 3001 4633 ι
3037 4566 3222 4635 Tunc
3282 4587 3421 4634 non
3466 4563 3886 4655 confundar.
3925 4591 3961 4633 ι
4004 4565 4133 4637 nic
4176 4589 4425 4637 necun-

2874 4673 3064 4753 dum,
3106 4672 3361 4743 scilicet
3387 4672 3560 4742 ratio
3585 4694 3796 4763 quare
3825 4674 4017 4765 petit.

2956 4779 3077 4848 Ait
3113 4780 3350 4848 enim:
3396 4777 3513 4848 Sic
3575 4776 3916 4861 desidero,
3986 4783 4147 4873 quia
4195 4812 4228 4846 «
4264 4806 4415 4852 eum

1228 4878 1329 4957 Π,
1361 4876 1580 4945 intra:
1633 4876 1861 4945 Nimis
1900 4875 2339 4966 hortorificati
2362 4884 2528 4945 sunt
2553 4876 2767 4944 amici
2863 4909 3273 4981 perspexero
3300 4887 3377 4955 in
3411 4884 3733 4955 omnibus
3791 4887 4146 4958 mandatis
4180 4890 4344 4971 tuis,
4384 4919 4416 4953 ιι

1222 4984 1351 5068 tui,
1379 4985 1600 5053 Deus.

1202 5399 1211 5406 -
1286 5442 1307 5481 ¹
1337 5440 1425 5501 Cf.
1458 5443 1705 5503 neuter.
1742 5460 1819 5513 vi,
1860 5442 1948 5504 13.

1284 5535 1310 5570 ¹
1335 5534 1506 5609 vulg.
1539 5534 1742 5604 babet,
1776 5535 1965 5593 Eccle.
1991 5552 2092 5611 vn,
2126 5537 2195 5593 ¹7
2226 5550 2243 5594 t
2276 5536 2407 5594 Noti
2445 5538 2762 5611 “sejustus

1426 5668 1541 5708 &vu

2868 5017 3013 5065 non
3050 4995 3122 5064 in
3161 4992 3504 5085 aliquibus
3531 5000 3828 5075 tantum,
3881 5020 3916 5063 ι
3949 5019 4085 5064 non
4120 5001 4421 5090 consun-

2870 5102 3028 5170 dar.
3071 5126 3107 5168 ι
3140 5098 3315 5179 Imo,
3347 5098 3525 5170 bene
3575 5101 3830 5192 pateris
3889 5102 4212 5171 confundi
4267 5116 4423 5196 post

2870 5206 3355 5277 mandatorum
3391 5205 3521 5277 Dei
3584 5208 4078 5299 inspectionem
4127 5232 4146 5280 :
4190 5209 4419 5304 inspe-

2869 5451 3137 5511 nultum.

4170 5667 4232 5720 w
