<?xml version="1.0" encoding="UTF-8"?>
<!DOCTYPE html PUBLIC "-//W3C//DTD XHTML 1.0 Transitional//EN"
    "http://www.w3.org/TR/xhtml1/DTD/xhtml1-transitional.dtd">
<html xmlns="http://www.w3.org/1999/xhtml" xml:lang="en" lang="en">
 <head>
  <title>
</title>
<meta http-equiv="Content-Type" content="text/html;charset=utf-8" />
  <meta name='ocr-system' content='tesseract 3.04.00' />
  <meta name='ocr-capabilities' content='ocr_page ocr_carea ocr_par ocr_line ocrx_word'/>
</head>
<body>
  <div class='ocr_page' id='page_1' title='image "balbertimagnira02chgoog_0178.png"; bbox 0 0 5008 6329; ppageno 0'>
   <div class='ocr_carea' id='block_1_1' title="bbox 639 299 766 385">
    <p class='ocr_par' dir='ltr' id='par_1_1' title="bbox 639 299 766 385">
     <span class='ocr_line' id='line_1_1' title="bbox 639 299 766 385; baseline 0 -17"><span class='ocrx_word' id='word_1_1' title='bbox 639 299 766 385; x_wconf 61' lang='lat'>168</span> 
     </span>
    </p>
   </div>
   <div class='ocr_carea' id='block_1_2' title="bbox 619 471 2176 2499">
    <p class='ocr_par' dir='ltr' id='par_1_2' title="bbox 622 471 2176 988">
     <span class='ocr_line' id='line_1_2' title="bbox 647 471 2176 543; baseline 0.005 -7"><span class='ocrx_word' id='word_1_2' title='bbox 647 533 650 536; x_wconf 76' lang='grc'><em>,</em></span> <span class='ocrx_word' id='word_1_3' title='bbox 730 495 763 534; x_wconf 75' lang='grc' dir='ltr'><em>α</em></span> <span class='ocrx_word' id='word_1_4' title='bbox 794 472 1146 541; x_wconf 75' lang='lat' dir='ltr'>ludicabit</span> <span class='ocrx_word' id='word_1_5' title='bbox 1187 475 1254 539; x_wconf 81' lang='lat' dir='ltr'>in</span> <span class='ocrx_word' id='word_1_6' title='bbox 1290 471 1708 539; x_wconf 55' lang='lat' dir='ltr'>nationibus</span> <span class='ocrx_word' id='word_1_7' title='bbox 1749 499 1780 538; x_wconf 83' lang='lat'><strong>»</strong></span> <span class='ocrx_word' id='word_1_8' title='bbox 1835 474 1963 542; x_wconf 86' lang='lat' dir='ltr'>Hic</span> <span class='ocrx_word' id='word_1_9' title='bbox 2019 483 2176 543; x_wconf 86' lang='lat' dir='ltr'>tan-</span> 
     </span>
     <span class='ocr_line' id='line_1_3' title="bbox 635 577 2167 666; baseline 0.003 -23"><span class='ocrx_word' id='word_1_10' title='bbox 635 578 818 666; x_wconf 80' lang='lat' dir='ltr'>gitur</span> <span class='ocrx_word' id='word_1_11' title='bbox 871 583 1110 660; x_wconf 89' lang='lat' dir='ltr'>virtus,</span> <span class='ocrx_word' id='word_1_12' title='bbox 1169 577 1277 643; x_wconf 84' lang='lat' dir='ltr'>vel</span> <span class='ocrx_word' id='word_1_13' title='bbox 1322 579 1574 647; x_wconf 86' lang='lat' dir='ltr'>fructus</span> <span class='ocrx_word' id='word_1_14' title='bbox 1623 581 1692 646; x_wconf 93' lang='lat' dir='ltr'>in</span> <span class='ocrx_word' id='word_1_15' title='bbox 1737 580 2167 650; x_wconf 83' lang='lat' dir='ltr'><strong>Gentilibus:</strong></span> 
     </span>
     <span class='ocr_line' id='line_1_4' title="bbox 622 689 2173 782; baseline 0.003 -29"><span class='ocrx_word' id='word_1_16' title='bbox 622 694 701 772; x_wconf 24' lang='lat' dir='ltr'>*et</span> <span class='ocrx_word' id='word_1_17' title='bbox 738 690 1038 778; x_wconf 74' lang='lat' dir='ltr'><strong>tangitur</strong></span> <span class='ocrx_word' id='word_1_18' title='bbox 1089 689 1309 775; x_wconf 90' lang='lat' dir='ltr'>primo</span> <span class='ocrx_word' id='word_1_19' title='bbox 1366 690 1432 754; x_wconf 93' lang='lat' dir='ltr'>in</span> <span class='ocrx_word' id='word_1_20' title='bbox 1478 690 1795 758; x_wconf 90' lang='lat' dir='ltr'>omnibus</span> <span class='ocrx_word' id='word_1_21' title='bbox 1845 691 2173 782; x_wconf 83' lang='lat' dir='ltr'>generali-</span> 
     </span>
     <span class='ocr_line' id='line_1_5' title="bbox 634 792 2168 887; baseline 0.002 -28"><span class='ocrx_word' id='word_1_22' title='bbox 634 800 760 860; x_wconf 97' lang='lat' dir='ltr'>ter.</span> <span class='ocrx_word' id='word_1_23' title='bbox 820 792 1155 870; x_wconf 77' lang='lat' dir='ltr'><strong>Secunde,</strong></span> <span class='ocrx_word' id='word_1_24' title='bbox 1204 794 1270 859; x_wconf 91' lang='lat' dir='ltr'>in</span> <span class='ocrx_word' id='word_1_25' title='bbox 1330 796 1699 884; x_wconf 86' lang='lat' dir='ltr'>majoribus</span> <span class='ocrx_word' id='word_1_26' title='bbox 1757 796 2168 887; x_wconf 73' lang='lat' dir='ltr'>specialiter,</span> 
     </span>
     <span class='ocr_line' id='line_1_6' title="bbox 636 898 1488 988; baseline 0.002 -24"><span class='ocrx_word' id='word_1_27' title='bbox 636 899 754 975; x_wconf 89' lang='lat' dir='ltr'>ibi,</span> <span class='ocrx_word' id='word_1_28' title='bbox 803 922 835 962; x_wconf 71' lang='grc' dir='ltr'><strong>α</strong></span> <span class='ocrx_word' id='word_1_29' title='bbox 900 898 1417 988; x_wconf 82' lang='lat' dir='ltr'>Conquassabit.</span> <span class='ocrx_word' id='word_1_30' title='bbox 1456 927 1488 966; x_wconf 72' lang='lat' dir='ltr'>n</span> 
     </span>
    </p>

    <p class='ocr_par' dir='ltr' id='par_1_3' title="bbox 619 1006 2174 2499">
     <span class='ocr_line' id='line_1_7' title="bbox 725 1006 2173 1094; baseline 0.005 -24"><span class='ocrx_word' id='word_1_31' title='bbox 725 1006 804 1071; x_wconf 91' lang='lat' dir='ltr'>In</span> <span class='ocrx_word' id='word_1_32' title='bbox 875 1006 1094 1094; x_wconf 91' lang='lat' dir='ltr'>prima</span> <span class='ocrx_word' id='word_1_33' title='bbox 1177 1019 1402 1077; x_wconf 87' lang='lat' dir='ltr'>autem</span> <span class='ocrx_word' id='word_1_34' title='bbox 1487 1010 1645 1077; x_wconf 90' lang='lat' dir='ltr'>duo.</span> <span class='ocrx_word' id='word_1_35' title='bbox 1719 1010 1981 1089; x_wconf 82' lang='lat' dir='ltr'>Primo,</span> <span class='ocrx_word' id='word_1_36' title='bbox 2054 1032 2173 1077; x_wconf 92' lang='lat' dir='ltr'>os-</span> 
     </span>
     <span class='ocr_line' id='line_1_8' title="bbox 633 1113 2174 1203; baseline 0.004 -24"><span class='ocrx_word' id='word_1_37' title='bbox 633 1113 850 1191; x_wconf 83' lang='lat' dir='ltr'>tendit</span> <span class='ocrx_word' id='word_1_38' title='bbox 903 1116 1048 1203; x_wconf 86' lang='lat' dir='ltr'>ejus</span> <span class='ocrx_word' id='word_1_39' title='bbox 1096 1117 1469 1185; x_wconf 89' lang='lat' dir='ltr'>dominium</span> <span class='ocrx_word' id='word_1_40' title='bbox 1504 1119 1570 1183; x_wconf 91' lang='lat' dir='ltr'>in</span> <span class='ocrx_word' id='word_1_41' title='bbox 1640 1117 1994 1186; x_wconf 75' lang='lat' dir='ltr'>Gentibus,</span> <span class='ocrx_word' id='word_1_42' title='bbox 2042 1117 2174 1185; x_wconf 88' lang='lat' dir='ltr'>Se-</span> 
     </span>
     <span class='ocr_line' id='line_1_9' title="bbox 633 1221 2165 1305; baseline 0.004 -18"><span class='ocrx_word' id='word_1_43' title='bbox 633 1221 882 1302; x_wconf 90' lang='lat' dir='ltr'>cunde,</span> <span class='ocrx_word' id='word_1_44' title='bbox 919 1224 1170 1292; x_wconf 86' lang='lat' dir='ltr'>fructus</span> <span class='ocrx_word' id='word_1_45' title='bbox 1202 1226 1269 1290; x_wconf 92' lang='lat' dir='ltr'>in</span> <span class='ocrx_word' id='word_1_46' title='bbox 1301 1224 1618 1291; x_wconf 87' lang='lat' dir='ltr'>omnibus</span> <span class='ocrx_word' id='word_1_47' title='bbox 1684 1227 2165 1305; x_wconf 88' lang='lat' dir='ltr'>communiter,</span> 
     </span>
     <span class='ocr_line' id='line_1_10' title="bbox 633 1328 1278 1420; baseline -0.002 -24"><span class='ocrx_word' id='word_1_48' title='bbox 633 1328 752 1410; x_wconf 82' lang='lat' dir='ltr'>ibi,</span> <span class='ocrx_word' id='word_1_49' title='bbox 788 1354 821 1396; x_wconf 77' lang='lat' dir='ltr'>s</span> <span class='ocrx_word' id='word_1_50' title='bbox 861 1329 1207 1420; x_wconf 79' lang='lat' dir='ltr'>Implebit.</span> <span class='ocrx_word' id='word_1_51' title='bbox 1245 1354 1278 1395; x_wconf 65' lang='lat' dir='ltr'>a</span> 
     </span>
     <span class='ocr_line' id='line_1_11' title="bbox 638 1437 2169 1530; baseline 0.004 -29"><span class='ocrx_word' id='word_1_52' title='bbox 638 1479 649 1493; x_wconf 86' lang='lat'><strong>·</strong></span> <span class='ocrx_word' id='word_1_53' title='bbox 721 1437 836 1503; x_wconf 85' lang='lat' dir='ltr'>Ait</span> <span class='ocrx_word' id='word_1_54' title='bbox 854 1437 1046 1504; x_wconf 86' lang='lat' dir='ltr'>enim</span> <span class='ocrx_word' id='word_1_55' title='bbox 1084 1458 1097 1502; x_wconf 75' lang='grc' dir='ltr'>ε</span> <span class='ocrx_word' id='word_1_56' title='bbox 1131 1437 1244 1504; x_wconf 87' lang='lat' dir='ltr'>Sic</span> <span class='ocrx_word' id='word_1_57' title='bbox 1274 1439 1603 1529; x_wconf 80' lang='lat' dir='ltr'>confregit</span> <span class='ocrx_word' id='word_1_58' title='bbox 1634 1462 1824 1530; x_wconf 83' lang='lat' dir='ltr'>reges</span> <span class='ocrx_word' id='word_1_59' title='bbox 1853 1440 1983 1507; x_wconf 90' lang='lat' dir='ltr'>sibi</span> <span class='ocrx_word' id='word_1_60' title='bbox 2013 1462 2169 1509; x_wconf 92' lang='lat' dir='ltr'>con-</span> 
     </span>
     <span class='ocr_line' id='line_1_12' title="bbox 630 1543 2170 1633; baseline 0.004 -24"><span class='ocrx_word' id='word_1_61' title='bbox 630 1543 896 1620; x_wconf 81' lang='lat' dir='ltr'>trariOS,</span> <span class='ocrx_word' id='word_1_62' title='bbox 931 1550 997 1609; x_wconf 90' lang='lat' dir='ltr'>et</span> <span class='ocrx_word' id='word_1_63' title='bbox 1034 1545 1237 1610; x_wconf 89' lang='lat' dir='ltr'>etiam</span> <span class='ocrx_word' id='word_1_64' title='bbox 1281 1545 1693 1633; x_wconf 76' lang='lat' dir='ltr'>«judicabit</span> <span class='ocrx_word' id='word_1_65' title='bbox 1732 1548 1805 1613; x_wconf 84' lang='lat' dir='ltr'>in</span> <span class='ocrx_word' id='word_1_66' title='bbox 1861 1549 2170 1615; x_wconf 81' lang='lat' dir='ltr'>nationi-</span> 
     </span>
     <span class='ocr_line' id='line_1_13' title="bbox 629 1649 2169 1734; baseline 0.005 -18"><span class='ocrx_word' id='word_1_67' title='bbox 629 1649 777 1731; x_wconf 88' lang='lat' dir='ltr'>bus,</span> <span class='ocrx_word' id='word_1_68' title='bbox 815 1673 848 1714; x_wconf 72' lang='lat' dir='ltr'>s</span> <span class='ocrx_word' id='word_1_69' title='bbox 875 1650 1005 1719; x_wconf 89' lang='lat' dir='ltr'>hoc</span> <span class='ocrx_word' id='word_1_70' title='bbox 1036 1660 1160 1731; x_wconf 89' lang='lat' dir='ltr'>est,</span> <span class='ocrx_word' id='word_1_71' title='bbox 1215 1653 1300 1720; x_wconf 92' lang='lat' dir='ltr'>ad</span> <span class='ocrx_word' id='word_1_72' title='bbox 1355 1653 1628 1734; x_wconf 77' lang='lat' dir='ltr'>Gentes,</span> <span class='ocrx_word' id='word_1_73' title='bbox 1678 1663 1752 1722; x_wconf 91' lang='lat' dir='ltr'>ut</span> <span class='ocrx_word' id='word_1_74' title='bbox 1784 1658 1854 1722; x_wconf 91' lang='lat' dir='ltr'>in</span> <span class='ocrx_word' id='word_1_75' title='bbox 1892 1656 2027 1724; x_wconf 92' lang='lat' dir='ltr'>illis</span> <span class='ocrx_word' id='word_1_76' title='bbox 2051 1655 2169 1724; x_wconf 79' lang='lat' dir='ltr'>fiat</span> 
     </span>
     <span class='ocr_line' id='line_1_14' title="bbox 619 1757 2168 1845; baseline 0.005 -22"><span class='ocrx_word' id='word_1_77' title='bbox 619 1757 856 1844; x_wconf 83' lang='lat' dir='ltr'>judex,</span> <span class='ocrx_word' id='word_1_78' title='bbox 892 1761 1223 1829; x_wconf 78' lang='lat' dir='ltr'>transibit.</span> <span class='ocrx_word' id='word_1_79' title='bbox 1261 1760 1388 1828; x_wconf 88' lang='lat' dir='ltr'>lsa.</span> <span class='ocrx_word' id='word_1_80' title='bbox 1436 1784 1593 1845; x_wconf 77' lang='lat' dir='ltr'>xm,</span> <span class='ocrx_word' id='word_1_81' title='bbox 1669 1765 1695 1828; x_wconf 86' lang='lat'><strong>1</strong></span> <span class='ocrx_word' id='word_1_82' title='bbox 1740 1784 1756 1830; x_wconf 89' lang='lat'>:</span> <span class='ocrx_word' id='word_1_83' title='bbox 1808 1763 2168 1831; x_wconf 88' lang='lat' dir='ltr'>Judicium</span> 
     </span>
     <span class='ocr_line' id='line_1_15' title="bbox 631 1866 2169 1960; baseline 0.003 -25"><span class='ocrx_word' id='word_1_84' title='bbox 631 1866 958 1935; x_wconf 79' lang='lat' dir='ltr'>Gentibus</span> <span class='ocrx_word' id='word_1_85' title='bbox 1005 1872 1328 1960; x_wconf 79' lang='lat' dir='ltr'>proferet.</span> <span class='ocrx_word' id='word_1_86' title='bbox 1366 1870 1620 1939; x_wconf 87' lang='lat' dir='ltr'>Jerem.</span> <span class='ocrx_word' id='word_1_87' title='bbox 1670 1894 1862 1953; x_wconf 81' lang='lat' dir='ltr'>xxm,</span> <span class='ocrx_word' id='word_1_88' title='bbox 1906 1875 1946 1940; x_wconf 83' lang='lat'>5</span> <span class='ocrx_word' id='word_1_89' title='bbox 1993 1875 2169 1940; x_wconf 81' lang='lat' dir='ltr'>:Re-</span> 
     </span>
     <span class='ocr_line' id='line_1_16' title="bbox 622 1973 2170 2069; baseline 0.005 -29"><span class='ocrx_word' id='word_1_90' title='bbox 622 1973 869 2065; x_wconf 75' lang='lat' dir='ltr'>qnabit</span> <span class='ocrx_word' id='word_1_91' title='bbox 896 1998 1041 2060; x_wconf 71' lang='lat' dir='ltr'>rex,</span> <span class='ocrx_word' id='word_1_92' title='bbox 1082 1987 1145 2043; x_wconf 90' lang='lat' dir='ltr'>et</span> <span class='ocrx_word' id='word_1_93' title='bbox 1179 1978 1452 2068; x_wconf 84' lang='lat' dir='ltr'>sapiens</span> <span class='ocrx_word' id='word_1_94' title='bbox 1480 1979 1606 2045; x_wconf 85' lang='lat' dir='ltr'>erit</span> <span class='ocrx_word' id='word_1_95' title='bbox 1637 2002 1660 2046; x_wconf 89' lang='lat'><em>:</em></span> <span class='ocrx_word' id='word_1_96' title='bbox 1705 1989 1767 2046; x_wconf 91' lang='lat' dir='ltr'>et</span> <span class='ocrx_word' id='word_1_97' title='bbox 1804 1980 2018 2069; x_wconf 79' lang='lat' dir='ltr'>saciet</span> <span class='ocrx_word' id='word_1_98' title='bbox 2042 1979 2170 2069; x_wconf 83' lang='lat' dir='ltr'>ju·</span> 
     </span>
     <span class='ocr_line' id='line_1_17' title="bbox 625 2083 2162 2175; baseline 0.005 -25"><span class='ocrx_word' id='word_1_99' title='bbox 625 2083 886 2151; x_wconf 79' lang='lat' dir='ltr'>dicium</span> <span class='ocrx_word' id='word_1_100' title='bbox 931 2093 997 2152; x_wconf 85' lang='lat' dir='ltr'>et</span> <span class='ocrx_word' id='word_1_101' title='bbox 1030 2084 1393 2174; x_wconf 84' lang='lat' dir='ltr'>justitiam</span> <span class='ocrx_word' id='word_1_102' title='bbox 1445 2089 1517 2155; x_wconf 88' lang='lat' dir='ltr'>in</span> <span class='ocrx_word' id='word_1_103' title='bbox 1567 2097 1772 2156; x_wconf 85' lang='lat' dir='ltr'>terra.</span> <span class='ocrx_word' id='word_1_104' title='bbox 1823 2089 1930 2170; x_wconf 83' lang='lat' dir='ltr'>Et,</span> <span class='ocrx_word' id='word_1_105' title='bbox 2000 2110 2162 2175; x_wconf 85' lang='lat' dir='ltr'>xxv,</span> 
     </span>
     <span class='ocr_line' id='line_1_18' title="bbox 626 2190 2163 2265; baseline 0.003 -7"><span class='ocrx_word' id='word_1_106' title='bbox 626 2190 705 2258; x_wconf 86' lang='lat'>31</span> <span class='ocrx_word' id='word_1_107' title='bbox 746 2191 1149 2260; x_wconf 86' lang='lat' dir='ltr'>:Judicium</span> <span class='ocrx_word' id='word_1_108' title='bbox 1220 2195 1516 2261; x_wconf 84' lang='lat' dir='ltr'>Domino</span> <span class='ocrx_word' id='word_1_109' title='bbox 1581 2218 1736 2263; x_wconf 90' lang='lat' dir='ltr'>cum</span> <span class='ocrx_word' id='word_1_110' title='bbox 1809 2195 2163 2265; x_wconf 78' lang='lat' dir='ltr'>Gentibus,</span> 
     </span>
     <span class='ocr_line' id='line_1_19' title="bbox 621 2299 2170 2398; baseline 0.006 -32"><span class='ocrx_word' id='word_1_111' title='bbox 621 2299 773 2367; x_wconf 86' lang='lat' dir='ltr'>Act.</span> <span class='ocrx_word' id='word_1_112' title='bbox 809 2323 877 2383; x_wconf 87' lang='lat' dir='ltr'>x,</span> <span class='ocrx_word' id='word_1_113' title='bbox 913 2301 996 2368; x_wconf 66' lang='lat'>45</span> <span class='ocrx_word' id='word_1_114' title='bbox 1033 2324 1048 2369; x_wconf 72' lang='grc' dir='ltr'>ε</span> <span class='ocrx_word' id='word_1_115' title='bbox 1088 2304 1166 2370; x_wconf 87' lang='lat' dir='ltr'>In</span> <span class='ocrx_word' id='word_1_116' title='bbox 1209 2305 1515 2372; x_wconf 83' lang='lat' dir='ltr'>nationes</span> <span class='ocrx_word' id='word_1_117' title='bbox 1566 2308 1804 2396; x_wconf 75' lang='lat' dir='ltr'>qratia</span> <span class='ocrx_word' id='word_1_118' title='bbox 1859 2307 2170 2398; x_wconf 77' lang='lat' dir='ltr'>Spiritus</span> 
     </span>
     <span class='ocr_line' id='line_1_20' title="bbox 620 2408 1239 2499; baseline 0.01 -27"><span class='ocrx_word' id='word_1_119' title='bbox 620 2408 844 2475; x_wconf 87' lang='lat' dir='ltr'>sancti</span> <span class='ocrx_word' id='word_1_120' title='bbox 870 2411 1089 2499; x_wconf 79' lang='lat' dir='ltr'>effusa</span> <span class='ocrx_word' id='word_1_121' title='bbox 1117 2421 1239 2478; x_wconf 87' lang='lat' dir='ltr'>est.</span> 
     </span>
    </p>
   </div>
   <div class='ocr_carea' id='block_1_3' title="bbox 280 2621 2166 2747">
    <p class='ocr_par' dir='ltr' id='par_1_4' title="bbox 280 2621 2166 2747">
     <span class='ocr_line' id='line_1_21' title="bbox 280 2621 2166 2747; baseline 0.008 -64"><span class='ocrx_word' id='word_1_122' title='bbox 280 2633 609 2747; x_wconf 42' lang='lat' dir='ltr'>3233·ss</span> <span class='ocrx_word' id='word_1_123' title='bbox 729 2646 762 2687; x_wconf 85' lang='grc'><strong>«</strong></span> <span class='ocrx_word' id='word_1_124' title='bbox 795 2621 1118 2717; x_wconf 81' lang='lat' dir='ltr'>Implebit</span> <span class='ocrx_word' id='word_1_125' title='bbox 1145 2628 1403 2695; x_wconf 85' lang='lat' dir='ltr'>ruinas.</span> <span class='ocrx_word' id='word_1_126' title='bbox 1449 2657 1482 2688; x_wconf 69' lang='lat' dir='ltr'>n</span> <span class='ocrx_word' id='word_1_127' title='bbox 1545 2628 1717 2698; x_wconf 89' lang='lat' dir='ltr'>Ecce</span> <span class='ocrx_word' id='word_1_128' title='bbox 1764 2629 2166 2699; x_wconf 87' lang='lat' dir='ltr'>secundum.</span> 
     </span>
    </p>
   </div>
   <div class='ocr_carea' id='block_1_4' title="bbox 284 2729 2168 2844">
    <p class='ocr_par' dir='ltr' id='par_1_5' title="bbox 284 2729 2168 2844">
     <span class='ocr_line' id='line_1_22' title="bbox 284 2729 2168 2844; baseline 0.007 -51"><span class='ocrx_word' id='word_1_129' title='bbox 284 2755 401 2844; x_wconf 41' lang='lat' dir='ltr'>urgan·¹</span> <span class='ocrx_word' id='word_1_130' title='bbox 429 2743 607 2844; x_wconf 45' lang='lat' dir='ltr'>20¹2ss-</span> <span class='ocrx_word' id='word_1_131' title='bbox 639 2729 846 2810; x_wconf 86' lang='lat' dir='ltr'>Quasi</span> <span class='ocrx_word' id='word_1_132' title='bbox 875 2732 1172 2801; x_wconf 86' lang='lat' dir='ltr'>diceret:</span> <span class='ocrx_word' id='word_1_133' title='bbox 1226 2734 1338 2803; x_wconf 89' lang='lat' dir='ltr'>Sic</span> <span class='ocrx_word' id='word_1_134' title='bbox 1385 2736 1694 2805; x_wconf 82' lang='lat' dir='ltr'>transibit</span> <span class='ocrx_word' id='word_1_135' title='bbox 1748 2738 1833 2805; x_wconf 86' lang='lat' dir='ltr'>ad</span> <span class='ocrx_word' id='word_1_136' title='bbox 1892 2737 2168 2816; x_wconf 86' lang='lat' dir='ltr'>Gentes,</span> 
     </span>
    </p>
   </div>
   <div class='ocr_carea' id='block_1_5' title="bbox 327 2839 2168 2933">
    <p class='ocr_par' dir='ltr' id='par_1_6' title="bbox 327 2839 2168 2933">
     <span class='ocr_line' id='line_1_23' title="bbox 327 2839 2168 2933; baseline 0.002 -23"><span class='ocrx_word' id='word_1_137' title='bbox 327 2853 571 2910; x_wconf 73' lang='lat' dir='ltr'>selorum·</span> <span class='ocrx_word' id='word_1_138' title='bbox 640 2846 707 2907; x_wconf 86' lang='lat' dir='ltr'>et</span> <span class='ocrx_word' id='word_1_139' title='bbox 745 2839 1138 2931; x_wconf 71' lang='lat' dir='ltr'>«implebit,</span> <span class='ocrx_word' id='word_1_140' title='bbox 1171 2869 1199 2905; x_wconf 76' lang='grc' dir='ltr'><strong>υ</strong></span> <span class='ocrx_word' id='word_1_141' title='bbox 1245 2851 1395 2933; x_wconf 88' lang='lat' dir='ltr'>post</span> <span class='ocrx_word' id='word_1_142' title='bbox 1442 2847 1801 2912; x_wconf 78' lang='lat' dir='ltr'>transitum</span> <span class='ocrx_word' id='word_1_143' title='bbox 1850 2845 1937 2913; x_wconf 88' lang='lat' dir='ltr'>ad</span> <span class='ocrx_word' id='word_1_144' title='bbox 1994 2844 2168 2931; x_wconf 87' lang='lat' dir='ltr'>illas,</span> 
     </span>
    </p>
   </div>
   <div class='ocr_carea' id='block_1_6' title="bbox 624 2949 2185 5090">
    <p class='ocr_par' dir='ltr' id='par_1_7' title="bbox 624 2949 2185 5090">
     <span class='ocr_line' id='line_1_24' title="bbox 645 2949 2168 3034; baseline 0.007 -22"><span class='ocrx_word' id='word_1_145' title='bbox 645 2975 678 3012; x_wconf 89' lang='lat'>«</span> <span class='ocrx_word' id='word_1_146' title='bbox 719 2949 959 3016; x_wconf 88' lang='lat' dir='ltr'>ruinas</span> <span class='ocrx_word' id='word_1_147' title='bbox 987 2949 1299 3029; x_wconf 84' lang='lat' dir='ltr'>illarum,</span> <span class='ocrx_word' id='word_1_148' title='bbox 1345 2976 1378 3016; x_wconf 71' lang='lat' dir='ltr'>s</span> <span class='ocrx_word' id='word_1_149' title='bbox 1430 2952 1492 3018; x_wconf 86' lang='lat' dir='ltr'>i‹l</span> <span class='ocrx_word' id='word_1_150' title='bbox 1551 2961 1676 3033; x_wconf 88' lang='lat' dir='ltr'>est,</span> <span class='ocrx_word' id='word_1_151' title='bbox 1738 2953 2168 3034; x_wconf 82' lang='lat' dir='ltr'>restaurabit,</span> 
     </span>
     <span class='ocr_line' id='line_1_25' title="bbox 628 3057 2171 3153; baseline 0.004 -29"><span class='ocrx_word' id='word_1_152' title='bbox 628 3076 1033 3133; x_wconf 69' lang='lat' dir='ltr'>revocansa</span> <span class='ocrx_word' id='word_1_153' title='bbox 1102 3057 1297 3148; x_wconf 83' lang='lat' dir='ltr'>culpa</span> <span class='ocrx_word' id='word_1_154' title='bbox 1351 3058 1776 3140; x_wconf 69' lang='lat' dir='ltr'>idololatriae,</span> <span class='ocrx_word' id='word_1_155' title='bbox 1835 3062 1906 3129; x_wconf 88' lang='lat' dir='ltr'>in</span> <span class='ocrx_word' id='word_1_156' title='bbox 1962 3083 2171 3153; x_wconf 88' lang='lat' dir='ltr'>quam</span> 
     </span>
     <span class='ocr_line' id='line_1_26' title="bbox 625 3161 2173 3250; baseline 0.004 -17"><span class='ocrx_word' id='word_1_157' title='bbox 625 3161 1033 3236; x_wconf 81' lang='lat' dir='ltr'>ceciderant.</span> <span class='ocrx_word' id='word_1_158' title='bbox 1068 3162 1194 3233; x_wconf 87' lang='lat' dir='ltr'>lsa.</span> <span class='ocrx_word' id='word_1_159' title='bbox 1229 3188 1406 3246; x_wconf 79' lang='lat' dir='ltr'>xmx,</span> <span class='ocrx_word' id='word_1_160' title='bbox 1444 3169 1524 3235; x_wconf 72' lang='lat'>¹¹.»</span> <span class='ocrx_word' id='word_1_161' title='bbox 1559 3191 1576 3237; x_wconf 72' lang='grc' dir='ltr'><strong><em>ε</em></strong></span> <span class='ocrx_word' id='word_1_162' title='bbox 1608 3171 1895 3239; x_wconf 89' lang='lat' dir='ltr'>Deserta</span> <span class='ocrx_word' id='word_1_163' title='bbox 1925 3180 2076 3250; x_wconf 88' lang='lat' dir='ltr'>tua,</span> <span class='ocrx_word' id='word_1_164' title='bbox 2110 3181 2173 3239; x_wconf 90' lang='lat' dir='ltr'>et</span> 
     </span>
     <span class='ocr_line' id='line_1_27' title="bbox 624 3267 2174 3357; baseline 0.006 -21"><span class='ocrx_word' id='word_1_165' title='bbox 624 3267 1033 3337; x_wconf 78' lang='lat' dir='ltr'>solitudines</span> <span class='ocrx_word' id='word_1_166' title='bbox 1061 3280 1216 3347; x_wconf 63' lang='grc' dir='ltr'>ωε,</span> <span class='ocrx_word' id='word_1_167' title='bbox 1259 3283 1324 3341; x_wconf 89' lang='lat' dir='ltr'>et</span> <span class='ocrx_word' id='word_1_168' title='bbox 1360 3281 1538 3341; x_wconf 81' lang='lat' dir='ltr'>terra</span> <span class='ocrx_word' id='word_1_169' title='bbox 1568 3276 1786 3341; x_wconf 66' lang='lat' dir='ltr'>ruina!</span> <span class='ocrx_word' id='word_1_170' title='bbox 1807 3286 1966 3357; x_wconf 77' lang='lat' dir='ltr'>tuae,</span> <span class='ocrx_word' id='word_1_171' title='bbox 1989 3298 2174 3345; x_wconf 73' lang='lat' dir='ltr'>riuezc</span> 
     </span>
     <span class='ocr_line' id='line_1_28' title="bbox 627 3379 2172 3469; baseline 0.003 -25"><span class='ocrx_word' id='word_1_172' title='bbox 627 3385 927 3465; x_wconf 78' lang='lat' dir='ltr'>anqusta</span> <span class='ocrx_word' id='word_1_173' title='bbox 954 3387 1152 3444; x_wconf 87' lang='lat' dir='ltr'>erunt</span> <span class='ocrx_word' id='word_1_174' title='bbox 1181 3402 1326 3469; x_wconf 75' lang='lat' dir='ltr'>prae</span> <span class='ocrx_word' id='word_1_175' title='bbox 1358 3379 1904 3450; x_wconf 74' lang='lat' dir='ltr'>habitatoribus:</span> <span class='ocrx_word' id='word_1_176' title='bbox 1929 3391 1994 3451; x_wconf 89' lang='lat' dir='ltr'>et</span> <span class='ocrx_word' id='word_1_177' title='bbox 2027 3380 2172 3450; x_wconf 85' lang='lat' dir='ltr'>lon-</span> 
     </span>
     <span class='ocr_line' id='line_1_29' title="bbox 625 3480 2167 3576; baseline 0.004 -26"><span class='ocrx_word' id='word_1_178' title='bbox 625 3505 712 3574; x_wconf 77' lang='lat' dir='ltr'>qe</span> <span class='ocrx_word' id='word_1_179' title='bbox 752 3480 1194 3573; x_wconf 76' lang='lat' dir='ltr'>luqabuntur</span> <span class='ocrx_word' id='word_1_180' title='bbox 1230 3489 1352 3576; x_wconf 78' lang='lat' dir='ltr'>qui</span> <span class='ocrx_word' id='word_1_181' title='bbox 1402 3486 1851 3556; x_wconf 88' lang='lat' dir='ltr'>absorbebant</span> <span class='ocrx_word' id='word_1_182' title='bbox 1914 3500 2001 3559; x_wconf 86' lang='lat' dir='ltr'>te.</span> <span class='ocrx_word' id='word_1_183' title='bbox 2058 3488 2167 3575; x_wconf 81' lang='lat' dir='ltr'>Et,</span> 
     </span>
     <span class='ocr_line' id='line_1_30' title="bbox 628 3593 2169 3684; baseline 0.007 -24"><span class='ocrx_word' id='word_1_184' title='bbox 628 3613 716 3673; x_wconf 76' lang='lat' dir='ltr'>u,</span> <span class='ocrx_word' id='word_1_185' title='bbox 745 3593 818 3662; x_wconf 86' lang='lat'>3:</span> <span class='ocrx_word' id='word_1_186' title='bbox 845 3594 1327 3663; x_wconf 83' lang='lat' dir='ltr'>Consolabitur</span> <span class='ocrx_word' id='word_1_187' title='bbox 1359 3599 1690 3665; x_wconf 81' lang='lat' dir='ltr'>Dominus</span> <span class='ocrx_word' id='word_1_188' title='bbox 1718 3599 1914 3684; x_wconf 84' lang='lat' dir='ltr'>Sion,</span> <span class='ocrx_word' id='word_1_189' title='bbox 1944 3597 2169 3671; x_wconf 73' lang='lat' dir='ltr'>Eccle-</span> 
     </span>
     <span class='ocr_line' id='line_1_31' title="bbox 630 3697 2175 3798; baseline 0.006 -34"><span class='ocrx_word' id='word_1_190' title='bbox 630 3697 802 3781; x_wconf 76' lang='lat' dir='ltr'>siam</span> <span class='ocrx_word' id='word_1_191' title='bbox 840 3697 1117 3782; x_wconf 87' lang='lat' dir='ltr'>scilicet,</span> <span class='ocrx_word' id='word_1_192' title='bbox 1159 3711 1222 3769; x_wconf 88' lang='lat' dir='ltr'>et</span> <span class='ocrx_word' id='word_1_193' title='bbox 1263 3724 1489 3769; x_wconf 86' lang='lat' dir='ltr'>omnes</span> <span class='ocrx_word' id='word_1_194' title='bbox 1518 3704 1758 3771; x_wconf 82' lang='lat' dir='ltr'>ruinas</span> <span class='ocrx_word' id='word_1_195' title='bbox 1784 3705 1942 3795; x_wconf 82' lang='lat' dir='ltr'>ejus</span> <span class='ocrx_word' id='word_1_196' title='bbox 1968 3728 2175 3798; x_wconf 83' lang='lat' dir='ltr'>repa-</span> 
     </span>
     <span class='ocr_line' id='line_1_32' title="bbox 631 3801 2176 3903; baseline 0.007 -33"><span class='ocrx_word' id='word_1_197' title='bbox 631 3801 841 3890; x_wconf 69' lang='lat' dir='ltr'>rabit,</span> <span class='ocrx_word' id='word_1_198' title='bbox 882 3803 1145 3897; x_wconf 81' lang='lat' dir='ltr'>supple,</span> <span class='ocrx_word' id='word_1_199' title='bbox 1175 3815 1244 3874; x_wconf 88' lang='lat' dir='ltr'>et</span> <span class='ocrx_word' id='word_1_200' title='bbox 1305 3808 1372 3874; x_wconf 91' lang='lat' dir='ltr'>in</span> <span class='ocrx_word' id='word_1_201' title='bbox 1427 3808 1890 3901; x_wconf 86' lang='lat' dir='ltr'>triumphante</span> <span class='ocrx_word' id='word_1_202' title='bbox 1949 3833 2176 3903; x_wconf 85' lang='lat' dir='ltr'>quan-</span> 
     </span>
     <span class='ocr_line' id='line_1_33' title="bbox 633 3910 2176 4011; baseline 0.005 -31"><span class='ocrx_word' id='word_1_203' title='bbox 633 3918 780 3980; x_wconf 87' lang='lat' dir='ltr'>tum</span> <span class='ocrx_word' id='word_1_204' title='bbox 818 3910 905 3979; x_wconf 88' lang='lat' dir='ltr'>ad</span> <span class='ocrx_word' id='word_1_205' title='bbox 949 3912 1275 4002; x_wconf 81' lang='lat' dir='ltr'>Angelos,</span> <span class='ocrx_word' id='word_1_206' title='bbox 1335 3923 1401 3983; x_wconf 92' lang='lat' dir='ltr'>et</span> <span class='ocrx_word' id='word_1_207' title='bbox 1440 3918 1507 3984; x_wconf 90' lang='lat' dir='ltr'>in</span> <span class='ocrx_word' id='word_1_208' title='bbox 1571 3916 1901 3987; x_wconf 80' lang='lat' dir='ltr'>militante</span> <span class='ocrx_word' id='word_1_209' title='bbox 1950 3941 2176 4011; x_wconf 87' lang='lat' dir='ltr'>quan-</span> 
     </span>
     <span class='ocr_line' id='line_1_34' title="bbox 636 4018 2178 4096; baseline 0.006 -10"><span class='ocrx_word' id='word_1_210' title='bbox 636 4026 782 4087; x_wconf 87' lang='lat' dir='ltr'>tum</span> <span class='ocrx_word' id='word_1_211' title='bbox 811 4018 897 4087; x_wconf 83' lang='lat' dir='ltr'>ad</span> <span class='ocrx_word' id='word_1_212' title='bbox 925 4018 1238 4089; x_wconf 84' lang='lat' dir='ltr'>homines</span> <span class='ocrx_word' id='word_1_213' title='bbox 1270 4044 1286 4089; x_wconf 88' lang='lat'>:</span> <span class='ocrx_word' id='word_1_214' title='bbox 1331 4032 1548 4092; x_wconf 87' lang='lat' dir='ltr'>totum</span> <span class='ocrx_word' id='word_1_215' title='bbox 1589 4027 1773 4095; x_wconf 89' lang='lat' dir='ltr'>enim</span> <span class='ocrx_word' id='word_1_216' title='bbox 1804 4035 1961 4095; x_wconf 87' lang='lat' dir='ltr'>ante</span> <span class='ocrx_word' id='word_1_217' title='bbox 2028 4028 2178 4096; x_wconf 90' lang='lat' dir='ltr'>rui-</span> 
     </span>
     <span class='ocr_line' id='line_1_35' title="bbox 636 4126 2179 4209; baseline 0.007 -15"><span class='ocrx_word' id='word_1_218' title='bbox 636 4146 882 4194; x_wconf 83' lang='lat' dir='ltr'>nosum</span> <span class='ocrx_word' id='word_1_219' title='bbox 914 4135 1078 4194; x_wconf 88' lang='lat' dir='ltr'>erat.</span> <span class='ocrx_word' id='word_1_220' title='bbox 1124 4126 1252 4196; x_wconf 87' lang='lat' dir='ltr'>lsa.</span> <span class='ocrx_word' id='word_1_221' title='bbox 1286 4151 1382 4209; x_wconf 84' lang='grc' dir='ltr'>ιιι,</span> <span class='ocrx_word' id='word_1_222' title='bbox 1416 4135 1457 4197; x_wconf 83' lang='grc'><strong>8</strong></span> <span class='ocrx_word' id='word_1_223' title='bbox 1486 4154 1502 4198; x_wconf 88' lang='lat'>:</span> <span class='ocrx_word' id='word_1_224' title='bbox 1537 4133 1708 4200; x_wconf 80' lang='lat' dir='ltr'>Iluit</span> <span class='ocrx_word' id='word_1_225' title='bbox 1734 4135 1913 4201; x_wconf 86' lang='lat' dir='ltr'>enim</span> <span class='ocrx_word' id='word_1_226' title='bbox 1965 4138 2179 4204; x_wconf 83' lang='lat' dir='ltr'>Jeru-</span> 
     </span>
     <span class='ocr_line' id='line_1_36' title="bbox 633 4232 2175 4331; baseline 0.005 -29"><span class='ocrx_word' id='word_1_227' title='bbox 633 4232 878 4313; x_wconf 84' lang='lat' dir='ltr'>salem,</span> <span class='ocrx_word' id='word_1_228' title='bbox 927 4245 992 4302; x_wconf 88' lang='lat' dir='ltr'>et</span> <span class='ocrx_word' id='word_1_229' title='bbox 1020 4235 1242 4303; x_wconf 77' lang='lat' dir='ltr'>ludas</span> <span class='ocrx_word' id='word_1_230' title='bbox 1286 4238 1596 4307; x_wconf 78' lang='lat' dir='ltr'>emecidit.</span> <span class='ocrx_word' id='word_1_231' title='bbox 1652 4238 1918 4331; x_wconf 79' lang='lat' dir='ltr'>,Implet</span> <span class='ocrx_word' id='word_1_232' title='bbox 1967 4244 2175 4312; x_wconf 88' lang='lat' dir='ltr'>etiam</span> 
     </span>
     <span class='ocr_line' id='line_1_37' title="bbox 637 4340 2181 4438; baseline 0.005 -28"><span class='ocrx_word' id='word_1_233' title='bbox 637 4340 870 4411; x_wconf 83' lang='lat' dir='ltr'>ruinas</span> <span class='ocrx_word' id='word_1_234' title='bbox 903 4341 1273 4410; x_wconf 84' lang='lat' dir='ltr'>secundum</span> <span class='ocrx_word' id='word_1_235' title='bbox 1334 4342 1672 4425; x_wconf 87' lang='lat' dir='ltr'>Glossam,</span> <span class='ocrx_word' id='word_1_236' title='bbox 1731 4348 1892 4438; x_wconf 89' lang='lat' dir='ltr'>quia</span> <span class='ocrx_word' id='word_1_237' title='bbox 1943 4347 2181 4418; x_wconf 89' lang='lat' dir='ltr'>humi-</span> 
     </span>
     <span class='ocr_line' id='line_1_38' title="bbox 637 4446 2179 4550; baseline 0.006 -34"><span class='ocrx_word' id='word_1_238' title='bbox 637 4446 842 4535; x_wconf 82' lang='lat' dir='ltr'>libus,</span> <span class='ocrx_word' id='word_1_239' title='bbox 908 4456 976 4517; x_wconf 91' lang='lat' dir='ltr'>et</span> <span class='ocrx_word' id='word_1_240' title='bbox 1027 4472 1147 4541; x_wconf 88' lang='lat' dir='ltr'>per</span> <span class='ocrx_word' id='word_1_241' title='bbox 1210 4449 1662 4522; x_wconf 86' lang='lat' dir='ltr'>humilitatem</span> <span class='ocrx_word' id='word_1_242' title='bbox 1726 4478 1960 4525; x_wconf 88' lang='lat' dir='ltr'>coram</span> <span class='ocrx_word' id='word_1_243' title='bbox 2026 4459 2179 4550; x_wconf 85' lang='lat' dir='ltr'>ipso</span> 
     </span>
     <span class='ocr_line' id='line_1_39' title="bbox 636 4555 2175 4651; baseline 0.007 -27"><span class='ocrx_word' id='word_1_244' title='bbox 636 4555 1022 4640; x_wconf 86' lang='lat' dir='ltr'>ruentibus,</span> <span class='ocrx_word' id='word_1_245' title='bbox 1127 4557 1239 4627; x_wconf 86' lang='lat' dir='ltr'>dat</span> <span class='ocrx_word' id='word_1_246' title='bbox 1329 4561 1560 4651; x_wconf 80' lang='lat' dir='ltr'>gratiae</span> <span class='ocrx_word' id='word_1_247' title='bbox 1643 4561 2175 4635; x_wconf 86' lang='lat' dir='ltr'>abundantiam.</span> 
     </span>
     <span class='ocr_line' id='line_1_40' title="bbox 637 4663 2179 4767; baseline 0.005 -31"><span class='ocrx_word' id='word_1_248' title='bbox 637 4663 735 4736; x_wconf 85' lang='lat' dir='ltr'>lv</span> <span class='ocrx_word' id='word_1_249' title='bbox 772 4666 941 4758; x_wconf 77' lang='lat' dir='ltr'>neg.</span> <span class='ocrx_word' id='word_1_250' title='bbox 976 4688 1070 4747; x_wconf 74' lang='lat' dir='ltr'>tv,</span> <span class='ocrx_word' id='word_1_251' title='bbox 1111 4670 1152 4736; x_wconf 81' lang='lat'><strong>3</strong></span> <span class='ocrx_word' id='word_1_252' title='bbox 1188 4677 1255 4737; x_wconf 91' lang='lat' dir='ltr'>et</span> <span class='ocrx_word' id='word_1_253' title='bbox 1285 4692 1462 4761; x_wconf 64' lang='lat' dir='ltr'>seq„</span> <span class='ocrx_word' id='word_1_254' title='bbox 1496 4694 1658 4739; x_wconf 77' lang='lat' dir='ltr'>vasa</span> <span class='ocrx_word' id='word_1_255' title='bbox 1687 4695 1903 4743; x_wconf 84' lang='lat' dir='ltr'>vacua</span> <span class='ocrx_word' id='word_1_256' title='bbox 1943 4675 2179 4767; x_wconf 87' lang='lat' dir='ltr'>implet</span> 
     </span>
     <span class='ocr_line' id='line_1_41' title="bbox 640 4771 2178 4855; baseline 0.007 -14"><span class='ocrx_word' id='word_1_257' title='bbox 640 4771 794 4843; x_wconf 90' lang='lat' dir='ltr'>oleo</span> <span class='ocrx_word' id='word_1_258' title='bbox 816 4772 1100 4842; x_wconf 83' lang='lat' dir='ltr'>Eliseus.</span> <span class='ocrx_word' id='word_1_259' title='bbox 1130 4773 1153 4842; x_wconf 93' lang='lat' dir='ltr'>l</span> <span class='ocrx_word' id='word_1_260' title='bbox 1189 4773 1368 4846; x_wconf 79' lang='lat' dir='ltr'>l‘etr.</span> <span class='ocrx_word' id='word_1_261' title='bbox 1402 4800 1470 4855; x_wconf 74' lang='lat' dir='ltr'>v,</span> <span class='ocrx_word' id='word_1_262' title='bbox 1503 4779 1544 4846; x_wconf 83' lang='lat'>5</span> <span class='ocrx_word' id='word_1_263' title='bbox 1578 4800 1594 4845; x_wconf 92' lang='lat'>:</span> <span class='ocrx_word' id='word_1_264' title='bbox 1627 4780 2037 4850; x_wconf 74' lang='lat' dir='ltr'>Ilutnilibus</span> <span class='ocrx_word' id='word_1_265' title='bbox 2056 4805 2178 4851; x_wconf 86' lang='lat' dir='ltr'>au·</span> 
     </span>
     <span class='ocr_line' id='line_1_42' title="bbox 644 4880 2185 4972; baseline 0.006 -23"><span class='ocrx_word' id='word_1_266' title='bbox 644 4889 778 4949; x_wconf 87' lang='lat' dir='ltr'>tem</span> <span class='ocrx_word' id='word_1_267' title='bbox 806 4880 929 4951; x_wconf 86' lang='lat' dir='ltr'>dat</span> <span class='ocrx_word' id='word_1_268' title='bbox 986 4884 1314 4972; x_wconf 78' lang='lat' dir='ltr'>qratiam.</span> <span class='ocrx_word' id='word_1_269' title='bbox 1341 4884 1498 4965; x_wconf 75' lang='lat' dir='ltr'>sub,</span> <span class='ocrx_word' id='word_1_270' title='bbox 1548 4909 1643 4967; x_wconf 74' lang='lat' dir='ltr'>xi,</span> <span class='ocrx_word' id='word_1_271' title='bbox 1691 4889 1821 4957; x_wconf 76' lang='lat'>17:</span> <span class='ocrx_word' id='word_1_272' title='bbox 1899 4892 2076 4960; x_wconf 86' lang='lat' dir='ltr'>Cum</span> <span class='ocrx_word' id='word_1_273' title='bbox 2120 4898 2185 4958; x_wconf 87' lang='lat' dir='ltr'>te</span> 
     </span>
     <span class='ocr_line' id='line_1_43' title="bbox 635 4994 2179 5090; baseline 0.006 -32"><span class='ocrx_word' id='word_1_274' title='bbox 635 5001 1120 5083; x_wconf 81' lang='lat' dir='ltr'>consumptum</span> <span class='ocrx_word' id='word_1_275' title='bbox 1134 4994 1510 5084; x_wconf 75' lang='lat' dir='ltr'>putaveris,</span> <span class='ocrx_word' id='word_1_276' title='bbox 1528 4995 1768 5065; x_wconf 87' lang='lat' dir='ltr'>orieris</span> <span class='ocrx_word' id='word_1_277' title='bbox 1797 5009 1874 5066; x_wconf 86' lang='lat' dir='ltr'>ut</span> <span class='ocrx_word' id='word_1_278' title='bbox 1905 4998 2179 5090; x_wconf 75' lang='lat' dir='ltr'>lucifer.</span> 
     </span>
    </p>
   </div>
   <div class='ocr_carea' id='block_1_7' title="bbox 633 5172 2189 5399">
    <p class='ocr_par' dir='ltr' id='par_1_8' title="bbox 633 5172 2189 5399">
     <span class='ocr_line' id='line_1_44' title="bbox 633 5172 2189 5297; baseline 0.01 -30"><span class='ocrx_word' id='word_1_279' title='bbox 633 5172 651 5242; x_wconf 79' lang='lat'>.‘</span> <span class='ocrx_word' id='word_1_280' title='bbox 745 5232 780 5268; x_wconf 68' lang='lat' dir='ltr'>a</span> <span class='ocrx_word' id='word_1_281' title='bbox 816 5205 1331 5297; x_wconf 84' lang='lat' dir='ltr'>Conquassabit.</span> <span class='ocrx_word' id='word_1_282' title='bbox 1366 5232 1402 5275; x_wconf 70' lang='grc' dir='ltr'><strong>ι</strong></span> <span class='ocrx_word' id='word_1_283' title='bbox 1437 5207 1606 5279; x_wconf 83' lang='lat' dir='ltr'>Ecce</span> <span class='ocrx_word' id='word_1_284' title='bbox 1653 5211 1991 5280; x_wconf 85' lang='lat' dir='ltr'>secundus</span> <span class='ocrx_word' id='word_1_285' title='bbox 2047 5213 2189 5281; x_wconf 80' lang='lat' dir='ltr'>frn-</span> 
     </span>
     <span class='ocr_line' id='line_1_45' title="bbox 649 5312 2189 5399; baseline 0.006 -18"><span class='ocrx_word' id='word_1_286' title='bbox 649 5321 798 5381; x_wconf 87' lang='lat' dir='ltr'>ctus</span> <span class='ocrx_word' id='word_1_287' title='bbox 864 5314 934 5380; x_wconf 94' lang='lat' dir='ltr'>in</span> <span class='ocrx_word' id='word_1_288' title='bbox 998 5312 1346 5384; x_wconf 84' lang='lat' dir='ltr'>Gentibus.</span> <span class='ocrx_word' id='word_1_289' title='bbox 1418 5316 1624 5399; x_wconf 82' lang='lat' dir='ltr'>Quasi</span> <span class='ocrx_word' id='word_1_290' title='bbox 1704 5317 2010 5392; x_wconf 86' lang='lat' dir='ltr'>diceret:</span> <span class='ocrx_word' id='word_1_291' title='bbox 2073 5320 2189 5390; x_wconf 89' lang='lat' dir='ltr'>Sic</span> 
     </span>
    </p>
   </div>
   <div class='ocr_carea' id='block_1_8' title="bbox 1620 303 2840 402">
    <p class='ocr_par' dir='ltr' id='par_1_9' title="bbox 1620 303 2840 402">
     <span class='ocr_line' id='line_1_46' title="bbox 1620 303 2840 402; baseline 0.009 -33"><span class='ocrx_word' id='word_1_292' title='bbox 1620 303 1706 369; x_wconf 88' lang='lat' dir='ltr'>D.</span> <span class='ocrx_word' id='word_1_293' title='bbox 1758 303 1958 376; x_wconf 78' lang='lat' dir='ltr'>ALB,</span> <span class='ocrx_word' id='word_1_294' title='bbox 2012 303 2230 372; x_wconf 79' lang='lat' dir='ltr'>MAG.</span> <span class='ocrx_word' id='word_1_295' title='bbox 2285 305 2488 374; x_wconf 78' lang='lat' dir='ltr'>om).</span> <span class='ocrx_word' id='word_1_296' title='bbox 2543 309 2840 402; x_wconf 77' lang='lat' dir='ltr'>PRAED.</span> 
     </span>
    </p>
   </div>
   <div class='ocr_carea' id='block_1_9' title="bbox 2278 476 3841 1976">
    <p class='ocr_par' dir='ltr' id='par_1_10' title="bbox 2278 476 3841 1976">
     <span class='ocr_line' id='line_1_47' title="bbox 2287 476 3833 572; baseline 0.012 -30"><span class='ocrx_word' id='word_1_297' title='bbox 2287 476 2521 567; x_wconf 91' lang='lat' dir='ltr'>plebit‚</span> <span class='ocrx_word' id='word_1_298' title='bbox 2558 487 2622 546; x_wconf 91' lang='lat' dir='ltr'>et</span> <span class='ocrx_word' id='word_1_299' title='bbox 2653 505 2687 544; x_wconf 71' lang='grc' dir='ltr'><strong>α</strong></span> <span class='ocrx_word' id='word_1_300' title='bbox 2730 487 3239 572; x_wconf 83' lang='lat' dir='ltr'>conquassabit,</span> <span class='ocrx_word' id='word_1_301' title='bbox 3288 514 3320 554; x_wconf 66' lang='grc' dir='ltr'><strong><em>ι</em></strong></span> <span class='ocrx_word' id='word_1_302' title='bbox 3382 491 3833 571; x_wconf 80' lang='lat' dir='ltr'>humiliando,</span> 
     </span>
     <span class='ocr_line' id='line_1_48' title="bbox 2292 588 3840 690; baseline 0.013 -44"><span class='ocrx_word' id='word_1_303' title='bbox 2292 611 2325 645; x_wconf 76' lang='grc' dir='ltr'>(ι</span> <span class='ocrx_word' id='word_1_304' title='bbox 2368 588 2598 677; x_wconf 86' lang='lat' dir='ltr'>capita</span> <span class='ocrx_word' id='word_1_305' title='bbox 2630 589 3040 677; x_wconf 86' lang='lat' dir='ltr'>multorum,</span> <span class='ocrx_word' id='word_1_306' title='bbox 3101 619 3133 658; x_wconf 87' lang='lat'>»</span> <span class='ocrx_word' id='word_1_307' title='bbox 3169 597 3359 684; x_wconf 88' lang='lat' dir='ltr'>prius</span> <span class='ocrx_word' id='word_1_308' title='bbox 3406 622 3525 687; x_wconf 92' lang='lat' dir='ltr'>per</span> <span class='ocrx_word' id='word_1_309' title='bbox 3598 623 3840 690; x_wconf 86' lang='lat' dir='ltr'>super-</span> 
     </span>
     <span class='ocr_line' id='line_1_49' title="bbox 2286 693 3841 790; baseline 0.01 -32"><span class='ocrx_word' id='word_1_310' title='bbox 2286 693 2468 761; x_wconf 86' lang='lat' dir='ltr'>biam</span> <span class='ocrx_word' id='word_1_311' title='bbox 2510 706 2753 766; x_wconf 89' lang='lat' dir='ltr'>erecta.</span> <span class='ocrx_word' id='word_1_312' title='bbox 2794 699 2976 772; x_wconf 89' lang='lat' dir='ltr'>Psal.</span> <span class='ocrx_word' id='word_1_313' title='bbox 3038 726 3274 790; x_wconf 80' lang='lat' dir='ltr'>Lxxm,</span> <span class='ocrx_word' id='word_1_314' title='bbox 3352 707 3434 772; x_wconf 65' lang='lat'>14</span> <span class='ocrx_word' id='word_1_315' title='bbox 3479 729 3493 771; x_wconf 72' lang='grc' dir='ltr'>ε</span> <span class='ocrx_word' id='word_1_316' title='bbox 3538 710 3635 774; x_wconf 79' lang='lat' dir='ltr'>Tu</span> <span class='ocrx_word' id='word_1_317' title='bbox 3691 732 3841 773; x_wconf 88' lang='lat' dir='ltr'>eon-</span> 
     </span>
     <span class='ocr_line' id='line_1_50' title="bbox 2283 803 3840 903; baseline 0.01 -37"><span class='ocrx_word' id='word_1_318' title='bbox 2283 803 2561 891; x_wconf 76' lang='lat' dir='ltr'>sreqisti</span> <span class='ocrx_word' id='word_1_319' title='bbox 2597 807 2831 896; x_wconf 87' lang='lat' dir='ltr'>capita</span> <span class='ocrx_word' id='word_1_320' title='bbox 2861 809 3208 890; x_wconf 84' lang='lat' dir='ltr'>draconis,</span> <span class='ocrx_word' id='word_1_321' title='bbox 3254 814 3584 903; x_wconf 87' lang='lat' dir='ltr'>superbos</span> <span class='ocrx_word' id='word_1_322' title='bbox 3614 823 3679 881; x_wconf 88' lang='lat' dir='ltr'>et</span> <span class='ocrx_word' id='word_1_323' title='bbox 3708 813 3840 881; x_wconf 90' lang='lat' dir='ltr'>ela-</span> 
     </span>
     <span class='ocr_line' id='line_1_51' title="bbox 2285 912 3831 1009; baseline 0.011 -36"><span class='ocrx_word' id='word_1_324' title='bbox 2285 914 2416 990; x_wconf 87' lang='lat' dir='ltr'>tos,</span> <span class='ocrx_word' id='word_1_325' title='bbox 2460 912 2767 999; x_wconf 89' lang='lat' dir='ltr'>quisunt</span> <span class='ocrx_word' id='word_1_326' title='bbox 2805 918 2952 1003; x_wconf 88' lang='lat' dir='ltr'>ejus</span> <span class='ocrx_word' id='word_1_327' title='bbox 3002 923 3251 1009; x_wconf 87' lang='lat' dir='ltr'>capita.</span> <span class='ocrx_word' id='word_1_328' title='bbox 3306 922 3469 992; x_wconf 91' lang='lat' dir='ltr'>Luc.</span> <span class='ocrx_word' id='word_1_329' title='bbox 3521 947 3638 1001; x_wconf 80' lang='lat' dir='ltr'>xx,</span> <span class='ocrx_word' id='word_1_330' title='bbox 3704 925 3831 991; x_wconf 87' lang='lat'>18:</span> 
     </span>
     <span class='ocr_line' id='line_1_52' title="bbox 2293 1011 3840 1120; baseline 0.014 -42"><span class='ocrx_word' id='word_1_331' title='bbox 2293 1011 2529 1081; x_wconf 87' lang='lat' dir='ltr'>Omnis</span> <span class='ocrx_word' id='word_1_332' title='bbox 2575 1021 2701 1107; x_wconf 87' lang='lat' dir='ltr'>qui</span> <span class='ocrx_word' id='word_1_333' title='bbox 2745 1023 3063 1091; x_wconf 85' lang='lat' dir='ltr'>ceciderit</span> <span class='ocrx_word' id='word_1_334' title='bbox 3107 1049 3317 1116; x_wconf 85' lang='lat' dir='ltr'>super</span> <span class='ocrx_word' id='word_1_335' title='bbox 3392 1030 3695 1120; x_wconf 85' lang='lat' dir='ltr'>lapidem</span> <span class='ocrx_word' id='word_1_336' title='bbox 3744 1032 3840 1097; x_wconf 84' lang='lat' dir='ltr'>is-</span> 
     </span>
     <span class='ocr_line' id='line_1_53' title="bbox 2286 1129 3836 1216; baseline 0.014 -31"><span class='ocrx_word' id='word_1_337' title='bbox 2286 1131 2456 1204; x_wconf 88' lang='lat' dir='ltr'>tum,</span> <span class='ocrx_word' id='word_1_338' title='bbox 2490 1129 3086 1215; x_wconf 85' lang='lat' dir='ltr'>conquassabitur.</span> <span class='ocrx_word' id='word_1_339' title='bbox 3125 1131 3259 1201; x_wconf 91' lang='lat' dir='ltr'>Isa.</span> <span class='ocrx_word' id='word_1_340' title='bbox 3296 1158 3369 1216; x_wconf 89' lang='lat'>11,</span> <span class='ocrx_word' id='word_1_341' title='bbox 3420 1140 3493 1204; x_wconf 82' lang='lat'>11</span> <span class='ocrx_word' id='word_1_342' title='bbox 3537 1161 3552 1205; x_wconf 91' lang='lat'>:</span> <span class='ocrx_word' id='word_1_343' title='bbox 3602 1139 3836 1206; x_wconf 89' lang='lat' dir='ltr'>Incur-</span> 
     </span>
     <span class='ocr_line' id='line_1_54' title="bbox 2283 1228 3830 1313; baseline 0.012 -19"><span class='ocrx_word' id='word_1_344' title='bbox 2283 1228 2561 1298; x_wconf 85' lang='lat' dir='ltr'>vabitur</span> <span class='ocrx_word' id='word_1_345' title='bbox 2619 1233 2925 1304; x_wconf 86' lang='lat' dir='ltr'>altitudo</span> <span class='ocrx_word' id='word_1_346' title='bbox 2962 1241 3358 1310; x_wconf 83' lang='lat' dir='ltr'>virorum...</span> <span class='ocrx_word' id='word_1_347' title='bbox 3414 1246 3485 1311; x_wconf 86' lang='lat' dir='ltr'>in</span> <span class='ocrx_word' id='word_1_348' title='bbox 3529 1246 3640 1312; x_wconf 90' lang='lat' dir='ltr'>die</span> <span class='ocrx_word' id='word_1_349' title='bbox 3676 1246 3830 1313; x_wconf 86' lang='lat' dir='ltr'>illa.</span> 
     </span>
     <span class='ocr_line' id='line_1_55' title="bbox 2281 1334 3830 1422; baseline 0.012 -22"><span class='ocrx_word' id='word_1_350' title='bbox 2281 1334 2388 1418; x_wconf 90' lang='lat' dir='ltr'>Et,</span> <span class='ocrx_word' id='word_1_351' title='bbox 2430 1359 2586 1422; x_wconf 77' lang='lat' dir='ltr'>XLV,</span> <span class='ocrx_word' id='word_1_352' title='bbox 2629 1342 2668 1405; x_wconf 87' lang='grc'>2</span> <span class='ocrx_word' id='word_1_353' title='bbox 2703 1365 2725 1408; x_wconf 88' lang='grc'>.·</span> <span class='ocrx_word' id='word_1_354' title='bbox 2771 1344 3123 1415; x_wconf 88' lang='lat' dir='ltr'>Gloriosos</span> <span class='ocrx_word' id='word_1_355' title='bbox 3164 1358 3362 1417; x_wconf 77' lang='lat' dir='ltr'>terrae</span> <span class='ocrx_word' id='word_1_356' title='bbox 3417 1350 3830 1419; x_wconf 74' lang='lat' dir='ltr'>humiliabo.</span> 
     </span>
     <span class='ocr_line' id='line_1_56' title="bbox 2280 1439 3835 1530; baseline 0.013 -23"><span class='ocrx_word' id='word_1_357' title='bbox 2280 1439 2366 1508; x_wconf 89' lang='lat' dir='ltr'>Et</span> <span class='ocrx_word' id='word_1_358' title='bbox 2409 1441 2564 1523; x_wconf 92' lang='lat' dir='ltr'>hoc,</span> <span class='ocrx_word' id='word_1_359' title='bbox 2603 1470 2637 1510; x_wconf 72' lang='grc' dir='ltr'><strong>α</strong></span> <span class='ocrx_word' id='word_1_360' title='bbox 2683 1449 2753 1514; x_wconf 82' lang='lat' dir='ltr'>in</span> <span class='ocrx_word' id='word_1_361' title='bbox 2784 1457 2991 1530; x_wconf 85' lang='lat' dir='ltr'>terra,</span> <span class='ocrx_word' id='word_1_362' title='bbox 3031 1479 3066 1515; x_wconf 83' lang='lat'>»</span> <span class='ocrx_word' id='word_1_363' title='bbox 3122 1454 3210 1522; x_wconf 91' lang='lat' dir='ltr'>ad</span> <span class='ocrx_word' id='word_1_364' title='bbox 3242 1454 3536 1524; x_wconf 86' lang='lat' dir='ltr'>litteram</span> <span class='ocrx_word' id='word_1_365' title='bbox 3589 1458 3658 1525; x_wconf 92' lang='lat' dir='ltr'>in</span> <span class='ocrx_word' id='word_1_366' title='bbox 3709 1458 3835 1527; x_wconf 92' lang='lat' dir='ltr'>hac</span> 
     </span>
     <span class='ocr_line' id='line_1_57' title="bbox 2279 1548 3835 1652; baseline 0.012 -38"><span class='ocrx_word' id='word_1_367' title='bbox 2279 1548 2442 1614; x_wconf 89' lang='lat' dir='ltr'>vita.</span> <span class='ocrx_word' id='word_1_368' title='bbox 2485 1549 2640 1631; x_wconf 90' lang='lat' dir='ltr'>Vel,</span> <span class='ocrx_word' id='word_1_369' title='bbox 2679 1578 2711 1618; x_wconf 72' lang='grc' dir='ltr'><strong>α</strong></span> <span class='ocrx_word' id='word_1_370' title='bbox 2767 1556 2836 1621; x_wconf 92' lang='lat' dir='ltr'>in</span> <span class='ocrx_word' id='word_1_371' title='bbox 2888 1565 3069 1625; x_wconf 90' lang='lat' dir='ltr'>terra</span> <span class='ocrx_word' id='word_1_372' title='bbox 3128 1562 3434 1652; x_wconf 89' lang='lat' dir='ltr'>copiosa,</span> <span class='ocrx_word' id='word_1_373' title='bbox 3491 1591 3524 1627; x_wconf 84' lang='grc'>»</span> <span class='ocrx_word' id='word_1_374' title='bbox 3588 1587 3835 1632; x_wconf 89' lang='lat' dir='ltr'>secun-</span> 
     </span>
     <span class='ocr_line' id='line_1_58' title="bbox 2279 1653 3837 1741; baseline 0.013 -21"><span class='ocrx_word' id='word_1_375' title='bbox 2279 1653 2439 1722; x_wconf 91' lang='lat' dir='ltr'>dnm</span> <span class='ocrx_word' id='word_1_376' title='bbox 2487 1657 2693 1726; x_wconf 89' lang='lat' dir='ltr'>aliam</span> <span class='ocrx_word' id='word_1_377' title='bbox 2752 1660 3077 1736; x_wconf 89' lang='lat' dir='ltr'>litteram.</span> <span class='ocrx_word' id='word_1_378' title='bbox 3149 1667 3349 1736; x_wconf 87' lang='lat' dir='ltr'>Multi</span> <span class='ocrx_word' id='word_1_379' title='bbox 3409 1672 3593 1739; x_wconf 89' lang='lat' dir='ltr'>enim</span> <span class='ocrx_word' id='word_1_380' title='bbox 3669 1696 3837 1741; x_wconf 90' lang='lat' dir='ltr'>con-</span> 
     </span>
     <span class='ocr_line' id='line_1_59' title="bbox 2280 1770 3829 1853; baseline 0.014 -24"><span class='ocrx_word' id='word_1_381' title='bbox 2280 1773 2686 1853; x_wconf 86' lang='lat' dir='ltr'>quassantur</span> <span class='ocrx_word' id='word_1_382' title='bbox 2750 1770 2822 1837; x_wconf 90' lang='lat' dir='ltr'>in</span> <span class='ocrx_word' id='word_1_383' title='bbox 2883 1778 3320 1845; x_wconf 90' lang='lat' dir='ltr'>terrenorum</span> <span class='ocrx_word' id='word_1_384' title='bbox 3392 1778 3829 1849; x_wconf 89' lang='lat' dir='ltr'>abundantia.</span> 
     </span>
     <span class='ocr_line' id='line_1_60' title="bbox 2278 1869 3830 1976; baseline 0.012 -39"><span class='ocrx_word' id='word_1_385' title='bbox 2278 1869 2607 1941; x_wconf 82' lang='lat' dir='ltr'>Proverb.</span> <span class='ocrx_word' id='word_1_386' title='bbox 2673 1899 2717 1956; x_wconf 89' lang='lat'>1,</span> <span class='ocrx_word' id='word_1_387' title='bbox 2779 1878 2862 1945; x_wconf 82' lang='lat'>32</span> <span class='ocrx_word' id='word_1_388' title='bbox 2909 1903 2925 1948; x_wconf 91' lang='lat'><strong>:</strong></span> <span class='ocrx_word' id='word_1_389' title='bbox 2987 1884 3432 1976; x_wconf 86' lang='lat' dir='ltr'>Prosperitas</span> <span class='ocrx_word' id='word_1_390' title='bbox 3457 1890 3830 1957; x_wconf 85' lang='lat' dir='ltr'>stultorum</span> 
     </span>
    </p>
   </div>
   <div class='ocr_carea' id='block_1_10' title="bbox 2270 1981 3835 2179">
    <p class='ocr_par' dir='ltr' id='par_1_11' title="bbox 2270 1981 3835 2179">
     <span class='ocr_line' id='line_1_61' title="bbox 2270 1981 3835 2090; baseline 0.014 -45"><span class='ocrx_word' id='word_1_391' title='bbox 2270 1981 2508 2071; x_wconf 86' lang='lat' dir='ltr'>perdet</span> <span class='ocrx_word' id='word_1_392' title='bbox 2538 1984 2723 2053; x_wconf 90' lang='lat' dir='ltr'>illos.</span> <span class='ocrx_word' id='word_1_393' title='bbox 2758 1985 2913 2073; x_wconf 84' lang='lat' dir='ltr'>Vel,</span> <span class='ocrx_word' id='word_1_394' title='bbox 2939 1990 3009 2057; x_wconf 92' lang='lat' dir='ltr'>in</span> <span class='ocrx_word' id='word_1_395' title='bbox 3042 1989 3252 2074; x_wconf 88' lang='lat' dir='ltr'>bono,</span> <span class='ocrx_word' id='word_1_396' title='bbox 3291 2002 3367 2062; x_wconf 91' lang='lat' dir='ltr'>ut</span> <span class='ocrx_word' id='word_1_397' title='bbox 3388 1997 3476 2064; x_wconf 93' lang='lat' dir='ltr'>sit</span> <span class='ocrx_word' id='word_1_398' title='bbox 3504 2019 3835 2090; x_wconf 89' lang='lat' dir='ltr'>conquas-</span> 
     </span>
     <span class='ocr_line' id='line_1_62' title="bbox 2278 2082 3834 2179; baseline 0.014 -33"><span class='ocrx_word' id='word_1_399' title='bbox 2278 2082 2449 2149; x_wconf 89' lang='lat' dir='ltr'>satio</span> <span class='ocrx_word' id='word_1_400' title='bbox 2481 2082 2685 2152; x_wconf 90' lang='lat' dir='ltr'>bona.</span> <span class='ocrx_word' id='word_1_401' title='bbox 2718 2085 3151 2179; x_wconf 81' lang='lat' dir='ltr'>Augustinus</span> <span class='ocrx_word' id='word_1_402' title='bbox 3183 2114 3200 2161; x_wconf 78' lang='lat' dir='ltr'>t</span> <span class='ocrx_word' id='word_1_403' title='bbox 3242 2120 3277 2160; x_wconf 77' lang='grc' dir='ltr'>ι</span> <span class='ocrx_word' id='word_1_404' title='bbox 3311 2095 3555 2165; x_wconf 87' lang='lat' dir='ltr'>Melius</span> <span class='ocrx_word' id='word_1_405' title='bbox 3584 2106 3686 2167; x_wconf 90' lang='lat' dir='ltr'>est</span> <span class='ocrx_word' id='word_1_406' title='bbox 3714 2098 3834 2167; x_wconf 91' lang='lat' dir='ltr'>ho-</span> 
     </span>
    </p>
   </div>
   <div class='ocr_carea' id='block_1_11' title="bbox 2281 2191 3835 2288">
    <p class='ocr_par' dir='ltr' id='par_1_12' title="bbox 2281 2191 3835 2288">
     <span class='ocr_line' id='line_1_63' title="bbox 2281 2191 3835 2288; baseline 0.015 -36"><span class='ocrx_word' id='word_1_407' title='bbox 2281 2214 2317 2252; x_wconf 79' lang='lat'>«</span> <span class='ocrx_word' id='word_1_408' title='bbox 2360 2191 2527 2262; x_wconf 88' lang='lat' dir='ltr'>mini</span> <span class='ocrx_word' id='word_1_409' title='bbox 2567 2195 2783 2284; x_wconf 87' lang='lat' dir='ltr'>capite</span> <span class='ocrx_word' id='word_1_410' title='bbox 2813 2210 3277 2288; x_wconf 85' lang='lat' dir='ltr'>conquassato</span> <span class='ocrx_word' id='word_1_411' title='bbox 3317 2201 3671 2275; x_wconf 88' lang='lat' dir='ltr'>humiliter</span> <span class='ocrx_word' id='word_1_412' title='bbox 3725 2208 3835 2275; x_wconf 93' lang='lat' dir='ltr'>in-</span> 
     </span>
    </p>
   </div>
   <div class='ocr_carea' id='block_1_12' title="bbox 2283 2297 3832 2496">
    <p class='ocr_par' dir='ltr' id='par_1_13' title="bbox 2283 2297 3832 2496">
     <span class='ocr_line' id='line_1_64' title="bbox 2283 2297 3832 2397; baseline 0.014 -35"><span class='ocrx_word' id='word_1_413' title='bbox 2283 2322 2317 2359; x_wconf 80' lang='grc' dir='ltr'><strong>α</strong></span> <span class='ocrx_word' id='word_1_414' title='bbox 2351 2297 2611 2385; x_wconf 88' lang='lat' dir='ltr'>cedere,</span> <span class='ocrx_word' id='word_1_415' title='bbox 2656 2325 2862 2393; x_wconf 89' lang='lat' dir='ltr'>quam</span> <span class='ocrx_word' id='word_1_416' title='bbox 2904 2308 3125 2397; x_wconf 89' lang='lat' dir='ltr'>capite</span> <span class='ocrx_word' id='word_1_417' title='bbox 3176 2318 3402 2380; x_wconf 86' lang='lat' dir='ltr'>erecto</span> <span class='ocrx_word' id='word_1_418' title='bbox 3462 2314 3531 2381; x_wconf 89' lang='lat' dir='ltr'>in</span> <span class='ocrx_word' id='word_1_419' title='bbox 3605 2312 3832 2382; x_wconf 83' lang='lat' dir='ltr'>futuro</span> 
     </span>
     <span class='ocr_line' id='line_1_65' title="bbox 2283 2407 3519 2496; baseline 0.015 -25"><span class='ocrx_word' id='word_1_420' title='bbox 2283 2429 2318 2469; x_wconf 76' lang='grc' dir='ltr'>ι</span> <span class='ocrx_word' id='word_1_421' title='bbox 2353 2407 2421 2474; x_wconf 90' lang='lat' dir='ltr'>in</span> <span class='ocrx_word' id='word_1_422' title='bbox 2443 2408 2780 2496; x_wconf 88' lang='lat' dir='ltr'>judicium</span> <span class='ocrx_word' id='word_1_423' title='bbox 2813 2417 3055 2485; x_wconf 88' lang='lat' dir='ltr'>mortis</span> <span class='ocrx_word' id='word_1_424' title='bbox 3111 2418 3437 2491; x_wconf 86' lang='lat' dir='ltr'>incidere.</span> <span class='ocrx_word' id='word_1_425' title='bbox 3486 2448 3519 2489; x_wconf 72' lang='lat' dir='ltr'>n</span> 
     </span>
    </p>
   </div>
   <div class='ocr_carea' id='block_1_13' title="bbox 2276 2734 3852 4977">
    <p class='ocr_par' dir='ltr' id='par_1_14' title="bbox 2279 2734 3839 3235">
     <span class='ocr_line' id='line_1_66' title="bbox 2383 2734 3834 2839; baseline 0.013 -40"><span class='ocrx_word' id='word_1_426' title='bbox 2383 2759 2414 2796; x_wconf 78' lang='grc' dir='ltr'><strong>α</strong></span> <span class='ocrx_word' id='word_1_427' title='bbox 2457 2734 2564 2803; x_wconf 91' lang='lat' dir='ltr'>De</span> <span class='ocrx_word' id='word_1_428' title='bbox 2610 2746 2927 2807; x_wconf 87' lang='lat' dir='ltr'>torrente.</span> <span class='ocrx_word' id='word_1_429' title='bbox 3001 2766 3034 2806; x_wconf 70' lang='lat' dir='ltr'>s</span> <span class='ocrx_word' id='word_1_430' title='bbox 3101 2742 3235 2814; x_wconf 81' lang='lat' dir='ltr'>llic</span> <span class='ocrx_word' id='word_1_431' title='bbox 3289 2748 3564 2817; x_wconf 87' lang='lat' dir='ltr'>tertium</span> <span class='ocrx_word' id='word_1_432' title='bbox 3631 2748 3834 2839; x_wconf 87' lang='lat' dir='ltr'>hujus</span> 
     </span>
     <span class='ocr_line' id='line_1_67' title="bbox 2281 2841 3832 2946; baseline 0.015 -42"><span class='ocrx_word' id='word_1_433' title='bbox 2281 2841 2512 2928; x_wconf 76' lang='lat' dir='ltr'>parti5‚</span> <span class='ocrx_word' id='word_1_434' title='bbox 2547 2842 2619 2910; x_wconf 92' lang='lat' dir='ltr'>in</span> <span class='ocrx_word' id='word_1_435' title='bbox 2659 2867 2796 2935; x_wconf 91' lang='lat' dir='ltr'>quo</span> <span class='ocrx_word' id='word_1_436' title='bbox 2864 2857 3232 2941; x_wconf 88' lang='lat' dir='ltr'>postquam</span> <span class='ocrx_word' id='word_1_437' title='bbox 3304 2855 3546 2946; x_wconf 83' lang='lat' dir='ltr'>egitde</span> <span class='ocrx_word' id='word_1_438' title='bbox 3586 2856 3832 2926; x_wconf 84' lang='lat' dir='ltr'>Christi</span> 
     </span>
     <span class='ocr_line' id='line_1_68' title="bbox 2279 2948 3834 3049; baseline 0.015 -36"><span class='ocrx_word' id='word_1_439' title='bbox 2279 2948 2685 3033; x_wconf 88' lang='lat' dir='ltr'>sacerdoti0,</span> <span class='ocrx_word' id='word_1_440' title='bbox 2720 2962 2970 3046; x_wconf 90' lang='lat' dir='ltr'>etpost</span> <span class='ocrx_word' id='word_1_441' title='bbox 3001 2956 3085 3026; x_wconf 93' lang='lat' dir='ltr'>de</span> <span class='ocrx_word' id='word_1_442' title='bbox 3116 2959 3396 3049; x_wconf 80' lang='lat' dir='ltr'>virtute,</span> <span class='ocrx_word' id='word_1_443' title='bbox 3458 2963 3565 3033; x_wconf 81' lang='lat' dir='ltr'>vel</span> <span class='ocrx_word' id='word_1_444' title='bbox 3614 2965 3834 3036; x_wconf 83' lang='lat' dir='ltr'>fructu</span> 
     </span>
     <span class='ocr_line' id='line_1_69' title="bbox 2280 3058 3839 3158; baseline 0.012 -34"><span class='ocrx_word' id='word_1_445' title='bbox 2280 3058 2662 3146; x_wconf 89' lang='lat' dir='ltr'>sacerdotii,</span> <span class='ocrx_word' id='word_1_446' title='bbox 2740 3063 3183 3158; x_wconf 85' lang='lat' dir='ltr'>subjungitur</span> <span class='ocrx_word' id='word_1_447' title='bbox 3238 3069 3321 3138; x_wconf 92' lang='lat' dir='ltr'>de</span> <span class='ocrx_word' id='word_1_448' title='bbox 3400 3072 3607 3142; x_wconf 91' lang='lat' dir='ltr'>modo</span> <span class='ocrx_word' id='word_1_449' title='bbox 3666 3075 3839 3144; x_wconf 81' lang='lat' dir='ltr'>otl&#39;e-</span> 
     </span>
     <span class='ocr_line' id='line_1_70' title="bbox 2279 3166 2492 3235; baseline 0.005 -3"><span class='ocrx_word' id='word_1_450' title='bbox 2279 3166 2492 3235; x_wconf 88' lang='lat' dir='ltr'>rendi.</span> 
     </span>
    </p>

    <p class='ocr_par' dir='ltr' id='par_1_15' title="bbox 2276 3276 3852 4977">
     <span class='ocr_line' id='line_1_71' title="bbox 2365 3276 3839 3359; baseline 0.012 -17"><span class='ocrx_word' id='word_1_451' title='bbox 2365 3276 2483 3344; x_wconf 82' lang='lat' dir='ltr'>Ait</span> <span class='ocrx_word' id='word_1_452' title='bbox 2529 3277 2714 3346; x_wconf 91' lang='lat' dir='ltr'>enim</span> <span class='ocrx_word' id='word_1_453' title='bbox 2749 3302 2766 3346; x_wconf 76' lang='grc' dir='ltr'><strong><em>ε</em></strong></span> <span class='ocrx_word' id='word_1_454' title='bbox 2804 3279 2919 3350; x_wconf 91' lang='lat' dir='ltr'>Sic</span> <span class='ocrx_word' id='word_1_455' title='bbox 2948 3284 3268 3355; x_wconf 86' lang='lat' dir='ltr'>sacerdos</span> <span class='ocrx_word' id='word_1_456' title='bbox 3313 3297 3610 3358; x_wconf 82' lang='lat' dir='ltr'>aeternus</span> <span class='ocrx_word' id='word_1_457' title='bbox 3649 3291 3839 3359; x_wconf 89' lang='lat' dir='ltr'>Chri-</span> 
     </span>
     <span class='ocr_line' id='line_1_72' title="bbox 2277 3382 3830 3485; baseline 0.011 -36"><span class='ocrx_word' id='word_1_458' title='bbox 2277 3389 2423 3449; x_wconf 88' lang='lat' dir='ltr'>stus</span> <span class='ocrx_word' id='word_1_459' title='bbox 2465 3382 2904 3475; x_wconf 82' lang='lat' dir='ltr'>confringens</span> <span class='ocrx_word' id='word_1_460' title='bbox 2961 3411 3182 3480; x_wconf 83' lang='lat' dir='ltr'>reges,</span> <span class='ocrx_word' id='word_1_461' title='bbox 3228 3392 3526 3485; x_wconf 86' lang='lat' dir='ltr'>implens</span> <span class='ocrx_word' id='word_1_462' title='bbox 3578 3397 3830 3481; x_wconf 88' lang='lat' dir='ltr'>ruinas,</span> 
     </span>
     <span class='ocr_line' id='line_1_73' title="bbox 2277 3492 3834 3593; baseline 0.012 -42"><span class='ocrx_word' id='word_1_463' title='bbox 2277 3506 2741 3575; x_wconf 89' lang='lat' dir='ltr'>conquassans</span> <span class='ocrx_word' id='word_1_464' title='bbox 2770 3492 2993 3582; x_wconf 90' lang='lat' dir='ltr'>capita</span> <span class='ocrx_word' id='word_1_465' title='bbox 3026 3515 3043 3560; x_wconf 90' lang='lat'>:</span> <span class='ocrx_word' id='word_1_466' title='bbox 3072 3495 3195 3564; x_wconf 87' lang='lat' dir='ltr'>sed</span> <span class='ocrx_word' id='word_1_467' title='bbox 3224 3497 3408 3567; x_wconf 89' lang='lat' dir='ltr'>unde</span> <span class='ocrx_word' id='word_1_468' title='bbox 3430 3495 3565 3568; x_wconf 89' lang='lat' dir='ltr'>hoc</span> <span class='ocrx_word' id='word_1_469' title='bbox 3589 3502 3626 3567; x_wconf 74' lang='lat' dir='ltr'>‘l</span> <span class='ocrx_word' id='word_1_470' title='bbox 3651 3500 3834 3593; x_wconf 84' lang='lat' dir='ltr'>quod</span> 
     </span>
     <span class='ocr_line' id='line_1_74' title="bbox 2277 3593 3836 3690; baseline 0.012 -32"><span class='ocrx_word' id='word_1_471' title='bbox 2277 3600 2378 3659; x_wconf 89' lang='lat' dir='ltr'>est</span> <span class='ocrx_word' id='word_1_472' title='bbox 2418 3593 2629 3684; x_wconf 89' lang='lat' dir='ltr'>ipsius</span> <span class='ocrx_word' id='word_1_473' title='bbox 2658 3597 3122 3670; x_wconf 80' lang='lat' dir='ltr'>sacrificium!</span> <span class='ocrx_word' id='word_1_474' title='bbox 3180 3602 3380 3690; x_wconf 84' lang='lat' dir='ltr'>Ecce,</span> <span class='ocrx_word' id='word_1_475' title='bbox 3429 3632 3461 3673; x_wconf 74' lang='grc' dir='ltr'>ι</span> <span class='ocrx_word' id='word_1_476' title='bbox 3521 3611 3627 3676; x_wconf 89' lang='lat' dir='ltr'>De</span> <span class='ocrx_word' id='word_1_477' title='bbox 3690 3620 3836 3677; x_wconf 88' lang='lat' dir='ltr'>tor-</span> 
     </span>
     <span class='ocr_line' id='line_1_75' title="bbox 2279 3702 3837 3808; baseline 0.013 -42"><span class='ocrx_word' id='word_1_478' title='bbox 2279 3710 2485 3785; x_wconf 84' lang='lat' dir='ltr'>rente,</span> <span class='ocrx_word' id='word_1_479' title='bbox 2532 3727 2565 3768; x_wconf 81' lang='lat'><strong>»</strong></span> <span class='ocrx_word' id='word_1_480' title='bbox 2609 3702 2691 3772; x_wconf 87' lang='lat' dir='ltr'>de</span> <span class='ocrx_word' id='word_1_481' title='bbox 2723 3705 3192 3791; x_wconf 88' lang='lat' dir='ltr'>tribulatione,</span> <span class='ocrx_word' id='word_1_482' title='bbox 3236 3721 3306 3781; x_wconf 87' lang='lat' dir='ltr'>et</span> <span class='ocrx_word' id='word_1_483' title='bbox 3342 3717 3659 3808; x_wconf 81' lang='lat' dir='ltr'>angustia</span> <span class='ocrx_word' id='word_1_484' title='bbox 3689 3726 3837 3785; x_wconf 87' lang='lat' dir='ltr'>tur-</span> 
     </span>
     <span class='ocr_line' id='line_1_76' title="bbox 2276 3805 3840 3905; baseline 0.014 -32"><span class='ocrx_word' id='word_1_485' title='bbox 2276 3805 2554 3877; x_wconf 90' lang='lat' dir='ltr'>bulenta</span> <span class='ocrx_word' id='word_1_486' title='bbox 2612 3818 2682 3880; x_wconf 88' lang='lat' dir='ltr'>et</span> <span class='ocrx_word' id='word_1_487' title='bbox 2730 3816 3153 3902; x_wconf 88' lang='lat' dir='ltr'>transitoria,</span> <span class='ocrx_word' id='word_1_488' title='bbox 3203 3845 3238 3885; x_wconf 76' lang='grc' dir='ltr'>ι</span> <span class='ocrx_word' id='word_1_489' title='bbox 3292 3820 3500 3905; x_wconf 88' lang='lat' dir='ltr'>bibet,</span> <span class='ocrx_word' id='word_1_490' title='bbox 3566 3850 3599 3891; x_wconf 70' lang='lat' dir='ltr'>a</span> <span class='ocrx_word' id='word_1_491' title='bbox 3664 3826 3840 3895; x_wconf 77' lang='lat' dir='ltr'>invi-</span> 
     </span>
     <span class='ocr_line' id='line_1_77' title="bbox 2277 3923 3835 4025; baseline 0.015 -43"><span class='ocrx_word' id='word_1_492' title='bbox 2277 3924 2430 3984; x_wconf 87' lang='lat' dir='ltr'>tans</span> <span class='ocrx_word' id='word_1_493' title='bbox 2474 3923 3026 4012; x_wconf 86' lang='lat' dir='ltr'>consanguineos</span> <span class='ocrx_word' id='word_1_494' title='bbox 3055 3925 3143 3995; x_wconf 90' lang='lat' dir='ltr'>ad</span> <span class='ocrx_word' id='word_1_495' title='bbox 3199 3930 3519 4000; x_wconf 88' lang='lat' dir='ltr'>eumdem</span> <span class='ocrx_word' id='word_1_496' title='bbox 3569 3944 3835 4025; x_wconf 89' lang='lat' dir='ltr'>potum.</span> 
     </span>
     <span class='ocr_line' id='line_1_78' title="bbox 2284 4023 3837 4114; baseline 0.013 -23"><span class='ocrx_word' id='word_1_497' title='bbox 2284 4023 2528 4094; x_wconf 83' lang='lat' dir='ltr'>Matth.</span> <span class='ocrx_word' id='word_1_498' title='bbox 2580 4051 2699 4114; x_wconf 83' lang='lat' dir='ltr'>xx,</span> <span class='ocrx_word' id='word_1_499' title='bbox 2742 4034 2828 4098; x_wconf 80' lang='lat'>22</span> <span class='ocrx_word' id='word_1_500' title='bbox 2871 4056 2888 4101; x_wconf 74' lang='grc' dir='ltr'><strong><em>ε</em></strong></span> <span class='ocrx_word' id='word_1_501' title='bbox 2933 4036 3236 4106; x_wconf 79' lang='lat' dir='ltr'>Potestis</span> <span class='ocrx_word' id='word_1_502' title='bbox 3287 4039 3512 4110; x_wconf 83' lang='lat' dir='ltr'>bibere</span> <span class='ocrx_word' id='word_1_503' title='bbox 3559 4043 3837 4112; x_wconf 84' lang='lat' dir='ltr'>calicem</span> 
     </span>
     <span class='ocr_line' id='line_1_79' title="bbox 2280 4136 3838 4228; baseline 0.015 -28"><span class='ocrx_word' id='word_1_504' title='bbox 2280 4157 2480 4226; x_wconf 84' lang='lat' dir='ltr'>quem</span> <span class='ocrx_word' id='word_1_505' title='bbox 2511 4159 2636 4228; x_wconf 77' lang='lat' dir='ltr'>eqo</span> <span class='ocrx_word' id='word_1_506' title='bbox 2667 4136 3019 4213; x_wconf 84' lang='lat' dir='ltr'>bibiturus</span> <span class='ocrx_word' id='word_1_507' title='bbox 3070 4169 3232 4215; x_wconf 86' lang='lat' dir='ltr'>sum</span> <span class='ocrx_word' id='word_1_508' title='bbox 3267 4148 3311 4217; x_wconf 84' lang='lat'><strong><em>?</em></strong></span> <span class='ocrx_word' id='word_1_509' title='bbox 3362 4150 3470 4219; x_wconf 80' lang='lat' dir='ltr'>Ad</span> <span class='ocrx_word' id='word_1_510' title='bbox 3545 4151 3838 4222; x_wconf 87' lang='lat' dir='ltr'>litteram</span> 
     </span>
     <span class='ocr_line' id='line_1_80' title="bbox 2282 4238 3845 4350; baseline 0.012 -42"><span class='ocrx_word' id='word_1_511' title='bbox 2282 4240 2354 4309; x_wconf 91' lang='lat' dir='ltr'>in</span> <span class='ocrx_word' id='word_1_512' title='bbox 2382 4238 2584 4313; x_wconf 91' lang='lat' dir='ltr'>horto</span> <span class='ocrx_word' id='word_1_513' title='bbox 2624 4252 2811 4314; x_wconf 86' lang='lat' dir='ltr'>trans</span> <span class='ocrx_word' id='word_1_514' title='bbox 2869 4256 3247 4321; x_wconf 87' lang='lat' dir='ltr'>torrentem</span> <span class='ocrx_word' id='word_1_515' title='bbox 3292 4254 3560 4326; x_wconf 89' lang='lat' dir='ltr'>Cedron</span> <span class='ocrx_word' id='word_1_516' title='bbox 3606 4267 3845 4350; x_wconf 89' lang='lat' dir='ltr'>captus</span> 
     </span>
     <span class='ocr_line' id='line_1_81' title="bbox 2285 4348 3839 4459; baseline 0.014 -43"><span class='ocrx_word' id='word_1_517' title='bbox 2285 4348 2435 4429; x_wconf 79' lang='lat' dir='ltr'>luit,</span> <span class='ocrx_word' id='word_1_518' title='bbox 2476 4359 2546 4420; x_wconf 89' lang='lat' dir='ltr'>et</span> <span class='ocrx_word' id='word_1_519' title='bbox 2583 4351 2671 4422; x_wconf 89' lang='lat' dir='ltr'>ad</span> <span class='ocrx_word' id='word_1_520' title='bbox 2705 4355 3102 4446; x_wconf 80' lang='lat' dir='ltr'>passionem</span> <span class='ocrx_word' id='word_1_521' title='bbox 3163 4358 3413 4432; x_wconf 86' lang='lat' dir='ltr'>ductus</span> <span class='ocrx_word' id='word_1_522' title='bbox 3452 4365 3498 4435; x_wconf 82' lang='lat'>¹.</span> <span class='ocrx_word' id='word_1_523' title='bbox 3549 4365 3610 4433; x_wconf 88' lang='lat'>11</span> <span class='ocrx_word' id='word_1_524' title='bbox 3671 4366 3839 4459; x_wconf 81' lang='lat' dir='ltr'>Reg.</span> 
     </span>
     <span class='ocr_line' id='line_1_82' title="bbox 2283 4459 3847 4564; baseline 0.013 -39"><span class='ocrx_word' id='word_1_525' title='bbox 2283 4480 2399 4537; x_wconf 74' lang='grc' dir='ltr'>κν,</span> <span class='ocrx_word' id='word_1_526' title='bbox 2466 4459 2553 4528; x_wconf 83' lang='grc'>23</span> <span class='ocrx_word' id='word_1_527' title='bbox 2602 4482 2620 4528; x_wconf 86' lang='lat'><strong>:</strong></span> <span class='ocrx_word' id='word_1_528' title='bbox 2679 4462 2830 4530; x_wconf 68' lang='lat' dir='ltr'>Ilea-</span> <span class='ocrx_word' id='word_1_529' title='bbox 2878 4466 3124 4535; x_wconf 88' lang='lat' dir='ltr'>David</span> <span class='ocrx_word' id='word_1_530' title='bbox 3196 4474 3847 4564; x_wconf 64' lang='lat' dir='ltr'>transm-odiebatur</span> 
     </span>
     <span class='ocr_line' id='line_1_83' title="bbox 2284 4569 3846 4662; baseline 0.014 -29"><span class='ocrx_word' id='word_1_531' title='bbox 2284 4575 2649 4635; x_wconf 84' lang='lat' dir='ltr'>torrentem</span> <span class='ocrx_word' id='word_1_532' title='bbox 2691 4569 2984 4658; x_wconf 87' lang='lat' dir='ltr'>Cedron,</span> <span class='ocrx_word' id='word_1_533' title='bbox 3034 4582 3105 4642; x_wconf 89' lang='lat' dir='ltr'>et</span> <span class='ocrx_word' id='word_1_534' title='bbox 3153 4576 3581 4662; x_wconf 84' lang='lat' dir='ltr'>mirabiliter,</span> <span class='ocrx_word' id='word_1_535' title='bbox 3616 4591 3684 4652; x_wconf 89' lang='lat' dir='ltr'>et</span> <span class='ocrx_word' id='word_1_536' title='bbox 3720 4584 3846 4654; x_wconf 88' lang='lat' dir='ltr'>de·-</span> 
     </span>
     <span class='ocr_line' id='line_1_84' title="bbox 2283 4673 3845 4780; baseline 0.013 -39"><span class='ocrx_word' id='word_1_537' title='bbox 2283 4673 2707 4754; x_wconf 82' lang='lat' dir='ltr'>lectabiliter‚</span> <span class='ocrx_word' id='word_1_538' title='bbox 2769 4699 3013 4748; x_wconf 87' lang='lat' dir='ltr'>omnes</span> <span class='ocrx_word' id='word_1_539' title='bbox 3079 4679 3295 4754; x_wconf 88' lang='lat' dir='ltr'>duros</span> <span class='ocrx_word' id='word_1_540' title='bbox 3331 4684 3593 4780; x_wconf 85' lang='lat' dir='ltr'>lapides</span> <span class='ocrx_word' id='word_1_541' title='bbox 3638 4689 3845 4780; x_wconf 87' lang='lat' dir='ltr'>hujus</span> 
     </span>
     <span class='ocr_line' id='line_1_85' title="bbox 2284 4781 3848 4881; baseline 0.015 -34"><span class='ocrx_word' id='word_1_542' title='bbox 2284 4781 2605 4850; x_wconf 89' lang='lat' dir='ltr'>torrentis</span> <span class='ocrx_word' id='word_1_543' title='bbox 2641 4783 2990 4854; x_wconf 85' lang='lat' dir='ltr'>sustinuit.</span> <span class='ocrx_word' id='word_1_544' title='bbox 3027 4785 3323 4881; x_wconf 84' lang='lat' dir='ltr'>Lapides</span> <span class='ocrx_word' id='word_1_545' title='bbox 3371 4801 3719 4877; x_wconf 81' lang='lat' dir='ltr'>torrentis.</span> <span class='ocrx_word' id='word_1_546' title='bbox 3779 4808 3848 4869; x_wconf 84' lang='lat' dir='ltr'>et</span> 
     </span>
     <span class='ocr_line' id='line_1_86' title="bbox 2287 4887 3852 4977; baseline 0.015 -23"><span class='ocrx_word' id='word_1_547' title='bbox 2287 4887 2727 4967; x_wconf 86' lang='lat' dir='ltr'>deterrente,</span> <span class='ocrx_word' id='word_1_548' title='bbox 2769 4890 2865 4960; x_wconf 91' lang='lat' dir='ltr'>illi</span> <span class='ocrx_word' id='word_1_549' title='bbox 2896 4891 3131 4965; x_wconf 83' lang='lat' dir='ltr'>dulces</span> <span class='ocrx_word' id='word_1_550' title='bbox 3180 4899 3483 4973; x_wconf 80' lang='lat' dir='ltr'>fuerunt.</span> <span class='ocrx_word' id='word_1_551' title='bbox 3545 4905 3634 4974; x_wconf 81' lang='lat' dir='ltr'>Hi</span> <span class='ocrx_word' id='word_1_552' title='bbox 3692 4915 3852 4977; x_wconf 87' lang='lat' dir='ltr'>sunt</span> 
     </span>
    </p>
   </div>
   <div class='ocr_carea' id='block_1_14' title="bbox 2285 4993 3850 5179">
    <p class='ocr_par' dir='ltr' id='par_1_16' title="bbox 2285 4993 3850 5179">
     <span class='ocr_line' id='line_1_87' title="bbox 2286 4993 3850 5096; baseline 0.015 -34"><span class='ocrx_word' id='word_1_553' title='bbox 2286 4993 2546 5086; x_wconf 88' lang='lat' dir='ltr'>lapides</span> <span class='ocrx_word' id='word_1_554' title='bbox 2573 4995 2659 5067; x_wconf 89' lang='lat' dir='ltr'>de</span> <span class='ocrx_word' id='word_1_555' title='bbox 2686 5006 3016 5085; x_wconf 82' lang='lat' dir='ltr'>torrente,</span> <span class='ocrx_word' id='word_1_556' title='bbox 3050 5005 3306 5096; x_wconf 87' lang='lat' dir='ltr'>quibus</span> <span class='ocrx_word' id='word_1_557' title='bbox 3327 5008 3547 5080; x_wconf 87' lang='lat' dir='ltr'>David</span> <span class='ocrx_word' id='word_1_558' title='bbox 3577 5012 3850 5084; x_wconf 85' lang='lat' dir='ltr'>Goliath</span> 
     </span>
     <span class='ocr_line' id='line_1_88' title="bbox 2285 5102 2698 5179; baseline 0.019 -8"><span class='ocrx_word' id='word_1_559' title='bbox 2285 5102 2624 5176; x_wconf 80' lang='lat' dir='ltr'>interiecit</span> <span class='ocrx_word' id='word_1_560' title='bbox 2648 5103 2698 5179; x_wconf 81' lang='lat'>¹.</span> 
     </span>
    </p>
   </div>
   <div class='ocr_carea' id='block_1_15' title="bbox 2383 5327 3851 5425">
    <p class='ocr_par' dir='ltr' id='par_1_17' title="bbox 2383 5327 3851 5425">
     <span class='ocr_line' id='line_1_89' title="bbox 2383 5327 3851 5425; baseline 0.016 -34"><span class='ocrx_word' id='word_1_561' title='bbox 2383 5348 2418 5391; x_wconf 74' lang='grc' dir='ltr'>ι</span> <span class='ocrx_word' id='word_1_562' title='bbox 2447 5327 2849 5418; x_wconf 82' lang='lat' dir='ltr'>Propterea.</span> <span class='ocrx_word' id='word_1_563' title='bbox 2897 5356 2933 5394; x_wconf 70' lang='lat' dir='ltr'>n</span> <span class='ocrx_word' id='word_1_564' title='bbox 2984 5329 3116 5401; x_wconf 86' lang='lat' dir='ltr'>llic</span> <span class='ocrx_word' id='word_1_565' title='bbox 3183 5344 3537 5425; x_wconf 84' lang='lat' dir='ltr'>quartum,</span> <span class='ocrx_word' id='word_1_566' title='bbox 3595 5340 3851 5414; x_wconf 85' lang='lat' dir='ltr'>scilicet</span> 
     </span>
    </p>
   </div>
   <div class='ocr_carea' id='block_1_16' title="bbox 649 5420 3541 5520">
    <p class='ocr_par' dir='ltr' id='par_1_18' title="bbox 649 5420 3541 5520">
     <span class='ocr_line' id='line_1_90' title="bbox 649 5420 3541 5520; baseline 0.009 -30"><span class='ocrx_word' id='word_1_567' title='bbox 649 5423 882 5490; x_wconf 87' lang='lat' dir='ltr'>ruinas</span> <span class='ocrx_word' id='word_1_568' title='bbox 918 5420 1278 5512; x_wconf 83' lang='lat' dir='ltr'>reparabit,</span> <span class='ocrx_word' id='word_1_569' title='bbox 1308 5425 1417 5495; x_wconf 83' lang='lat' dir='ltr'>vel</span> <span class='ocrx_word' id='word_1_570' title='bbox 1463 5425 1757 5497; x_wconf 84' lang='lat' dir='ltr'>humiles</span> <span class='ocrx_word' id='word_1_571' title='bbox 1809 5431 2028 5520; x_wconf 84' lang='lat' dir='ltr'>gratia</span> <span class='ocrx_word' id='word_1_572' title='bbox 2073 5452 2192 5499; x_wconf 85' lang='lat' dir='ltr'>re·-</span> <span class='ocrx_word' id='word_1_573' title='bbox 2293 5431 2616 5504; x_wconf 82' lang='lat' dir='ltr'>exaltatio</span> <span class='ocrx_word' id='word_1_574' title='bbox 2655 5441 2795 5504; x_wconf 83' lang='lat' dir='ltr'>tam</span> <span class='ocrx_word' id='word_1_575' title='bbox 2824 5437 3133 5508; x_wconf 81' lang='lat' dir='ltr'>virtuose</span> <span class='ocrx_word' id='word_1_576' title='bbox 3165 5441 3541 5517; x_wconf 79' lang='lat' dir='ltr'>offerentis.</span> 
     </span>
    </p>
   </div>
   <div class='ocr_carea' id='block_1_17' title="bbox 634 5647 1298 5723">
    <p class='ocr_par' dir='ltr' id='par_1_19' title="bbox 634 5647 1298 5723">
     <span class='ocr_line' id='line_1_91' title="bbox 634 5647 1298 5723; baseline 0.006 -15"><span class='ocrx_word' id='word_1_577' title='bbox 634 5647 649 5656; x_wconf 83' lang='lat'><strong><em>&#39;</em></strong></span> <span class='ocrx_word' id='word_1_578' title='bbox 723 5650 744 5692; x_wconf 87' lang='lat'>¹</span> <span class='ocrx_word' id='word_1_579' title='bbox 770 5647 841 5709; x_wconf 69' lang='lat' dir='ltr'>Cf</span> <span class='ocrx_word' id='word_1_580' title='bbox 861 5649 1029 5710; x_wconf 76' lang='lat' dir='ltr'>Jea‘n.</span> <span class='ocrx_word' id='word_1_581' title='bbox 1057 5667 1215 5723; x_wconf 82' lang='lat' dir='ltr'>xvm,</span> <span class='ocrx_word' id='word_1_582' title='bbox 1246 5654 1298 5712; x_wconf 79' lang='lat' dir='ltr'>t.</span> 
     </span>
    </p>
   </div>
   <div class='ocr_carea' id='block_1_18' title="bbox 2364 5665 3037 5757">
    <p class='ocr_par' dir='ltr' id='par_1_20' title="bbox 2364 5665 3037 5757">
     <span class='ocr_line' id='line_1_92' title="bbox 2364 5665 3037 5757; baseline 0.006 -31"><span class='ocrx_word' id='word_1_583' title='bbox 2364 5666 2389 5704; x_wconf 78' lang='lat'>⁸</span> <span class='ocrx_word' id='word_1_584' title='bbox 2411 5665 2499 5727; x_wconf 68' lang='lat' dir='ltr'>Cf.</span> <span class='ocrx_word' id='word_1_585' title='bbox 2527 5667 2554 5723; x_wconf 91' lang='lat'>1</span> <span class='ocrx_word' id='word_1_586' title='bbox 2580 5669 2723 5746; x_wconf 76' lang='lat' dir='ltr'>Reg.</span> <span class='ocrx_word' id='word_1_587' title='bbox 2752 5683 2890 5728; x_wconf 74' lang='lat' dir='ltr'>nn.</span> <span class='ocrx_word' id='word_1_588' title='bbox 2919 5668 3037 5757; x_wconf 69' lang='lat' dir='ltr'>bo.</span> 
     </span>
    </p>
   </div>
  </div>
 </body>
</html>
