5008 6329
831 1457 952 1523 1⁴

1862 297 2570 370 COMMENTARHJS
2623 302 2713 369 ΙΝ
2765 301 3199 370 PSALMUM
3254 302 3548 370 mev.

1087 466 1403 556 estquod
1434 466 1807 539 reddimuS.
1870 469 1999 539 Isa.
2069 495 2245 551 mxxv,
2299 477 2391 539 6:
2443 474 2644 539 Facti

1084 598 1327 645 sumus
1349 587 1426 645 ut
1463 581 1868 650 immundus
1898 605 2125 650 omnes
2152 607 2272 649 nos
2306 605 2327 649 .·
2350 593 2413 649 el
2441 583 2643 671 quasi

1081 708 1361 775 pannus
1419 699 1863 758 menstruatae
1957 692 2284 757 universze
2339 689 2642 778 justitia?

1084 809 1356 869 nostrae.
1394 800 1614 870 Exod.
1648 825 1769 884 xv,
1819 804 1891 869 11
1933 822 1948 867 :
1998 803 2168 886 Quis
2203 799 2456 866 similis
2511 802 2638 878 tui,

1087 908 1504 997 maqnificus
1544 909 1616 976 in
1652 910 2016 976 sanctitate
2049 907 2089 975 ?
2125 907 2337 975 Levit.
2374 931 2465 987 xi,
2509 909 2635 974 42:

1086 1017 1242 1105 qu
1294 1037 1452 1083 sum
1516 1016 1863 1084 Dominus
1887 1018 2076 1083 Deus
2105 1025 2320 1083 vester
2354 1039 2375 1083 .·
2422 1019 2643 1084 sancti

1089 1133 1318 1205 estote,
1352 1123 1522 1216 quia
1561 1145 1684 1213 eqo
1712 1131 1990 1191 sanetus
2029 1147 2209 1193 sum.

1177 1467 1213 1506 α
1243 1439 1525 1511 Allevat
1551 1440 1918 1508 Dominus.
1957 1465 1990 1506 »
2036 1441 2163 1508 Hic
2226 1448 2642 1508 monstratur

1083 1549 1472 1640 benignitas
1504 1550 1576 1617 in
1604 1550 1908 1620 cavendo
1941 1549 2221 1629 labenti,
2255 1572 2338 1618 ne
2368 1551 2639 1639 penitus

1085 1665 1261 1726 ruat.
1895 1657 1900 1664 ’

1171 1766 1290 1834 Ait
1321 1765 1505 1834 enim
1543 1787 1559 1833 t
1608 1765 1722 1835 Sic
1760 1773 1861 1835 est
1898 1786 2134 1847 verax,
2197 1774 2264 1834 et
2320 1775 2632 1837 sanctus:

1081 1880 1148 1942 et
1176 1873 1385 1942 etiam
1418 1897 1452 1939 α
1505 1872 1769 1941 allevat
1823 1875 2167 1942 Dominus
2217 1896 2446 1942 omnes
2519 1877 2642 1967 qui

1081 1986 1440 2056 corruunt,
1495 2003 1530 2041 a
1592 1977 1662 2045 id
1725 1985 1850 2057 est,
1931 1979 2048 2070 qui
2115 1979 2184 2046 in
2259 1979 2638 2049 corruendo

1084 2095 1269 2155 sunt.
1300 2085 1504 2155 Joan.
1570 2109 1642 2167 11,
1708 2087 1747 2154 7
1795 2109 1810 2156 :
1859 2086 2271 2157 Sublevabis
2297 2087 2382 2156 de
2410 2110 2641 2157 eorru-

1073 2197 1312 2286 ptione
1375 2196 1594 2263 vitam
1660 2216 1910 2266 meam.
1976 2195 2224 2287 Supra,
2313 2198 2383 2265 in
2450 2196 2632 2266 Psal.

1078 2325 1317 2386 xxxvi,
1351 2303 1437 2369 24
1473 2324 1487 2369 ε
1528 2305 1705 2372 Cum
1762 2303 2099 2382 ceciderit,
2134 2303 2345 2384 idest,
2399 2304 2637 2374 cadere

1079 2409 1408 2500 inceperit
1453 2409 1708 2498 justuS,
1797 2432 1932 2477 non
1990 2406 2388 2488 collidetur,
2478 2411 2637 2501 quia

1082 2518 1423 2587 Dominus
1479 2518 1806 2608 supponit
1862 2539 2144 2585 manum
2220 2540 2440 2586 suam.
2502 2517 2639 2587 Sed

1082 2628 1460 2698 secundum
1489 2625 1624 2696 hoc
1660 2626 1952 2708 videtur,
1989 2628 2172 2718 quod
2212 2627 2379 2696 nulli
2448 2628 2637 2698 cade-

1080 2741 1232 2803 rent
1260 2734 1332 2801 in
1359 2741 1741 2825 peccatum.
1800 2735 1858 2801 si
1920 2756 2160 2802 omnes
2226 2735 2633 2805 allevantur.

1078 2841 1371 2933 Propter
1407 2840 1541 2910 hoc
1578 2840 2099 2933 intelligendum
2166 2851 2291 2922 est,
2360 2843 2636 2913 Alleva!

1080 2970 1314 3017 omnes
1334 2950 1458 3040 qui
1484 2959 1843 3026 corruunt,
1870 2949 1986 3039 qui
2029 2947 2436 3030 allevantur,
2462 2951 2636 3019 sicut

1080 3053 1250 3123 illud
1302 3054 1506 3124 Joan.
1543 3078 1590 3134 1,
1652 3057 1692 3124 9
1738 3054 2165 3124 :Illuminat
2221 3078 2488 3124 omnem
2519 3056 2636 3125 leo·

1082 3167 1338 3234 minem
1376 3164 1750 3235 venientem
1791 3167 1863 3233 in
1893 3166 2077 3234 leuno
2103 3167 2470 3235 mundum.

1174 3404 1209 3445 α
1254 3380 1348 3447 Et
1370 3379 1598 3470 eriqit.
1649 3405 1683 3444 n
1733 3378 1904 3449 Ecce
1957 3380 2356 3449 secundum.
2425 3381 2635 3463 Quasi

1079 3488 1334 3558 diceret
1369 3508 1386 3556 ε
1422 3485 1585 3556 Suae
1615 3488 1971 3555 suavitatis
2028 3497 2131 3557 est
2181 3497 2255 3557 ut
2320 3489 2636 3559 cadentes

1078 3620 1119 3665 a
1146 3618 1307 3665 casu
1330 3596 1598 3686 eripiat,
1646 3619 1680 3661 α
1714 3604 1779 3662 et
1811 3619 1843 3660 »
1877 3595 2083 3663 etiam
2118 3621 2149 3662 α
2174 3597 2378 3687 eriqit
2406 3620 2636 3667 omnes

1078 3706 1283 3775 elisos
1325 3732 1388 3784 n,
1425 3707 1543 3798 qui
1565 3704 1715 3795 jam
1762 3705 2173 3789 ceciderunt,
2243 3713 2310 3775 et
2357 3707 2427 3776 in
2473 3730 2634 3777 casu

1075 3837 1203 3883 suo
1265 3812 1416 3884 elisi
1472 3820 1657 3883 sunt.
1735 3812 1891 3894 Job,
1937 3835 2004 3899 ν,
2060 3817 2130 3884 11
2181 3838 2197 3883 :
2249 3817 2462 3886 Ponit
2496 3816 2636 3886 hu-

1075 3923 1275 3993 miles
1339 3924 1412 3992 in
1501 3922 1824 4002 sublime,
1902 3933 1966 3992 et
2042 3934 2415 4006 rnoerentes,
2509 3950 2632 4019 pro

1074 4056 1197 4104 sua
1289 4032 1602 4116 elisione,
1676 4034 1883 4126 eriqit
1974 4036 2325 4125 sospitate.
2410 4035 2629 4105 Suum

1074 4142 1258 4212 enim
1331 4147 1437 4209 est
1501 4146 1767 4207 mentes
1825 4140 2109 4232 erigere,
2153 4141 2325 4209 sicut
2363 4139 2473 4211 hic
2522 4143 2633 4213 di-

1071 4251 1272 4330 citur,
1350 4255 1417 4317 et
1481 4247 1724 4316 erectis
1817 4246 2228 4316 hilaritatem
2307 4249 2630 4321 infunde-

1071 4380 1167 4428 re.
1233 4353 1404 4425 Tob.
1478 4377 1579 4437 ιιι,
1640 4355 1778 4423 22:
1846 4356 2016 4423 Post
2131 4364 2622 4447 tempestatem,

1069 4460 1541 4556 tranquillum
1594 4462 1777 4554 sacis
1806 4484 1830 4530 .·
1859 4471 1924 4531 et
1966 4472 2125 4553 post
2174 4463 2627 4554 lacrymatio-

1069 4595 1224 4641 nem
1252 4579 1318 4640 et
1368 4568 1644 4660 fletum,
1697 4568 2228 4638 exsultationem
2279 4572 2621 4661 infundis.

1072 4678 1367 4769 Intelligi
1406 4677 1615 4744 etiam
1690 4684 1910 4767 potest
1985 4674 2069 4743 de
2110 4675 2507 4746 cadentibus
2553 4682 2623 4750 in

1072 4785 1419 4854 miseriam
1450 4804 1695 4874 poenae.
1737 4790 1804 4851 et
1841 4782 1926 4852 de
1955 4780 2087 4862 his,
2123 4784 2239 4872 qui
2261 4784 2408 4874 jam
2467 4808 2626 4856 cor-

1067 4899 1351 4963 ruerunt
1381 4892 1451 4960 in
1485 4890 1698 4960 illam.
1734 4889 1942 4971 Quasi
1975 4891 2157 4960 enim
2180 4891 2326 4983 jam
2384 4894 2623 4964 ruebat

1066 5000 1137 5069 in
1170 4999 1518 5069 miseriam
1556 4998 1832 5078 Tobias,
1876 4999 2167 5089 quierat
2216 5010 2617 5091 excaecatuS,

1064 5110 1177 5181 vel
1206 5109 1757 5203 vilipendebatur
1793 5108 1876 5178 ab
1908 5132 2145 5190 uxore,
2201 5119 2430 5182 tamen
2497 5116 2621 5184 ad·

1064 5217 1201 5288 huc
1257 5217 1476 5286 tilium
1533 5216 1822 5296 bonum.
1870 5224 1937 5284 et
1978 5219 2443 5308 possessiones
2495 5222 2620 5291 ali·

1067 5349 1237 5419 quas
1267 5324 1566 5395 habebat
1608 5344 1625 5393 ε
1667 5322 1785 5392 sed
1811 5322 1944 5392 Joh
1987 5323 2192 5393 elisus
2244 5335 2413 5409 erat,
2455 5331 2619 5399 etin

1066 5455 1347 5503 omnem
1379 5431 1727 5501 miseriam
1756 5430 2113 5516 ceciderat,
2137 5433 2254 5523 qui
2276 5441 2340 5501 et
2358 5457 2624 5527 posses·

1065 5544 1331 5611 sionem
1373 5561 1682 5624 ornnem,
1723 5546 1791 5609 et
1844 5537 2095 5610 liberos
2140 5563 2296 5611 cum
2346 5542 2619 5615 filiabus

1066 5649 1412 5727 amiserat,
1446 5653 1515 5716 et
1549 5668 1863 5731 uxorem,
1919 5652 1985 5716 et
2030 5647 2287 5719 amicos
2343 5658 2621 5721 contra-

4181 300 4307 368 507

2746 473 2905 552 riOS,
2971 480 3037 539 et
3084 473 3566 561 impugnantes
3634 471 3955 551 habebat,
4030 481 4098 538 et
4161 479 4305 539 toto

2745 603 3027 670 corpore
3077 604 3437 669 percussus
3469 590 3613 649 erat
3642 581 3927 650 vulnere
3974 583 4299 671 pessimo,

2745 699 2809 756 et
2841 692 2908 756 in
2948 690 3369 779 sterquilinio
3394 690 3664 778 jacebat
3702 712 3716 757 :
3769 691 3952 759 unde
4020 712 4301 780 gemens

2746 797 3008 866 dicebat
3052 798 3209 880 Job,
3262 822 3426 875 xxx,
3478 800 3560 864 22
3605 819 3620 866 z
3688 801 3780 865 Et
3847 800 4051 888 quasi
4096 821 4303 889 super

2744 916 3017 974 ventum
3042 927 3301 997 ponens
3347 904 3593 972 elisisti
3651 926 3757 971 me
3817 905 4072 972 valide.

2835 1252 2868 1287 «
2898 1225 3102 1294 Oculi
3129 1225 3463 1293 omnium.
3494 1248 3523 1286 n
3566 1222 3693 1292 Hic
3743 1221 3931 1315 quod
4005 1227 4297 1316 pertinet

2744 1333 2828 1401 ad
2856 1333 3084 1402 locum
3134 1355 3417 1414 nonum,
3486 1330 3742 1401 scilieet
3787 1333 3875 1400 ad
3926 1333 4288 1422 justitiam,

2744 1440 3135 1532 explicatur.
3208 1439 3293 1507 Et
3373 1440 3624 1530 prim0,
3712 1438 3798 1508 ad
3868 1438 4290 1530 generalem,

2745 1572 2878 1641 qua
2908 1548 3219 1640 providet
3249 1549 3569 1617 omnibus
3600 1549 3927 1617 creaturis
3947 1548 4290 1617 animatis.

2749 1655 3093 1735 Secunde,
3135 1655 3217 1723 ad
3250 1654 3637 1745 specialem,
3683 1678 3819 1747 qua
3888 1654 4108 1723 reddit
4176 1655 4301 1724 de-

2744 1763 2961 1831 bitum
3038 1761 3507 1844 rationalibus,
3573 1761 3764 1842 solis,
3841 1762 3962 1842 ibi,
4029 1770 4093 1839 ὴ.
4152 1764 4230 1832 17
4279 1786 4295 1830 2

2748 1897 2783 1935 α
2811 1871 3053 1939 Justus
3088 1870 3454 1950 Dominus,
3486 1894 3519 1935 »
3576 1868 3686 1938 vel
3734 1868 3853 1949 ibi,
3922 1869 4299 1938 secundum

2747 1977 3085 2059 Glossam,
3117 1984 3179 2053 51⁷.
3251 1975 3330 2045 16
3375 2000 3390 2045 :
3469 2002 3502 2042 α
3574 1977 3824 2069 Aperis
3892 1985 3968 2045 tu
4013 1999 4298 2046 manum

2748 2099 2970 2155 luam.
3000 2111 3035 2149 >²

2832 2188 2910 2255 In
2948 2187 3170 2280 prima
3208 2190 3370 2261 duo.
3406 2190 3669 2271 Primo,
3704 2190 4002 2261 ostendit
4041 2193 4301 2260 anima·

2743 2297 2911 2366 lium
2952 2298 3263 2366 omnium
3304 2298 3738 2376 desiderium,
3797 2307 3864 2367 et
3920 2299 4302 2370 ordinatio-

2745 2430 2901 2476 nem
2932 2407 3301 2499 quamdam
3333 2408 3417 2476 ad
3463 2407 3712 2477 Deum.
3768 2407 4115 2492 SecundO,
4176 2434 4299 2480 ex-

2743 2512 3147 2583 hibitionem
3178 2513 3415 2600 debiti,
3447 2523 3514 2583 et
3553 2515 3920 2606 justitiam,
3960 2515 4081 2599 ibi,
4142 2545 4175 2579 α
4201 2517 4299 2586 Et

2744 2631 2819 2688 tu
2864 2622 2991 2689 das
3020 2643 3264 2689 escam.
3311 2648 3342 2683 ι)

2830 2729 2945 2797 Ait
2975 2730 3156 2797 enim
3193 2752 3209 2796 ε
3249 2729 3364 2798 Sic
3402 2731 3703 2799 suavitas
3731 2753 3857 2822 per
3897 2731 4299 2801 anteceden-

2743 2838 2833 2907 tia
2873 2836 3418 2917 commendatur,
3451 2845 3519 2906 et
3555 2839 3825 2928 justitia
3852 2861 3975 2930 per
4012 2861 4300 2932 sequen-

2744 2949 2834 3015 tia
2872 2969 2888 3016 :
2932 2948 3094 3038 quia
3132 2946 3367 3016 dicunt
3393 2947 3703 3017 volentes
3759 2947 4038 3017 laudare
4088 2949 4300 3039 justi-

2742 3056 2934 3136 tiam,
2968 3078 3009 3123 o
3063 3081 3094 3122 α
3138 3057 3453 3134 Domine,
3524 3055 3713 3125 oculi
3766 3058 4080 3125 omnium
4150 3081 4297 3151 spe·

2742 3176 2902 3232 rant
2939 3164 3011 3231 in
3049 3173 3136 3243 te,
3170 3191 3202 3226 n
3256 3163 3594 3246 omnium,
3653 3166 3965 3257 inquam,
4029 3166 4295 3235 anima·

2741 3279 2967 3339 torum
2996 3293 3121 3363 pro
3169 3270 3321 3340 cibo
3387 3270 3727 3341 habendo.
3801 3271 4063 3341 Natura
4109 3274 4294 3342 enim

2742 3387 2864 3456 est,
2909 3387 2985 3447 ut
3016 3377 3251 3448 oculos
3290 3377 3666 3471 dirigamus
3696 3378 3782 3449 ad
3821 3379 4046 3466 illum,
4113 3380 4295 3449 unde

2741 3483 2999 3576 aliquid
3036 3507 3413 3576 speramus»,
3440 3486 3638 3574 juxta
3668 3485 3837 3555 illud
3864 3486 4045 3567 Joel,
4068 3511 4119 3573 1,
4161 3489 4289 3558 20:

2741 3592 2883 3663 Sed
2906 3600 2971 3661 et
3010 3591 3237 3662 bestiae
3266 3594 3450 3683 aqri,
3481 3595 3685 3684 quasi
3712 3617 3877 3663 area
3904 3595 4142 3664 sitiens
4171 3597 4292 3663 im·

2743 3700 2951 3778 brem,
2983 3709 3440 3793 suspexerunt
3468 3700 3568 3768 ad
3592 3711 3679 3768 te.

2831 3949 2867 3987 α
2901 3924 2995 3991 Et
3023 3932 3100 3989 tu
3129 3920 3280 3989 das.
3316 3948 3350 3983 n
3387 3919 3516 3988 llic
3564 3919 3970 3999 secundum,
4023 3920 4295 3991 exhibi-

2740 4032 2835 4100 tio
2865 4029 3072 4099 debiti
3107 4052 3123 4098 ε
3158 4038 3226 4098 et
3253 4029 3572 4098 dicuntur
3626 4028 3790 4098 duo.
3843 4030 4107 4110 Primo,
4173 4052 4291 4100 ex·

2739 4135 3004 4205 bibitio.
3042 4133 3387 4212 Secundo,
3433 4134 3679 4204 modus
3719 4134 4114 4220 exhibendi,
4167 4138 4286 4219 ibi,

2736 4254 2798 4323 j.
2849 4245 2930 4314 16
2964 4267 2980 4314 1
3022 4245 3268 4337 Aperi-5
3304 4253 3405 4312 tu.
3446 4272 3478 4306 υ

2825 4355 3002 4425 Dicit
3030 4376 3245 4446 ergo:
3293 4378 3328 4419 ι
3367 4354 3466 4423 Et
3511 4362 3588 4422 tu
3635 4354 3789 4434 das,
3840 4382 3874 4417 υ
3932 4364 4289 4450 tamquam

2736 4463 3007 4535 solvens
3054 4465 3151 4532 eis
3180 4460 3512 4543 debitum,
3556 4487 3590 4529 α
3640 4486 3864 4533 eseam
3896 4465 4214 4552 illorum,
4250 4493 4284 4536 a

2734 4592 2873 4640 non
2931 4569 3213 4661 passim,
3284 4575 3351 4636 et
3397 4567 3886 4652 indifferenter,
3947 4572 4069 4643 sed
4109 4599 4144 4640 ι
4216 4577 4288 4643 in

2733 4687 3031 4767 tempore
3074 4683 3484 4766 opportuno.
3539 4700 3575 4737 ι
3644 4673 3890 4746 Matth.
3967 4702 4063 4761 vx,
4134 4683 4221 4751 26
4263 4705 4287 4752 .·

2732 4782 3066 4874 Respicite
3142 4779 3466 4849 volatilia
3536 4780 3716 4863 coeli,
3777 4786 4110 4876 quoniam
4151 4811 4289 4858 non

2729 4905 2987 4972 serunt,
3017 4913 3234 4983 neque
3268 4898 3556 4971 metunt,
3596 4914 3815 4984 neque
3869 4908 4290 4989 eonqreqant

2739 5004 2809 5069 in
2836 4998 3081 5068 horrea
3112 5021 3136 5067 .·
3164 5008 3228 5068 et
3258 5000 3469 5068 Pater
3504 5007 3717 5069 vester
3743 5000 4033 5071 coelestis
4058 5007 4289 5096 pascit

2735 5107 2891 5188 illa,
2925 5131 3175 5201 magna
3213 5108 3467 5177 scilicet
3496 5106 3941 5190 abundantia,
3976 5120 4043 5180 et
4079 5115 4286 5184 etiam

2729 5215 2929 5284 t'aciat
2986 5214 3100 5284 illa
3164 5236 3440 5305 pascere
3499 5210 3817 5283 homines
3884 5215 4281 5309 aliquando,

2732 5324 2825 5392 111
2865 5322 3035 5416 neg.
3095 5346 3263 5403 xvn,
3333 5324 3424 5390 G:
3500 5323 3703 5391 Corvi
3765 5323 4165 5416 deserebant
4193 5331 4279 5409 ei,

2730 5430 2983 5501 scilicet
3018 5431 3207 5511 Eliae,
3231 5453 3484 5524 panem
3531 5439 3598 5498 et
3622 5453 3862 5499 comes
3898 5456 4125 5517 mane,
4183 5439 4286 5506 ,ςε-

2729 5542 2989 5611 militer
3044 5562 3296 5634 panem
3326 5549 3391 5608 et
3431 5562 3667 5609 earnes
3742 5565 4034 5636 vespere.
4067 5545 4142 5614 Si
4186 5547 4284 5615 sic

2729 5646 3045 5719 animalia
3079 5646 3496 5719 irrationalia
3523 5646 3770 5719 debent
3809 5649 4103 5744 dirigere
4124 5676 4280 5725 ocu·
