5008 6329
1834 364 2547 434 COMMENTARIUS
2596 363 2690 429 IN
2736 365 3174 434 PSALMUM
3225 366 3485 434 CXLII.

1075 528 1272 596 mihi.
1311 557 1344 592 n
1380 530 1665 611 Quart0‚
1729 533 1812 600 ab
1849 535 2139 600 inimicis
2190 533 2636 621 ereptionem,

1076 636 1195 716 ibi,
1229 645 1292 714 5.
1330 642 1370 708 9
1417 663 1431 709 :
1472 670 1503 702 «
1550 644 1767 731 Eripe
1804 663 1912 709 me
1964 643 2046 706 cle
2103 639 2399 706 inimicis
2447 640 2635 716 meis,

1079 748 1388 818 Domine.
1431 778 1463 813 n
1510 749 1795 830 Quinto,
1856 750 2374 815 instructionem
2432 749 2498 814 in
2550 747 2643 814 fa-

1073 857 1313 926 cienda
1345 858 1579 926 divina
1617 857 2005 936 voluntate,
2050 855 2169 936 ibi,
2203 862 2268 932 ᾗ.
2310 856 2389 923 10
2420 858 2641 924 :Doce

1074 987 1180 1033 me
1214 968 1465 1057 facere.
1509 973 1559 1028 »'
1989 1053 1995 1058 Δ

1161 1071 1238 1138 In
1269 1074 1490 1163 prima
1520 1071 1681 1140 duo.
1764 1072 2024 1150 Primo,
2079 1073 2248 1164 petit
2304 1072 2430 1139 sibi
2482 1094 2637 1139 con·

1069 1179 1226 1246 ferri
1294 1180 1415 1249 Dei
1476 1183 1822 1252 notitiam.
1880 1181 2228 1260 Secund0‚
2277 1180 2463 1247 addit
2529 1188 2638 1245 ta-

1070 1285 1152 1355 lis
1221 1289 1408 1379 petiti
1501 1314 1804 1368 causam,
1893 1288 2010 1366 ibi,
2113 1315 2145 1350 «
2220 1289 2317 1354 Ει
2383 1287 2637 1354 similis

1068 1416 1204 1462 ero.
1247 1423 1281 1459 n

1159 1502 1338 1570 Dicit
1393 1526 1556 1594 ergo
1602 1526 1617 1570 ε

1069 1612 1338 1680 exaudi.
1377 1612 1453 1680 In
1504 1612 2095 1704 quoexaudiam?
2158 1613 2350 1690 Ecce,
2408 1640 2438 1674 «
2484 1611 2635 1678 Non

1067 1731 1337 1790 avertas
1413 1723 1668 1810 faciem
1729 1731 1950 1799 tuam,
2004 1751 2035 1783 υ
2098 1720 2263 1812 quin
2314 1729 2377 1788 te
2435 1716 2633 1786 oculo

1065 1831 1372 1899 interiori
1405 1831 1702 1907 videam,
1740 1839 1805 1899 et
1837 1852 2277 1921 cognoscam,
2302 1854 2335 1894 α
2371 1850 2563 1908 amc,
2594 1855 2624 1889 n

1065 1938 1336 2015 humili,
1383 1939 1554 2006 sicut
1592 1936 1805 2005 fecisti
1839 1960 1878 2005 a
1907 1935 2202 2028 superbo
2234 1934 2626 2027 aliquando,

1065 2059 1131 2117 et
1182 2059 1551 2140 peccatore.
1598 2048 1777 2117 Dicit
1835 2050 2045 2128 enim,
2105 2046 2384 2116 Zachar.
2438 2070 2484 2127 ι,
2537 2045 2629 2113 3:

1067 2156 1566 2226 Converlimini
1601 2157 1700 2225 ad
1734 2181 1866 2236 me,
1901 2167 1962 2224 et
1991 2166 2349 2224 convertar
2376 2154 2627 2221 advos.

1064 2263 1283 2332 Exod.
1338 2288 1581 2343 xxxin,
1626 2266 1702 2333 13
1739 2286 1754 2331 ε
1818 2265 1901 2333 Si
1940 2264 2169 2332 inveni
2211 2264 2520 2353 qratiam
2560 2261 2632 2328 in

1063 2385 1422 2466 conspectu
1445 2386 1589 2452 tuo,
1615 2375 1892 2443 ostende
1911 2375 2085 2442 milii
2106 2374 2361 2464 faciem
2391 2383 2584 2440 luam
2609 2394 2631 2437 .·

1063 2480 1265 2572 plena
1306 2491 1408 2550 est
1463 2483 1649 2552 enim
1700 2484 1947 2574 gratia,
1995 2480 2266 2557 Esther,
2328 2503 2443 2553 xv.
2494 2480 2625 2545 17:

1064 2591 1304 2658 Facies
1355 2601 1480 2661 tua
1532 2591 1746 2681 plena
1794 2601 1893 2658 est
1940 2591 2364 2681 qratiarum.
2418 2587 2633 2656 Plena

1061 2700 1229 2780 vita,
1276 2699 1476 2784 Osee,
1510 2725 1606 2784 vn,
1649 2702 1687 2769 3
1724 2722 1740 2769 ε
1791 2702 2101 2769 Vivemus
2150 2700 2221 2768 in
2276 2708 2631 2789 conspectu

1061 2807 1243 2896 ejus.

1157 2942 1190 2983 ι
1217 2918 1314 2985 Ει
1346 2916 1626 2983 similis.
1666 2941 1699 2982 ι
1745 2915 1918 2984 Ecce
1965 2914 2366 2984 secundum.
2421 2909 2630 2993 Quasi

1064 3023 1366 3095 diceret:
1432 3023 1547 3094 Sic
1595 3048 1734 3094 non
1799 3033 2090 3101 avertas,
2175 3049 2208 3090 ι
2250 3032 2338 3102 et,
2405 3049 2438 3084 n
2507 3043 2631 3112 pro

1064 3138 1251 3229 quia,
1283 3139 1340 3204 si
1373 3136 1649 3219 avertiS,
1690 3164 1722 3199 «
1752 3134 2008 3203 similis
2037 3157 2150 3203 ero
2181 3130 2635 3202 descendenti-

1067 3242 1170 3311 bis
1203 3246 1271 3311 in
1305 3243 1563 3322 lacum,
1602 3271 1635 3305 υ
1672 3243 1740 3310 id
1791 3251 1918 3323 est,
1952 3243 2022 3309 in
2062 3240 2318 3333 peccati
2358 3239 2636 3330 profun-

1064 3353 1255 3420 dum.
1294 3352 1512 3421 Exod.
1549 3376 1664 3430 xv,
1700 3354 1740 3421 5
1786 3373 1802 3419 ε
1842 3350 2347 3420 Descenderam
2381 3350 2452 3417 in
2473 3371 2636 3441 pro-

1059 3461 1394 3553 fundum,
1438 3459 1704 3552 supple,
1738 3460 2022 3551 peccati,
2055 3458 2261 3551 quasi
2300 3457 2506 3549 lapis.
2550 3454 2637 3522 Et

1063 3577 1226 3638 tunc
1276 3570 1706 3648 indurantur,
1755 3566 2009 3637 Thren.
2062 3588 2159 3645 m,
2221 3565 2352 3635 53:
2403 3566 2632 3655 Lapsa

1063 3690 1160 3747 esl
1191 3680 1261 3747 in
1306 3680 1535 3748 lacum
1567 3680 1713 3747 vita
1743 3701 1922 3758 mea,
1951 3689 2016 3745 el
2030 3682 2413 3769 posuerunt
2447 3672 2633 3765 lapi-

1064 3785 1218 3854 dem
1255 3809 1464 3878 super
1492 3809 1620 3865 me,
1656 3785 1787 3854 hoc
1818 3794 1945 3865 est,
1995 3782 2220 3853 cordis
2250 3781 2572 3849 duritiam
2609 3801 2625 3847 ε

1065 3894 1147 3962 Et
1186 3903 1663 3969 contemnunt.
1717 3891 2042 3960 Proverb.
2108 3912 2302 3973 xvm,
2336 3891 2427 3958 3:
2484 3889 2632 3955 Im-

1052 4003 1222 4093 pius
1256 4025 1412 4070 cum
1446 4000 1516 4069 in
1551 4000 1993 4093 profundum
2035 3997 2293 4068 venerit
2323 4005 2631 4089 peccato-

1064 4133 1248 4192 rum,
1283 4111 1675 4180 contemnit.

1695 1502 1834 1580 Sic,
1914 1501 2235 1590 Domine,
2312 1501 2637 1570 velociter

1153 4457 1187 4490 «
1222 4425 1560 4497 Audilam
1587 4427 1732 4516 lac.
1761 4450 1793 4489 n
1817 4422 1945 4493 llic
1963 4423 2367 4499 secundum,
2387 4422 2455 4489 in
2485 4444 2623 4513 quo

1062 4537 1228 4626 petit
1284 4544 1540 4604 certam
1600 4531 2081 4602 misericordias
2127 4530 2617 4624 cognitionem.

1057 4645 1144 4714 Et
1174 4648 1424 4736 primo,
1473 4643 1661 4735 petit.
1717 4641 2061 4719 Secundo,
2115 4641 2451 4709 rationem
2500 4638 2625 4707 ad-

1046 4751 1305 4842 jungit,
1341 4748 1460 4827 ibi,
1497 4774 1530 4814 α
1579 4748 1762 4834 Quia
1796 4748 1865 4814 in
1905 4754 1969 4813 te
2001 4746 2294 4837 speravi.
2343 4773 2374 4808 n

1149 4860 1325 4929 Dicit
1356 4881 1520 4950 ergo
1554 4882 1570 4928 ε
1610 4857 1727 4927 Sic
1758 4858 1845 4927 da
1873 4857 1971 4925 tui
1995 4857 2486 4948 cognitionem,
2512 4853 2618 4924 vel

1057 4971 1127 5036 in
1184 4966 1419 5034 habita
1468 4988 1576 5034 me
1633 4987 1995 5045 conserva,
2055 4969 2123 5032 et
2187 4963 2394 5032 etiam
2430 4988 2463 5029 ι
2502 4964 2623 5053 lac

1058 5075 1236 5144 milii
1260 5074 1608 5152 audilam,
1655 5098 1688 5139 ι
1732 5074 1801 5142 in
1834 5096 1997 5142 aure
2027 5071 2251 5142 cordis
2292 5070 2617 5142 interiori,

1062 5209 1097 5249 e
1133 5182 1677 5252 misericordiam
1710 5191 1933 5260 tuam,
1970 5209 2003 5243 ι»
2046 5190 2122 5248 ut
2152 5181 2408 5271 possim
2440 5179 2623 5248 dice·

1058 5316 1129 5362 re
1163 5291 1332 5360 illud
1365 5289 1616 5359 Psalmi
1652 5310 1669 5356 z
1707 5289 2181 5357 Misericordia
2212 5299 2336 5356 tua
2365 5310 2621 5378 maqna

1058 5410 1156 5469 est
1190 5422 1400 5492 super
1433 5421 1540 5468 me
1570 5393 1615 5464 ¹.
1649 5394 1737 5465 Et
1776 5394 1933 5477 hoc,
1983 5425 2010 5461 a
2044 5419 2271 5479 mane,
2309 5424 2341 5459 »ι
2377 5395 2446 5462 in
2468 5404 2623 5463 ortu

1136 5652 1157 5689 ¹
1189 5646 1347 5706 Psal.
1382 5663 1585 5712 cxxxv,
1618 5646 1707 5703 1³.

1133 5743 1160 5780 ¹
1185 5743 1355 5801 ioan.
1386 5756 1464 5809 xi,
1494 5742 1562 5797 0:
1612 5739 1675 5797 Si
1712 5739 1839 5812 quis
1886 5736 2255 5795 ambulaverit
2281 5738 2341 5795 in
2369 5736 2480 5810 die,
2510 5755 2623 5798 non

4171 368 4300 434 485

2749 533 2999 597 scilicet
3038 533 3274 621 gratiae
3307 541 3440 599 tuae
3481 534 3549 597 in
3596 532 3794 599 corde
3844 555 4023 599 meo,
4078 531 4295 599 Exod.

2749 662 2884 716 xiv,
2930 640 3014 705 24
3060 662 3072 705 :
3115 640 3411 730 Jamque
3449 639 3814 706 advenerat
3863 638 4109 729 viqilia
4147 663 4301 706 ma-

2749 749 2998 828 tulina,
3033 758 3095 816 et
3124 772 3265 816 ecce
3303 750 3661 839 respiciens
3698 748 4042 815 Dominus
4093 769 4300 837 super

2746 867 2969 924 castra
3018 858 3550 946 AEqyptiorum,
3603 864 3728 922 etc.
3794 853 3992 935 Osee,
4062 877 4156 932 vt,
4202 854 4292 921 3:

2749 965 2964 1049 Quasi
2993 963 3390 1030 diluculum
3415 974 3852 1055 praeparatus
3872 972 3969 1029 est
3993 985 4298 1053 eqressus

2741 1073 2916 1161 ejm,
2961 1072 3043 1140 ad
3074 1073 3377 1139 animam
3412 1096 3529 1163 per
3556 1073 3843 1164 gratiam
3875 1094 4094 1140 suam.
4138 1070 4294 1151 Vel,

2745 1206 2778 1246 α
2822 1204 3045 1258 mane,
3092 1206 3126 1247 »
3178 1189 3334 1271 post
3379 1180 3585 1249 tinem
3640 1180 3865 1249 saeculi
3933 1179 4163 1268 hujuS‚
4226 1180 4295 1247 in

2741 1311 2875 1378 quo
2936 1289 3219 1356 omnino
3287 1287 3601 1357 recedent
3677 1290 3969 1356 tenebrae
4006 1311 4021 1354 ε
4093 1310 4294 1355 mane

2739 1397 2918 1463 enim
2955 1405 3218 1464 tantum
3263 1405 3542 1486 propter
3589 1395 3719 1464 hoc
3767 1396 4058 1465 dicitur:
4095 1395 4293 1485 plena

2739 1515 2965 1571 autem
3010 1506 3324 1572 meridies
3366 1506 3517 1584 erit,
3546 1516 3875 1596 quantum
3926 1505 4011 1571 ad
4052 1504 4294 1595 cogni-

2739 1613 3023 1692 tionem,
3077 1621 3142 1680 et
3171 1613 3510 1682 ardorem.
3576 1613 3705 1681 lsa.
3753 1637 3933 1692 tvm,
3973 1613 4053 1680 10
4099 1635 4113 1678 ε
4173 1614 4294 1680 Te-

2738 1718 2959 1787 nebroe
2998 1731 3134 1788 tuse
3162 1730 3363 1788 erunt
3404 1722 3583 1789 sicul
3638 1721 3980 1788 meridies.
4037 1719 4062 1786 1
4117 1718 4286 1811 Reg.

2738 1853 2831 1910 xx,
2865 1831 2903 1897 9
2942 1853 2956 1897 ε
3006 1832 3172 1900 Cras
3200 1833 3330 1899 erit
3358 1831 3546 1898 vobis
3567 1831 3786 1913 saluS,
3818 1854 3974 1898 eum
3996 1830 4298 1899 incalue-

2738 1940 2830 2005 rit
2863 1938 2994 2005 sol.
3042 1939 3127 2006 Et
3166 1948 3400 2008 tamen
3430 1940 3557 2008 erit
3603 1949 3794 2031 quasi
3855 1962 4080 2021 mane,
4135 1939 4295 2030 quia

2737 2056 2898 2116 tunc
2930 2048 3188 2116 orietur
3234 2047 3447 2117 homo
3504 2049 3610 2117 ad*
3647 2048 3960 2141 gloriam.
4001 2048 4161 2129 Job,
4197 2072 4288 2126 xi,

2743 2158 2822 2224 17
2859 2177 2875 2223 ε
2926 2157 3099 2226 Cum
3122 2167 3187 2224 le
3211 2168 3693 2249 consumptum
3708 2158 4088 2249 putaveris,
4120 2157 4293 2226 orie-

2738 2268 2834 2333 ris
2873 2277 2949 2335 ut
2981 2267 3255 2358 lucifer.

2828 2400 2861 2440 α
2889 2375 3070 2458 Quia
3091 2376 3163 2442 in
3181 2377 3552 2468 lesperavi.
3584 2400 3617 2441 ι
3644 2373 3814 2443 Ecce
3848 2397 4055 2444 causa
4083 2397 4292 2466 quare

2737 2480 3155 2550 confidenter
3209 2491 3395 2572 pete.
3449 2481 3654 2552 Eccli.
3708 2504 3777 2561 ιι,
3839 2483 3912 2550 11
3955 2505 3971 2550 :
4032 2482 4294 2551 Nullus

2735 2590 3032 2680 speravit
3073 2590 3142 2656 in
3170 2590 3499 2672 Domino,
3552 2599 3617 2657 et
3653 2592 3982 2681 confusus
4021 2600 4141 2658 est.
4184 2588 4294 2657 Ad

2740 2698 3027 2767 Roman.
3066 2722 3133 2782 v,
3178 2700 3217 2766 5
3254 2721 3270 2766 ε
3303 2699 3475 2793 Spes
3501 2723 3638 2767 non
3666 2700 4050 2790 confundit.

2828 2943 2860 2978 «
2902 2917 3160 2984 Natam
3212 2918 3332 3007 lae
3383 2917 3559 2984 milii
3611 2918 3819 2985 viam.
3869 2942 3903 2983 n
3965 2917 4096 2987 Hic
4150 2927 4295 2987 ter-

2736 3023 2936 3101 tium,
2971 3024 3039 3090 in
3083 3046 3224 3115 quo
3262 3026 3433 3115 petit
3476 3026 3606 3094 viae
3654 3049 3791 3118 qua
3844 3027 3978 3094 itur
4036 3025 4122 3094 ad
4153 3026 4293 3094 mi-

2737 3131 3201 3215 sericordiam,
3245 3133 3766 3203 ostensionem:
3832 3142 3898 3203 et
3971 3133 4294 3204 dicuntur

2738 3238 2900 3307 duo.
2945 3238 3206 3319 Primo,
3264 3241 3457 3331 petit.
3513 3239 3858 3321 Secundo,
3901 3241 4089 3310 addit
4126 3265 4294 3310 cau-

2736 3369 2881 3415 sam
2945 3369 3153 3436 quare
3200 3345 3448 3417 debeat
3487 3347 3823 3432 obtinere,
3869 3349 3988 3433 ibi,
4035 3376 4070 3416 e
4108 3351 4291 3436 Quia

2738 3453 2836 3521 ad
2860 3463 2924 3521 te
2964 3453 3208 3522 levavi.
3258 3480 3291 3521 ι

2825 3559 3004 3630 Dicit
3063 3585 3226 3654 ergo
3264 3586 3280 3630 :
3319 3561 3435 3632 Sic
3499 3571 3563 3633 te
3600 3586 4015 3657 cognoscere
4061 3564 4190 3645 fac.
4223 3573 4292 3635 et

2736 3676 2923 3738 tuam
2981 3671 3556 3756 misericordiam,
3609 3681 3675 3742 et
3733 3676 3940 3742 etiam
3985 3702 4018 3737 α
4052 3682 4290 3742 violam

2732 3782 2854 3870 fac
2890 3780 3137 3859 mihi.»
3168 3788 3268 3857 tu.
3319 3803 3460 3849 non
3502 3780 3701 3867 alius,
3750 3812 3782 3846 «
3814 3784 4001 3852 viam
4043 3784 4110 3851 in
4150 3807 4291 3874 qua

2734 3884 3110 3966 ambulem,
3148 3912 3181 3953 ι
3243 3888 3330 3957 ad
3395 3897 3485 3960 te.
3531 3889 3660 3958 lsa.
3722 3914 3793 3967 11.
3859 3892 3942 3960 3:
4009 3891 4292 3961 Docebit

2732 4016 2854 4061 nos
2878 3994 3026 4062 vias
3050 4016 3248 4078 suas,
3287 4005 3352 4064 el
3381 3995 3902 4066 ambulabimus
3930 3999 4002 4067 in
4028 4000 4291 4068 semitis

2731 4099 2908 4190 ejus.
2939 4099 3126 4171 Doce
3166 4110 3233 4170 et
3263 4103 3546 4172 ostende
3586 4106 3747 4196 quia
3784 4105 3904 4173 lux
3943 4128 4041 4175 es.
4080 4106 4285 4178 Joan.

2732 4232 2874 4288 vm,
2914 4212 3032 4280 12:
3084 4212 3238 4302 qu
3274 4233 3433 4280 sum
3492 4211 3917 4282 luxmundi.
3968 4213 4137 4283 Tob.
4190 4238 4284 4297 nv,

2730 4319 2864 4386 20:
2935 4319 3099 4386 Pele
3161 4316 3250 4387 ab
3317 4342 3393 4386 eo
3446 4328 3524 4387 ut
3588 4322 3737 4388 vias
3798 4331 3956 4389 luas
3994 4320 4281 4413 diriqat.

2728 4423 2936 4494 Eccli.
3007 4448 3244 4505 xxxvi,
3320 4428 3448 4496 19.-
3515 4429 3764 4520 Diriqe
3797 4451 3921 4498 nos
3969 4431 4041 4497 iu
4100 4430 4285 4499 viam

2717 4531 3046 4622 justitiae.
3084 4532 3290 4603 Joan.
3352 4557 3471 4616 xn,
3505 4535 3590 4604 35
3630 4558 3646 4603 :
3700 4534 4073 4605 Ambulate
4117 4536 4286 4606 dum

2731 4639 2950 4708 lucem
2978 4638 3269 4722 habetis,
3320 4641 3507 4709 viam
3545 4641 3743 4710 vobis
3781 4643 4280 4726 ostendentem,

2727 4758 2795 4819 et
2824 4771 2963 4815 non
2993 4746 3352 4817 offendetis
3383 4754 3428 4817 ⁸.
3467 4748 3878 4841 Gregorius:
3912 4780 3945 4816 ι
3982 4752 4287 4823 lnoss'en-

2731 4885 2764 4921 ι
2807 4879 2884 4925 so
2940 4856 3113 4947 pede
3153 4857 3279 4926 iter
3315 4859 3564 4949 agitur,
3617 4859 3675 4927 si
3719 4858 3905 4930 Deus
3952 4869 4020 4931 et
4055 4861 4285 4954 proxi-

2730 4987 2765 5027 «
2799 4985 2953 5032 mus
2982 4962 3328 5055 diligatur.
3363 4992 3396 5025 a

2819 5096 2852 5136 α
2893 5071 3076 5156 Quia
3106 5070 3203 5138 ad
3226 5080 3314 5151 te,
3352 5097 3386 5138 n
3431 5095 3571 5141 non
3601 5073 3686 5142 ad
3715 5073 3953 5157 alium,
3992 5105 4026 5141 «
4063 5077 4285 5146 levavi

2726 5180 3038 5247 animam
3061 5202 3309 5261 meam,
3339 5207 3372 5248 ι
3404 5205 3523 5273 per
3543 5182 3984 5253 desiderium.
4025 5183 4276 5255 Thren.

2728 5308 2826 5364 m.
2860 5288 2940 5355 41
2982 5309 2999 5354 :
3032 5289 3359 5358 Levemus
3404 5290 3612 5359 corda
3667 5304 3903 5361 nostra
3941 5315 4097 5364 cum
4126 5318 4284 5365 ma-

2725 5394 2931 5465 nibus
2977 5395 3075 5465 ad
3119 5399 3523 5483 Dominum,
3558 5400 3745 5493 quod
3779 5400 3941 5472 facit.
3987 5402 4281 5498 Spiritus

2725 5652 2977 5728 offendit.
3009 5653 3097 5712 Cr.
3128 5652 3310 5711 etiam
3332 5654 3500 5713 Joan.
3524 5671 3605 5728 xi,
3634 5658 3722 5716 ¹0.
