5008 6329
2393 178 2810 250 PSALMUS
2863 180 3036 253 CIX.

1116 384 1150 421 «
1193 381 1236 422 a
1310 355 1572 422 dextris
1619 357 1977 446 pauperis.
2053 382 2085 424 ι
2158 357 2339 427 Psal.
2406 380 2519 436 xv,
2574 356 2661 422 8:

1105 468 1162 533 A
1196 464 1462 531 dextris
1494 473 1592 530 est
1620 463 1820 542 milti,
1864 489 1948 533 ne
1976 489 2421 534 commovear.
2459 465 2661 531 Prov.

1119 595 1215 653 ιιι,
1250 574 1385 638 26τ
1446 571 1791 640 Dominus
1847 575 1976 640 erit
2024 575 2094 640 in
2145 574 2354 641 latere
2392 582 2535 648 tuo,
2610 579 2670 636 ct

1108 678 1443 746 custodiet
1484 677 1738 768 pedem
1770 688 1971 746 tuum
2001 702 2084 746 ne
2125 679 2444 768 capiaris.
2492 676 2551 744 11
2587 677 2671 743 ad

1106 784 1410 853 Timoth.
1446 809 1541 870 w,
1583 787 1661 854 17
1717 808 1732 852 ε
1779 787 2123 854 Dominus
2166 785 2340 852 milei
2370 785 2665 862 adstitit,

1110 904 1172 961 et
1221 895 1641 985 confortavit
1678 916 1808 960 me.
1857 890 2007 959 Stat
2045 900 2287 960 autem
2338 894 2669 961 Dominus

1119 1024 1157 1070 a
1214 1001 1470 1070 dextris
1513 1003 1884 1091 justorum,
1949 1002 2108 1091 quia
2162 1025 2247 1070 ex
2314 1002 2425 1069 illa
2480 1012 2668 1092 parte

1112 1108 1428 1177 diabolus
1467 1110 1876 1198 impugnare
1925 1108 2076 1177 vult
2122 1111 2495 1200 potissime.
2543 1109 2671 1176 Za-

1112 1216 1298 1285 char.
1350 1239 1451 1296 ιιι,
1524 1217 1554 1282 1
1613 1235 1628 1280 :
1716 1213 2027 1283 Ostendit
2091 1217 2267 1284 milti
2328 1218 2666 1284 Dominus

1107 1327 1372 1402 Jesum,
1394 1319 1816 1390 sacerdotem
1846 1345 2206 1414 maqnum.
2223 1375 2236 1388 .
2253 1375 2267 1389 .
2291 1346 2312 1390 .·
2343 1334 2406 1390 et
2443 1325 2664 1393 Satan

1105 1429 1338 1499 stabat
1368 1453 1412 1497 a
1451 1428 1713 1496 dextris
1751 1429 1931 1518 ejus.
1977 1429 2060 1497 Et
2114 1430 2276 1521 quia
2304 1431 2468 1519 justi
2525 1453 2663 1499 non

1110 1536 1367 1605 habent
1414 1537 1544 1603 nisi
1600 1535 1977 1618 dexteram,
2036 1536 2206 1605 nihil
2273 1545 2373 1605 est
2420 1540 2486 1605 in
2530 1539 2662 1605 illis

1109 1645 1488 1711 sinistrum.
1559 1641 1780 1711 Judie.
1849 1666 1943 1719 ιιι,
2002 1645 2082 1712 15
2119 1664 2136 1714 :
2169 1645 2322 1712 Aod
2377 1654 2665 1737 utraque

1111 1774 1328 1819 manu
1361 1773 1491 1842 pro
1532 1749 1814 1817 dextera
1855 1749 2199 1821 utebatur.

1203 2000 1238 2040 ι
1268 1976 1356 2044 Ut
1384 1973 1685 2042 salvam.
1710 1997 1743 2038 n
1778 1971 1950 2041 Ecce
1983 1973 2382 2055 secundum,
2407 1974 2663 2044 scilieet

1111 2083 1428 2151 salvatio.
1474 2079 1685 2159 Quasi
1724 2079 1978 2148 diceret
2015 2103 2030 2147 ε
2069 2079 2183 2149 Sic
2213 2082 2435 2150 munit
2474 2091 2660 2150 stans

1108 2191 1178 2257 in
1209 2189 1489 2257 dextera
1517 2197 1624 2257 :et
1649 2188 1736 2256 ad
1766 2187 1898 2258 hoc
1920 2189 2205 2257 ulterius
2226 2190 2504 2271 adstitit,
2527 2220 2558 2255 «
2583 2201 2661 2260 ut

1108 2297 1384 2366 salvam
1411 2301 1694 2388 laceret,
1724 2321 1757 2362 n
1784 2321 1924 2366 non
1957 2306 2030 2365 ut
2050 2297 2319 2366 divitias
2349 2299 2659 2367 cumula-

1107 2405 1239 2482 ret,
1288 2395 1398 2465 vel
1443 2395 1765 2483 honoreS,
1827 2406 1945 2465 aut
1986 2398 2310 2467 sanitates
2356 2400 2659 2490 corporis

4188 203 4189 206 ’
4222 187 4342 255 161

2780 352 2991 440 daret,
3022 381 3053 421 α
3099 358 3415 425 animam
3441 379 3691 434 meam,
3721 380 3754 421 w
3788 357 4101 446 exposita
4140 379 4342 425 earne

2780 461 3285 533 afflictionibuS.
3347 465 3509 549 Job,
3572 488 3664 542 tx,
3711 466 3795 532 24
3853 487 3867 530 ε
3916 467 4120 533 Terra
4169 467 4339 534 data

2779 581 2873 639 cst
2932 573 2998 638 in
3058 595 3309 640 manus
3353 574 3558 664 impii
3608 597 3631 639 .·
3709 572 3827 640 sed
3866 574 4097 641 anima
4148 575 4339 641 salva

2781 688 3084 748 remanet
3135 683 3203 747 in
3257 705 3471 749 manu
3528 681 3680 748 Dei.
3741 680 4173 771 Sapient.111,
4228 686 4258 751 1
4321 703 4337 748 ι

2772 791 3132 855 Justorum
3176 790 3430 856 animae
3482 790 3553 854 in
3594 811 3808 856 manu
3855 791 3986 856 Dei
4030 800 4218 856 sunt.
4263 789 4351 856 Et

2780 894 2930 973 hoe,
2966 922 2997 955 «
3024 917 3067 960 a
3107 894 3747 986 persequentibus,»
3773 897 3991 985 ipsam
4017 899 4347 964 animam.

2776 1000 2981 1067 Ecoli.
3056 1024 3142 1080 m,
3196 1004 3234 1069 :²5
3277 1025 3291 1068 ε
3328 1001 3675 1069 Liberasti
3720 1026 3827 1069 me
3873 1003 3957 1070 de
4013 1004 4340 1071 manibus

2776 1108 3228 1196 quaerentium
3262 1110 3577 1175 animam
3619 1131 3869 1188 meam,
3914 1112 4088 1176 sicut
4126 1109 4350 1178 fecisti

2775 1211 3047 1280 beatum
3114 1212 3272 1292 Job,
3336 1238 3410 1294 11,
3455 1216 3495 1282 6
3560 1238 3575 1282 ε
3635 1216 4108 1284 Verumtamen
4177 1219 4341 1284 ani-

2775 1343 2960 1387 mam
3020 1321 3220 1388 illius
3272 1345 3493 1389 serva.
3577 1321 3821 1390 Matth.
3856 1346 3924 1404 x,
3982 1326 4067 1389 28
4117 1344 4133 1391 ε
4187 1326 4337 1392 Νο-

2778 1426 2897 1494 lite
2954 1429 3192 1495 timere
3266 1452 3377 1495 cos
3468 1431 3593 1519 qui
3672 1429 3987 1496 occidunt
4061 1453 4332 1521 corpuS,

2774 1538 3082 1603 animam
3141 1547 3372 1604 autem
3452 1560 3590 1604 non
3639 1547 3936 1629 possunt
4009 1539 4334 1606 occidere.

2773 1641 2948 1721 Quia
2995 1642 3183 1711 Deus
3257 1643 3480 1712 salvat
3546 1643 3734 1712 illam
3786 1667 3989 1726 nune,
4060 1645 4338 1713 tandem

2772 1751 3155 1819 salvaturus
3204 1761 3308 1820 est
3336 1775 3494 1821 eum
3525 1752 3642 1822 illa
3670 1754 4025 1845 proprium
4056 1776 4329 1843 eorpus.

2769 1858 2878 1926 Ad
2907 1858 3160 1949 Philip.
3203 1883 3301 1939 ιιι,
3337 1861 3424 1929 20
3462 1867 3531 1929 et
3561 1862 3642 1929 21
3687 1859 4166 1930 :salvatorem
4207 1884 4332 1929 ex-

2766 1978 3152 2058 spectamus
3240 1970 3628 2036 Dominum
3718 1979 4030 2036 nostrum
4093 1970 4330 2036 Jesum

2774 2076 3151 2156 Christum,
3186 2077 3310 2166 qui
3351 2076 3762 2167 reformabit
3800 2099 4045 2168 corpus
4092 2076 4333 2144 humi-

2771 2184 2991 2251 litatis
3033 2192 3304 2252 nostrae.
3376 2183 3578 2264 Quod
3619 2185 3689 2253 in
3745 2185 3945 2253 nobis
4019 2184 4325 2275 impleat,

2769 2293 2886 2382 qui
2967 2300 3067 2360 est
3133 2290 3532 2360 benedictus
3596 2316 3721 2384 per
3783 2293 4013 2359 omnia
4080 2291 4328 2360 saecula

2767 2399 3199 2468 saeculorum.
3233 2400 3487 2468 Amen.

2363 2903 2823 2979 PSALMUS
2872 2901 3066 2976 clx.

1644 3253 1979 3326 Celebrat
2024 3251 2390 3323 Christum
2429 3260 2504 3320 ut
2539 3271 2802 3344 regem,
2834 3250 3301 3339 sacerdotem,
3332 3261 3404 3322 et
3434 3250 3778 3341 iudicem.

1162 3658 1220 3706 ι.
1253 3633 1593 3705 Psatmus
1640 3631 1908 3704 David.

1286 3743 1484 3816 Dixit
1516 3743 1881 3817 Dominus
1916 3740 2232 3812 Domino
2262 3762 2426 3811 meo
2473 3762 2489 3810 ε
2524 3737 2660 3812 Se-

1379 3851 1469 3921 de
1507 3873 1548 3921 a
1579 3849 1852 3921 dextris
1891 3846 2076 3919 meis
2108 3856 2158 3928 ¹,

1290 3960 1540 4031 Donec
1578 3979 1848 4053 ponam
1898 3957 2236 4028 inimicos
2274 3972 2443 4026 tuos
2500 3976 2659 4025 sca-

1376 4069 1648 4140 bellum
1682 4085 1932 4160 petum
1955 4083 2250 4136 tuorum
2289 4064 2338 4133 ¹.

1154 4205 1220 4253 2.
1272 4180 1572 4275 Virgam
1607 4176 1899 4250 virtutis
1937 4194 2080 4246 tuae
2109 4174 2388 4246 emittet
2414 4172 2661 4244 Domi·

1376 4309 1516 4359 nus
1544 4308 1631 4358 ex
1672 4283 1852 4358 Sion
1891 4304 1910 4354 ε
1954 4281 2331 4353 dominare
2379 4281 2452 4350 in
2502 4301 2661 4350 me-

1383 4391 1509 4462 dio
1548 4390 2018 4463 inimicorum
2048 4405 2369 4459 tuorum.

1156 4502 1222 4572 3.
1273 4499 1552 4570 Tecum
1594 4496 2040 4591 principium
2092 4495 2164 4564 in
2215 4494 2333 4565 die
2370 4493 2660 4565 virtutis

1381 4624 1551 4691 tuae,
1627 4605 1700 4675 in
1773 4602 2287 4695 splendoribus
2378 4618 2660 4673 sancto-

1383 4736 1546 4786 rum
1595 4732 1616 4785 :
1675 4735 1760 4785 ex
1809 4729 2015 4783 utero
2080 4729 2244 4783 ante
2286 4710 2661 4782 luciferum

1379 4821 1598 4916 genui
1636 4838 1732 4892 te.

1183 5100 1202 5137 ¹
1235 5097 1439 5157 Hatth.
1468 5114 1609 5169 xxn,
1640 5097 1732 5155 4⁴.

1178 5187 1203 5225 ¹
1230 5188 1351 5246 lad
1380 5188 1647 5248 Corinth.
1678 5204 1775 5257 xv,
1800 5190 1906 5258 253
1932 5185 2009 5244 ad
2033 5185 2207 5244 liebr.
2239 5203 2279 5256 ι,
2313 5190 2379 5246 13
2402 5192 2463 5247 et
2489 5204 2548 5254 x,
2575 5185 2661 5243 ¹³.

1394 5658 1509 5703 ΣῪΙΙ

2810 3651 2880 3718 4.
2930 3628 2969 3698 J
2978 3626 3214 3699 uravit
3245 3627 3642 3709 Dominus,
3666 3645 3737 3697 et
3770 3648 3915 3697 non
3942 3622 4327 3718 poenitebit

3029 3758 3201 3808 eum
3236 3736 3407 3807 :Tu
3466 3758 3545 3807 es
3591 3736 3932 3807 sacerdos
3989 3735 4064 3803 in
4107 3748 4324 3802 aeter-

3035 3865 3216 3914 num
3238 3844 3648 3915 secundum
3670 3843 4008 3914 ordinem
4029 3839 4328 3911 Melchi-

3033 3951 3297 4022 sedech
3336 3962 3381 4023 ⁸.

2816 4064 2883 4131 5.
2937 4059 3300 4129 Dominus
3328 4080 3369 4129 a
3397 4055 3672 4128 dextris
3720 4055 3867 4127 tuis
3903 4078 3921 4126 ε
3973 4052 4327 4148 confregit

3033 4164 3107 4235 in
3151 4165 3273 4236 die
3299 4166 3426 4236 irae
3470 4184 3626 4236 suae
3667 4185 3895 4257 reges.

2811 4277 2882 4345 6.
2922 4270 3294 4345 Judicabit
3342 4271 3414 4343 in
3460 4270 3886 4343 nationibus
3931 4292 3948 4339 ε
3992 4266 4331 4361 implebit

3034 4381 3310 4464 ruinas,
3371 4381 3892 4474 conquassabit
3958 4378 4194 4470 capita
4251 4377 4326 4448 in

3033 4506 3221 4560 terra
3262 4488 3697 4560 multorum.

2815 4622 2882 4691 7.
2940 4600 3042 4669 De
3074 4613 3395 4668 torrente
3422 4595 3497 4667 in
3528 4594 3646 4666 via
3678 4594 3916 4667 bibet:
3943 4611 4326 4689 propterea

3035 4704 3376 4779 exaltabit
3415 4724 3658 4801 caput.

2842 5092 2867 5129 ⁸
2892 5092 3059 5150 Joan.
3091 5108 3192 5160 xn,
3223 5091 3290 5148 3⁴
3313 5109 3331 5161 ς
3358 5089 3436 5149 ad
3479 5087 3658 5149 liebr.
3692 5106 3749 5159 v,
3777 5091 3835 5157 6,
3866 5093 3926 5145 et
3954 5105 4053 5154 vn,
4090 5088 4176 5143 ΓΙ.

3983 5639 4041 5694 11
