5008 6329
784 1357 903 1422 17

702 2528 976 2592 Peccatori·

689 2596 879 2642 conipm
891 2592 988 2628 ιιιο

718 2654 728 2666 ,
801 2655 812 2680 Ι
852 2653 861 2661 -
912 2650 923 2661 α

769 2653 794 2681 ΙΙ
836 2655 848 2679 t

771 2691 903 2739 tnalo.

1811 303 2524 375 COMMENTARIUS
2577 305 2669 373 IN
2718 302 3151 373 PSALMUM
3201 301 3531 371 CXLVII.

1044 501 1141 560 ιιι,
1177 476 1244 558 6,
1281 478 1527 546 dieitur
1560 500 1574 547 t
1619 477 1894 567 Abjecit
1942 500 2061 546 rex
2120 479 2591 544 vestimentum

1033 607 1240 653 suum
1275 608 1319 652 a
1364 610 1456 666 se,
1499 596 1563 653 ct
1613 586 1897 652 indutus
1938 593 2036 652 est
2086 605 2278 650 sacco
2308 588 2371 648 et
2420 581 2594 647 sedit

1035 693 1107 758 in
1141 694 1382 763 cinere.
1419 694 1500 761 Et
1533 694 1879 761 Abraham
1911 713 2072 759 vere
2110 687 2389 756 humilis
2421 687 2594 754 dice·

1037 799 1180 877 bat,
1226 801 1471 870 GeneS.
1524 824 1718 876 xvm,
1782 801 1864 864 27
1925 821 1939 864 :
1993 799 2275 884 Loquar
2313 793 2411 860 ad
2459 796 2595 861 Do-

1037 909 1302 976 minum
1391 931 1645 985 meum,
1753 927 1908 972 cum
2010 905 2142 969 sim
2203 902 2440 994 pulvis
2531 910 2594 968 et

1031 1039 1230 1084 cinis.

1134 1360 1164 1393 «
1231 1329 1451 1397 Mittit
1532 1327 1946 1416 crystallum
2020 1349 2247 1395 suam.
2352 1355 2383 1388 »
2461 1326 2587 1395 Hic

1027 1437 1331 1516 tertium,
1401 1433 1656 1502 scilicet
1723 1433 2221 1501 obstinatorum
2283 1434 2584 1522 ipsorum

1031 1544 1416 1612 conversio,

1122 1650 1234 1716 Ait
1274 1650 1455 1715 enim
1489 1670 1502 1714 ε
1553 1647 1667 1716 Sic
1696 1649 1926 1716 nivem
1968 1649 2037 1714 in
2077 1645 2333 1725 lanam,
2377 1644 2585 1714 nebu-

1030 1756 1167 1825 lam
1208 1779 1373 1825 vero
1414 1758 1753 1824 convertit
1784 1757 1851 1822 in
1893 1756 2216 1833 cinerem,
2252 1762 2318 1822 et
2349 1782 2384 1818 α
2430 1756 2584 1820 mit-

1028 1868 1112 1933 tit
1161 1893 1192 1927 >³
1257 1888 1379 1956 per
1430 1866 1764 1934 mundum
1805 1864 1891 1932 ad
1946 1863 2117 1932 alios
2147 1863 2582 1932 reficiendum

1033 1981 1101 2041 et
1155 1973 1598 2063 pascendum,
1675 2001 1709 2036 α
1788 1972 2202 2062 crystallum
2257 1993 2485 2056 suam,
2548 1996 2579 2036 »

1029 2082 1139 2149 vel
1193 2112 1223 2145 α
1259 2106 1459 2150 suum
1509 2110 1538 2146 n
1598 2082 1869 2172 (melius
1928 2081 2110 2149 enim
2171 2079 2418 2149 dicitur
2462 2079 2587 2147 hoc

1029 2189 1444 2279 crystallum
1475 2189 1852 2257 secundum
1880 2187 2336 2265 Priscianum,
2380 2208 2583 2278 quam

1030 2297 1169 2365 lioec
1224 2298 1625 2387 crystallus,
1702 2296 1809 2366 vel
1841 2296 1975 2385 liic)
2018 2324 2052 2360 α
2083 2298 2262 2364 sicut
2320 2294 2587 2363 buccel-

1034 2405 1164 2489 laS,
1210 2434 1243 2468 ιι
1303 2427 1456 2495 quae
1515 2405 1852 2484 reficiunt,
1910 2403 2020 2473 vel
2085 2404 2280 2495 panis
2344 2402 2577 2472 frusta.

1032 2511 1406 2603 Crystallus
1437 2536 1600 2603 ergo
1645 2513 1890 2581 dicitur
1927 2521 2245 2602 peccator
2291 2510 2588 2579 obstina-

870 2651 893 2681 ι
927 2651 973 2682 ι-
1031 2628 1139 2689 tus
1171 2628 1237 2689 et
1292 2621 1359 2689 in
1393 2620 1655 2689 malitia
1689 2621 1892 2690 ssante
1949 2618 2222 2689 diabolo
2262 2618 2587 2712 congela-

1030 2737 1159 2796 ωε.
1235 2726 1442 2797 Eccli.
1504 2752 1690 2810 xmn,
1749 2730 1893 2796 22:
1954 2728 2289 2818 Friyidus
2343 2735 2584 2794 ventus

1027 2838 1286 2928 Aquilo
1341 2837 1570 2926 flavit,
1613 2847 1677 2905 et
1731 2837 1994 2928 yelacit
2054 2835 2433 2927 crystallus
2496 2834 2584 2903 ab

1029 2968 1239 3037 aqua.
1330 2944 1466 3014 Sed
1546 2945 1731 3015 hunc
1801 2945 2170 3037 aliquando
2250 2945 2584 3015 Dominus

1027 3056 1386 3134 convertit,
1475 3078 1615 3125 non
1699 3063 1966 3124 tanturn
2038 3064 2114 3124 ut
2190 3054 2277 3124 sit
2338 3053 2579 3140 fidelis,

1027 3166 1144 3236 sed
1186 3174 1263 3233 ut
1318 3164 1405 3233 sit
1444 3164 1708 3237 doctor.
1738 3162 1898 3247 Job,
1934 3187 2170 3246 xxvut,
2199 3166 2239 3233 2
2284 3187 2301 3233 ε
2342 3166 2578 3258 Lapis,

1029 3276 1296 3367 supple,
1318 3274 1777 3368 crystallinus,
1798 3275 2029 3343 calore
2041 3275 2255 3343 sancti
2288 3272 2584 3366 Spiritus

1027 3387 1324 3472 solutus,
1379 3387 1449 3455 in
1496 3411 1587 3454 aes
1629 3387 2070 3466 convertitur,
2125 3385 2310 3477 quod
2357 3393 2579 3454 sonat.

1029 3498 1138 3578 Et,
1172 3520 1293 3577 xu,
1331 3498 1416 3563 22
1460 3516 1477 3564 t
1531 3495 1868 3565 Producit
1899 3497 1969 3563 in
2005 3495 2250 3574 lucem,
2294 3501 2367 3562 ut
2414 3494 2583 3562 alios

1029 3605 1370 3674 illuminet
1427 3603 1667 3683 verbo,
1731 3612 1797 3672 et
1850 3605 2185 3686 doctrina,
2266 3602 2579 3671 umbram

1025 3713 1295 3791 mortis,
1349 3711 1914 3780 obscurissimum
1953 3719 2406 3802 peccatorem.
2468 3707 2582 3776 Sic

1022 3821 1276 3890 fac-tum
1309 3820 1436 3889 ruit
1464 3821 1531 3888 in
1568 3819 1809 3898 Paulo,
1864 3817 1891 3886 I
1943 3817 2028 3887 ad
2083 3816 2383 3887 Timoth.
2416 3840 2464 3900 1,
2503 3818 2582 3885 ¹2

1023 3938 1089 3997 et
1136 3930 1217 3997 ¹3
1259 3949 1276 3998 t
1333 3927 1637 3999 Fidelem
1686 3949 1793 3995 me
1837 3925 2281 4002 existimavit,
2319 3947 2584 4016 ponens

1028 4037 1100 4103 in
1195 4034 1603 4111 ministeria,
1696 4034 1821 4125 qui
1867 4034 2072 4125 prius
2146 4029 2583 4123 blasphemus

1020 4144 1161 4232 lui,
1193 4153 1258 4211 et
1291 4151 1708 4235 persecutor,
1740 4151 1805 4210 et
1843 4139 2379 4209 contumeliosus
2413 4162 2436 4207 .·
2464 4139 2587 4207 sed

1023 4252 1572 4320 miscricordiam
1606 4251 1735 4319 Dei
1758 4260 2162 4319 consecutus
2187 4270 2369 4332 sum,
2404 4256 2531 4316 etc.

1113 4489 1150 4530 a
1200 4465 1377 4532 Ante
1416 4463 1671 4553 facicm
1721 4462 2120 4554 lriqoris.,»
2174 4459 2301 4529 IIic
2346 4483 2575 4531 secun·

1019 4571 1211 4652 dum,
1257 4572 1324 4638 in
1373 4593 1510 4662 quo
1561 4568 2005 4661 subjungitur
2042 4569 2299 4659 peccati
2340 4590 2578 4637 eorum

1020 4680 1480 4770 exaggeratio,
1542 4676 1626 4745 ad
1684 4674 2179 4746 ostendendam
2247 4678 2576 4769 majorem

1020 4789 1340 4879 gratiam.

1106 4897 1223 4964 Ait
1264 4897 1445 4965 enim
1483 4917 1499 4962 :
1534 4892 1651 4963 Sic
1695 4894 2030 4963 convertit
2071 4894 2297 4962 nivem
2347 4894 2415 4961 in
2471 4893 2578 4962 Ιιι-

1017 5026 1203 5082 nam,
1255 5001 1576 5071 nebulam
1638 5003 1705 5070 in
1763 5000 2186 5094 crystallum,
2237 5024 2389 5093 quae
2437 5022 2576 5069 non

1020 5109 1288 5179 modica
1318 5109 1684 5201 frigiditate
1724 5109 2089 5178 constricta
2125 5117 2285 5176 sunt
2315 5110 2383 5177 in
2425 5131 2576 5177 ma-

1018 5221 1085 5289 lo
1130 5244 1146 5290 :
1192 5221 1352 5312 quia
1386 5247 1419 5282 «
1454 5220 1610 5310 quis
1652 5217 2039 5302 sustinebit,
2079 5243 2110 5281 n
2156 5217 2219 5285 id
2262 5224 2389 5299 est,
2420 5239 2575 5286 sus-

1015 5330 1231 5397 tinere
1284 5328 1556 5419 poterit,
1604 5351 1637 5392 ι
1681 5334 1841 5393 ante
1892 5326 2172 5414 faciem,
2229 5351 2264 5388 ιο
2322 5324 2389 5393 id
2444 5334 2570 5404 est,

4117 297 4240 364 527

2710 477 2787 541 12
2824 497 2838 541 :
2875 475 3288 563 Besriyescet
3335 473 3636 538 charitas
3680 467 4087 535 multorum.
4130 465 4255 532 Je-

2706 605 2870 648 rem.
2905 605 2997 664 vn,
3023 583 3059 647 7
3109 602 3123 646 :
3167 581 3362 648 Sicut
3389 578 3731 667 sriyidam
3759 578 3925 665 fecit
3953 577 4247 643 cistemz

2704 710 2956 777 aquam
2995 708 3219 764 suam,
3273 688 3371 753 sic
3428 684 3768 774 sriyidam
3815 684 3979 773 fecit
4035 681 4253 748 mali-

2709 798 2879 864 tiam
2915 819 3140 863 suam.

2790 1145 2824 1181 «
2858 1117 3147 1185 Emittet
3185 1113 3470 1180 verbum
3514 1133 3743 1184 suum.
3782 1135 3814 1174 ιο
3850 1110 3978 1178 Hic
4007 1132 4247 1179 secun-

2700 1226 2886 1303 dum,
2938 1225 3006 1291 in
3047 1245 3181 1314 quo
3225 1222 3529 1311 tangitur
3565 1220 4028 1287 conversionis
4085 1240 4244 1286 mo-

2698 1333 2845 1407 dus,
2881 1340 2946 1399 et
2983 1353 3104 1421 per
3149 1328 3311 1421 quid
3366 1327 3464 1406 fit,
3521 1327 3679 1418 quia
3733 1348 3854 1414 per
3900 1324 4060 1393 duo.
4107 1324 4241 1392 Per

2698 1438 2845 1505 Filii
2885 1437 3008 1506 Dei
3041 1435 3713 1517 incarnationem„et
3744 1429 4037 1523 Spiritus
4076 1454 4242 1500 san-

2695 1548 2783 1614 cti
2818 1545 3374 1621 insufflationem,
3428 1541 3549 1620 ibi,
3598 1568 3627 1604 «
3668 1539 3903 1608 Flabit
3951 1541 4242 1630 spiritus

2694 1653 2869 1742 ejus.
2917 1679 2952 1717 n

2784 1762 2895 1829 Ait
2946 1761 3128 1827 enim
3176 1781 3190 1825 :
3237 1757 3350 1826 Sic
3399 1764 3888 1825 convertuntur
3943 1756 4242 1826 maxime

2698 1878 3101 1959 peccatores,
3128 1869 3245 1937 sed
3278 1867 3625 1959 quomodo
3646 1868 3681 1934 ⁴?
3711 1866 3921 1935 Eece:
3954 1893 3988 1930 α
4021 1869 4246 1935 Emit-

2694 1987 2785 2044 tet
2814 1975 3091 2044 verbum
3137 1998 3367 2052 suum,
3406 2004 3436 2035 υ
3487 1973 3661 2043 sicut
3707 1972 3911 2064 paulo
3960 1981 4116 2042 ante
4147 1974 4246 2042 di-

2694 2093 2880 2151 ctum
2919 2090 3020 2151 est
3063 2107 3077 2150 ε
3129 2110 3161 2145 «
3193 2091 3256 2149 et
3318 2081 3719 2172 liquefaciet
3747 2105 3850 2160 ea,
3908 2107 3940 2147 ι
4000 2082 4241 2149 talium

2693 2189 2944 2260 scilicet
2963 2198 3392 2281 peccatorum
3432 2188 3640 2257 corda
3678 2189 3940 2257 emittet
3976 2190 4058 2258 de
4087 2191 4240 2258 sinu

2694 2324 2845 2379 suo,
2880 2299 2997 2368 sed
3045 2307 3274 2366 tamen
3314 2320 3452 2366 non
3496 2299 3785 2378 amittet,
3821 2299 3981 2389 quia
4019 2320 4241 2367 rema-

2694 2406 2878 2474 nebit
2935 2408 3001 2473 in
3042 2405 3220 2475 sinu.
3282 2404 3485 2473 Joan.
3543 2427 3587 2485 1,
3645 2406 3724 2473 18
3767 2425 3784 2474 t
3834 2406 4242 2496 Uniqenitus

2691 2514 2813 2606 qui
2857 2522 2952 2582 est
3016 2514 3086 2580 in
3131 2513 3291 2581 sinu
3348 2513 3609 2589 Patris,
3672 2512 3812 2603 ipse
3862 2513 4235 2591 enarravit,

2695 2633 2821 2692 etc.
2867 2623 3128 2691 IJoan.
3184 2647 3280 2703 ιιι,
3316 2624 3356 2691 8
3399 2644 3415 2691 2
3460 2624 3540 2690 In
3580 2623 3705 2690 lzoc
3750 2624 4081 2715 apparuit
4110 2625 4240 2691 Fi-

2696 2733 2833 2801 lius
2866 2735 3016 2815 Dei,
3062 2741 3138 2800 ut
3175 2732 3508 2800 dissolvat
3555 2755 3760 2824 opera
3807 2731 4096 2800 diaboli.
4134 2733 4240 2801 Ad

2689 2841 2819 2912 hoc
2874 2843 3161 2912 verbum
3220 2842 3538 2934 ignitum,
3601 2841 3739 2908 imo
3810 2844 4085 2933 igneum
4153 2842 4241 2909 li-

2688 2955 2948 3046 quescit
2976 2955 3119 3032 nix,
3162 2959 3225 3020 et
3266 2949 3649 3043 crystallus,
3710 2949 3966 3019 Cantic.
4016 2975 4087 3035 ν,
4140 2953 4181 3021 6
4217 2973 4232 3019 2

2685 3062 2939 3130 Anima
2990 3084 3137 3128 mea
3199 3060 3577 3151 liquefacta
3642 3070 3763 3139 est,
3827 3070 3905 3128 ut
3970 3061 4241 3129 locutus

2688 3181 2784 3240 est
2821 3170 3133 3238 dilectus.
3192 3168 3277 3236 Et
3316 3167 3637 3259 impletur
3682 3167 3846 3237 illud
3888 3169 4096 3240 Eccli.
4136 3194 4234 3251 ιιι,

2693 3279 2770 3347 17
2816 3300 2832 3345 ε
2876 3279 3072 3348 Sicut
3133 3278 3203 3344 in
3248 3299 3480 3344 sereno
3524 3276 3805 3367 qlacies,
3870 3276 4242 3348 solvuntur

2681 3396 2959 3478 peccata
2992 3396 3139 3455 tua.

2779 3520 2812 3561 ι
2850 3492 3084 3563 Flabit
3128 3493 3413 3585 spiritus
3452 3491 3633 3581 ejus.
3682 3518 3714 3558 ι
3770 3493 3940 3563 Ecce
3978 3518 4231 3564 secun-

2687 3601 2874 3671 dum.
2937 3598 3145 3680 Quasi
3192 3599 3492 3667 diceret:
3532 3597 3646 3668 Sic
3711 3602 3901 3669 mitte
3953 3600 4233 3690 Filium,

2687 3717 2754 3777 et
2807 3708 3157 3799 liquefient
3190 3729 3206 3776 ε
3242 3715 3310 3774 et
3345 3707 3552 3775 etiam
3612 3734 3648 3771 α
3697 3706 3931 3796 flabit,
3968 3734 4000 3774 ι
4047 3711 4232 3780 inte-

2688 3820 2827 3886 rius
2902 3820 2971 3885 in
3046 3815 3441 3907 hujusmodi
3509 3815 3738 3898 corda,
3825 3842 3859 3885 α
3939 3820 4232 3910 spiritus

2686 3924 2864 4015 ejus,
2901 3949 2934 3992 ι
2989 3926 3107 4016 qui
3165 3924 3283 3991 ssat
3326 3921 3438 3990 ubi
3499 3922 3667 3991 vult.
3726 3924 3926 3993 Joan.
3992 3949 4091 4007 ιιι,
4134 3928 4230 3998 8:

2686 4033 2990 4124 Spiritus
3046 4029 3166 4097 ubi
3236 4030 3389 4097 vult
3436 4031 3685 4122 spirat.
3758 4057 3791 4098 ι
3859 4034 3955 4100 Et
4006 4034 4234 4123 fluent

2686 4161 2907 4230 aquae,
2980 4165 3014 4200 »
3074 4136 3388 4206 cordibus
3453 4135 3825 4228 congelatis
3893 4138 4231 4212 resolutis.

2690 4245 2884 4314 lIunc
2932 4245 3166 4313 ssatum
3210 4242 3556 4337 quaerebat
3587 4246 3705 4336 qui
3736 4245 4024 4332 dicebat,
4060 4248 4237 4320 Can·

2685 4357 2796 4423 tic.
2832 4377 2925 4434 tv,
2980 4355 3061 4422 16
3094 4375 3110 4421 ε
3145 4356 3397 4443 Secrye,
3424 4353 3708 4445 Aquila,
3751 4363 3995 4424 ventus
4043 4356 4235 4451 frigi·

2683 4464 2791 4545 de,
2819 4474 2887 4533 et
2913 4463 3316 4555 perniciose,
3339 4473 3404 4532 et
3424 4464 3597 4545 veni,
3625 4466 3892 4535 Auster.
3928 4465 4035 4547 Et,
4068 4467 4229 4550 Job,

2683 4593 2915 4649 xxxix,
2983 4571 3069 4638 26
3133 4594 3148 4639 τ
3211 4570 3578 4662 Numquid
3631 4595 3757 4662 per
3816 4576 4232 4666 sapientiam

2683 4689 2877 4747 tuam
2902 4676 3270 4771 plumescit
3304 4678 3629 4770 accipiter
3652 4680 4045 4771 expandens
4071 4684 4232 4753 alas

2678 4810 2841 4856 suas
2888 4786 2986 4855 ad
3038 4784 3442 4855 Austrum?
3486 4784 3629 4854 Nec
3690 4795 3956 4857 tantum
4015 4790 4232 4860 ssuent

2681 4918 2874 4988 aquae
2926 4894 3379 4986 lacrymarum
3418 4894 3799 4980 interiores,
3850 4920 3970 4967 seu
4020 4901 4229 4970 etiam

2682 5002 3074 5084 exteriores,
3116 5001 3235 5070 sed
3273 5000 3761 5083 doctrinarum,
3795 5012 3871 5072 ut
3902 5004 4029 5096 ipsi
4060 5028 4233 5097 quo·

2678 5132 2810 5202 que
2851 5108 3019 5178 fiant
3061 5109 3396 5178 doctores.
3437 5107 3616 5190 Joel,
3660 5133 3729 5188 ιι,
3774 5112 3859 5179 28
3906 5135 3923 5180 :
3963 5114 4230 5204 Effun-

2679 5217 2842 5285 dam
2878 5217 3204 5309 spiritum
3245 5239 3476 5285 mcum
3519 5240 3726 5309 super
3763 5241 4033 5287 omnem
4077 5242 4229 5292 ear-

2675 5347 2853 5404 nem,
2886 5335 2949 5392 et
2978 5324 3492 5417 prophetabunt
3533 5325 3681 5415 filii
3703 5328 3928 5406 vestri,
3962 5338 4027 5396 et
4052 5330 4229 5421 filie

983 5424 1474 5527 praesentiam,
1521 5460 1556 5497 α
1613 5433 1906 5524 sriqoris
1955 5431 2113 5520 ‘ejus
2141 5429 2182 5500 ?
2230 5458 2264 5494 ιι
2317 5434 2570 5522 peccati
2673 5445 2931 5503 vestrae.
2973 5432 3060 5502 Et
3093 5433 3469 5503 secundum
3513 5432 3646 5501 hoc
3684 5442 4057 5527 tanguntur
4088 5449 4224 5510 tres

1013 5543 1274 5612 scilicet
1330 5539 1811 5635 infrigidantis,
1894 5538 2077 5631 quod
2144 5537 2390 5607 dicitur
2450 5539 2571 5607 Dei
2644 5562 2893 5612 :causae
2969 5542 3437 5612 conversionis
3499 5541 3650 5610 Filii
3719 5566 3735 5612 ε

1013 5651 1466 5744 permissione
1552 5649 1960 5717 immissum.
2052 5644 2294 5717 Matth.
2374 5670 2565 5729 xxiv,

3807 5543 4218 5629 incarnatio,

2678 5648 2971 5741 Spiritus
2999 5651 3215 5720 saneti
3247 5650 3509 5730 missio,
3542 5657 3610 5720 et
3636 5652 4054 5743 praedicatio'.

4387 1129 4500 1193 18
