5008 6329
862 5017 919 5083 1

772 5117 995 5164 Secunda

724 5172 1043 5228 peremtum

1781 424 2484 498 COMMENTARIUS
2537 429 2629 496 IN
2681 428 3120 498 PSALMUM
3173 428 3618 498 cxxxvnl.
4225 436 4344 500 447

1136 586 1290 666 mei,
1327 586 1492 674 quia
1543 611 1789 657 manus
1823 595 2102 660 Domini
2130 598 2350 684 [καφ]
2388 619 2510 659 me.
2558 595 2663 667 Εἰ,

1136 716 1332 776 xxm,
1378 698 1415 762 2
1463 718 1479 766 τ
1532 701 1786 767 Manus
1819 703 2053 792 plaqae
2092 727 2252 770 meoe
2292 713 2679 792 aqqravata

1130 807 1251 865 est.

2785 604 3162 682 potentem.
3209 598 3434 662 Primo
3460 620 3624 686 ergo
3647 600 3918 687 qua-rit,
3950 624 4084 689 quo
4116 601 4347 688 sugere

2782 703 2999 788 possit
3041 723 3080 765 a
3137 701 3280 768 Deo
3333 705 3679 782 recedenS,
3734 707 4100 775 ostendens
4168 709 4350 798 quod

2783 828 3151 896 nusquam.
3219 805 3562 889 Secunde,
3646 812 4012 879 consilium
4087 817 4349 882 invenit

2783 914 3158 981 secundum
3183 915 3522 996 Glossam,
3559 919 3725 1008 quid
3753 921 4055 987 facturus
4086 923 4194 1001 sit,
4223 923 4340 1001 ibi,

2782 1028 2843 1096 5.
2897 1024 2936 1088 9
2983 1043 2998 1090 :
3075 1048 3107 1088 α
3149 1025 3232 1092 Si
3291 1048 3669 1117 sumpsero,
3713 1053 3744 1091 »
3800 1028 3954 1106 Vel,
4018 1031 4338 1113 ostendit,

1218 1151 1251 1192 ιι
1283 1127 1643 1195 Mirabilis
1668 1130 1862 1217 sacta
1892 1137 2010 1195 est.
2045 1155 2078 1195 ι)
2122 1130 2249 1200 Hic
2278 1134 2577 1216 tertium,
2608 1137 2675 1201 in

1125 1256 1261 1324 quo
1294 1235 1592 1302 ostendit
1621 1236 1919 1303 scientiae
1952 1236 2073 1304 Dei
2103 1239 2662 1331 singularitatem.

2782 1126 3121 1215 quodwnec
3171 1128 3381 1196 latere
3420 1131 3662 1220 possit,
3708 1141 4342 1227 quantumcumque

2780 1231 3134 1321 profundis
3184 1236 3482 1304 tenebris
3541 1238 4006 1308 circumdatus
4054 1244 4165 1321 sit,
4220 1242 4337 1325 ibi,

1122 1340 1276 1409 Duo
1308 1365 1470 1433 ergo
1503 1342 1842 1411 dicuntur.
1889 1343 2145 1426 Primo,
2199 1347 2358 1417 dicit
2387 1348 2673 1416 mirabi-
2778 1347 2841 1414 5.
2883 1340 2956 1405 11
2999 1359 3015 1407 Ξ
3056 1366 3090 1405 <¹
3122 1343 3219 1408 El
3251 1342 3405 1409 dioet'
3435 1367 3457 1410 .·
3498 1347 3850 1412 Forsitan.
3901 1372 3932 1411 n

1117 1449 1281 1530 lem,
1318 1450 1510 1542 quasi
1543 1451 1985 1542 singularem,
2023 1464 2087 1523 et
2118 1455 2501 1523 insolitam:
2538 1457 2670 1525 hoc

2865 1447 2943 1515 In
2974 1450 3198 1540 prima
3234 1451 3397 1521 duo.
3432 1453 3693 1532 Primo,
3731 1459 3975 1546 quaerit
4012 1459 4069 1525 si
4107 1451 4341 1549 fugere

1118 1566 1219 1624 est
1248 1557 1432 1624 enim
1485 1558 1818 1627 mirabile,
1874 1560 2213 1643 Secundo,
2277 1564 2520 1652 probat
2549 1587 2668 1653 per
2774 1561 2989 1645 possit
3027 1559 3198 1625 iram
3225 1560 3372 1627 Dei.
3395 1560 3741 1643 Secundo,
3778 1565 3835 1630 si
3876 1568 4335 1654 praesentiam,

1113 1665 1275 1732 du0.
1314 1665 1446 1732 Per
1476 1669 2120 1750 immutabilitatem,
2156 1672 2273 1750 ibi,
2311 1673 2668 1763 «Consor-
2772 1661 2888 1741 ibi,
2929 1689 2961 1728 ⁴¹
2994 1667 3091 1732 Εἰ
3130 1688 3265 1756 quo
3301 1691 3343 1734 α
3371 1671 3557 1757 facie
3586 1680 3734 1737 lua·
3784 1698 3818 1733 ³>

1110 1780 1259 1838 tata
1324 1783 1444 1840 est.
1486 1800 1517 1839 n
1589 1774 1673 1842 Et
1750 1776 2658 1866 incomprehensibilitatem,
2858 1773 3037 1841 Dicit
3067 1797 3230 1864 ergo
3267 1800 3281 1841 ε
3318 1775 3432 1844 Sic
3479 1777 3693 1845 habes
3752 1780 4142 1850 mirabilem
4193 1805 4336 1851 om-

1108 1879 1226 1958 ibi,
1276 1907 1304 1943 «
1343 1884 1437 1949 Et
1465 1906 1602 1949 non
1625 1894 1863 1973 potero
1903 1884 2192 1952 adeam.
2240 1914 2275 1948 ι)
2771 1881 2961 1947 nium
3010 1883 3502 1972 cognitionem,
3558 1896 3624 1953 et
3685 1890 3917 1971 etiam,
3984 1913 4017 1954 ιι
4051 1913 4187 1980 quo
4220 1891 4330 1959 ibo

1196 1989 1373 2058 Dicit
1405 2013 1569 2082 ergo
1611 2014 1625 2058 ;
1665 1990 1780 2060 Sic
1804 1995 2098 2062 scienllae
2128 1995 2338 2064 habes
2377 1995 2663 2063 univer-
2766 2010 2807 2053 α
2835 1990 3090 2078 spire-lu
3123 2000 3241 2057 luo
3277 1990 3318 2058 ‚9
3349 2021 3382 2054 ι)
3415 1994 3516 2060 ira
3546 1994 3802 2063 scillcet
3833 2003 3974 2076 tua,
4013 2021 4164 2088 quae
4182 2000 4333 2088 spi-

1101 2099 1473 2174 sahtntem.
1526 2108 1594 2167 et
1621 2102 2087 2180 eminentiam,
2130 2103 2664 2194 etsingularita-
2763 2097 2939 2163 rilus
2977 2098 3381 2188 appellatur.
3435 2101 3683 2170 Genes.
3720 2128 3815 2181 vt,
3853 2106 3892 2171 3
3938 2126 3954 2173 :
4000 2109 4154 2174 Non
4177 2131 4329 2198 pcr-

1100 2216 1237 2275 tem
1273 2230 1287 2274 :
1335 2209 1520 2299 quia,
1556 2231 1596 2276 o
1620 2209 1981 2291 Domine,«
2021 2213 2301 2280 scientia
2323 2223 2442 2280 tna
2461 2215 2656 2302 sacta
2764 2202 3065 2270 manebit
3092 2207 3381 2295 spiritus
3411 2231 3604 2275 meus
3628 2212 3698 2276 in
3729 2211 4010 2279 homine
4038 2215 4109 2280 in
4138 2224 4332 2281 aetcr-

1097 2325 1194 2382 est
1232 2315 1607 2397 mirabilis,
1635 2343 1668 2378 n
1705 2326 1770 2384 et
1801 2316 1951 2396 hoc,
1997 2349 2028 2381 «
2058 2343 2143 2385 es
2172 2344 2299 2400 me,
2338 2345 2371 2385 ι)
2416 2321 2482 2389 id
2516 2329 2647 2399 est,
2758 2333 2951 2390 uum,
3012 2314 3181 2403 quia
3220 2336 3380 2381 caro
3421 2327 3540 2384 ‘'Sl-
3601 2347 3633 2380 1‘
3680 2321 3830 2404 Quo
3864 2319 3999 2404 ⁸7²0,
4037 2349 4071 2383 ”
4119 2323 4324 2392 eliam

1099 2444 1182 2489 ex
1212 2432 1690 2512 peccatomeO.
1727 2423 1932 2504 Quasi
1958 2426 2390 2496 diceretzSic
2408 2452 2653 2519 pecca·
2759 2443 2793 2479 ί(
2826 2441 2869 2484 α
2921 2420 3176 2509 Spiritu
3225 2429 3342 2488 ²²⁴⁰
3415 2447 3449 2488 ἲ
3511 2425 3752 2493 ‘'Olens
3802 2427 4141 2507 ‘effidem’
4205 2433 4320 2521 (Ιώ

1097 2538 1243 2597 tum
1277 2554 1508 2598 meum
1541 2555 1650 2599 me
1681 2536 2066 2612 excaecavit‚
2103 2546 2173 2603 ut
2211 2537 2489 2604 scientia
2532 2549 2647 2606 tua
2754 2530 2973 2593 totum
3007 2526 3243 2616 ''eplet-
3281 2528 3589 2619 sapient·
3637 2555 3684 2610 ¹»
3720 2534 3757 2599 7
3796 2556 3811 2602 ἶ
3845 2536 4158 2626 Spiritus
4183 2540 4324 2605 ΒΟ·

1097 2662 1235 2704 uon
1266 2640 1352 2705 sit
1383 2642 1667 2707 omnino
1724 2644 2121 2732 attingibilis
2169 2670 2207 2712 a
2249 2668 2401 2714 meo
2442 2648 2649 2717 intel-—
2751 2632 2925 2698 mini
2965 2634 3251 2723 replevit
3289 2636 3519 2703 Orbem
3554 2649 3927 2710 serrarum·

1096 2741 1324 2811 lectu:
1382 2744 1678 2812 tenebrae
1736 2749 1918 2814 onim
1973 2772 2175 2838 super
2239 2773 2357 2816 cor
2411 2775 2642 2821 meum
2840 2768 2874 2802 “
2918 2743 3014 2808 El
3060 2766 3195 2833 q²l⁰
3236 2769 3278 2810 ‘¹
3333 2747 3514 2834 sam-⁶
3577 2756 3725 2825 Μία,
3767 2776 3798 2812 ¹⁹
3850 2773 3890 2817 θ’
3949 2757 4314 2841 Ρῗῑθὸθῦῑῑὸ

1090 2851 1281 2919 factae
1324 2861 1505 2920 suut.
1572 2855 1818 2922 Genes.
1863 2880 1910 2939 ι,
1954 2861 2039 2925 2;
2097 2858 2400 2927 Tenebras
2446 2873 2642 2929 erant
2746 2847 3000 2916 ⁸⁰55ssssss
3039 2857 3178 2934 ¹1¹³,
3229 2876 3261 2916 ⁸¹
3303 2853 3585 2942 11(θὶαή
3614 2853 3656 2921 ἶ)
3698 2880 3729 2919 »
3768 2855 3975 2935 Qnasi
4019 2859 4306 2931 diceret:

1087 2981 1295 3049 supe,-
1322 2961 1579 3049 faciem
1634 2961 1885 3051 abyssi,
1950 2963 2055 3041 Et,
2110 2965 2268 3048 job,
2313 2990 2449 3051 xm,
2496 2970 2569 3036 Π
2617 2992 2633 3036 ;
2747 2955 3127 3048 Nusquam.
3163 2959 3402 3038 AmOS,
3465 2986 3533 3042 u,
3589 2965 3667 3029 14
3703 2967 4020 3035 :Peribit
4053 2972 4236 3061 fuya
4266 2996 4309 3038 a

1087 3068 1452 3159 Palpebrae
1490 3094 1652 3137 mea.»
1698 3072 2193 3162 caligaverunt.
2254 3077 2411 3153 sot»,
2467 3101 2630 3156 xvii,

1097 3180 1169 3243 13
1206 3200 1219 3246 :
1248 3179 1329 3244 ln
1360 3179 1648 3245 tenebris
1676 3184 1892 3246 stravi
1923 3181 2249 3249 lectulum
2282 3209 2529 3253 mcum.

1176 3314 1207 3350 α
1250 3290 1658 3377 Consortata
1696 3301 1818 3366 est,
1858 3318 1887 3352 ι
1950 3291 2458 3361 immutabiliter
2506 3306 2633 3363 sta·

1080 3392 1259 3460 bilis.
1324 3392 1613 3463 Malach.
1652 3419 1749 3470 ιιι,
1794 3402 1833 3462 ti
1876 3420 1891 3465 :
1944 3401 2096 3488 Eyo
2156 3403 2516 3481 Dominus,
2568 3416 2631 3470 et

1078 3524 1213 3568 non
1262 3512 1515 3569 mutor.
1565 3502 1806 3572 Jacob.
1863 3529 1908 3587 ι,
1971 3508 2096 3575 17:
2155 3510 2372 3599 Apud
2424 3534 2626 3601 quem

1077 3632 1213 3675 non
1243 3618 1341 3676 est
1396 3613 1912 3690 transmutatc'O,
1968 3636 2085 3681 nec
2140 3616 2628 3685 vicissitudinis

1076 3716 1537 3785 obumbratio.

1168 3849 1201 3887 ι
1244 3825 1341 3891 Et
1413 3847 1547 3892 non
1584 3836 1827 3918 potero
1904 3829 2002 3895 ad
2038 3853 2212 3910 eam,
2255 3859 2287 3890 υ
2353 3842 2428 3898 ut
2473 3856 2624 3901 eam

1072 3927 1676 4020 comprehendam,
1724 3935 1917 4024 quasi
1957 3959 2172 4003 essem
2212 3937 2356 4005 sine
2396 3936 2618 4030 culpa.

1068 4037 1110 4106 J
1114 4036 1470 4123 ob,xxxv1,
1497 4043 1812 4123 26:12'cce,
1839 4045 2022 4111 Dens
2045 4068 2336 4138 maqnus
2358 4049 2625 4116 vincens

1067 4149 1424 4217 scientiam
1478 4162 1811 4219 nostram.
1865 4154 1970 4232 Et,
2023 4179 2258 4238 xxxw,
2311 4159 2446 4225 29:
2508 4160 2624 4226 Ex

1067 4275 1203 4344 quo
1252 4253 1681 4323 absconderit
1731 4258 2025 4335 vultum,
2118 4263 2272 4353 quis
2342 4275 2439 4331 cst
2501 4264 2628 4355 qui

1067 4362 1565 4452 contempletur
1639 4388 1794 4431 eum
1846 4365 1888 4432 Σ)
1952 4367 2054 4434 Ad
2142 4367 2428 4437 Roman.
2522 4393 2617 4454 xi,

1069 4468 1205 4536 33:
1265 4470 1324 4539 0
1396 4468 1704 4540 altitudo
1768 4474 2143 4565 sapientie-r,
2210 4487 2276 4543 ct
2325 4479 2625 4545 scientiae

1065 4578 1248 4645 Dei!
1273 4601 1486 4669 quam
1546 4582 2250 4675 incomprehensibilia
2309 4597 2470 4654 sunt
2486 4587 2620 4677 ju-

1066 4686 1252 4756 dicia
1288 4687 1468 4777 ejus,
1511 4700 1577 4758 et
1601 4692 2106 4784 inoestiqabiles
2144 4695 2267 4763 viae
2303 4695 2511 4786 ejus!

1164 5034 1198 5072 ιι
1237 5008 1387 5091 Quo
1427 5007 1538 5076 ibo
1566 5032 1610 5077 a
1655 5008 1910 5101 spiritu
1930 5022 2046 5079 tuo
2072 5011 2113 5079 ?
2143 5039 2177 5079 ιι
2222 5013 2345 5082 llic
2383 5023 2481 5082 est
2507 5038 2620 5084 se-

1073 5113 1296 5183 cunda
1353 5138 1510 5206 pars
1551 5117 1763 5185 totius
1805 5117 2007 5207 hujus
2064 5118 2341 5200 Psalmi,
2382 5144 2621 5189 secun-

1073 5223 1237 5291 dum
1269 5223 1676 5293 divisionem
1717 5228 2027 5318 superius
2053 5228 2325 5312 dictam,
2370 5231 2439 5298 in
2478 5253 2617 5323 qua

1072 5330 1373 5399 ostendit
1400 5354 1541 5399 non
1572 5355 1719 5401 esse
1748 5333 2143 5425 fugiendum
2173 5360 2211 5404 a
2245 5336 2412 5422 Deo,
2448 5360 2617 5429 pro-

1068 5443 1222 5527 pter
1248 5437 1398 5526 ejus
1445 5440 1822 5529 potentiam
1879 5442 2109 5510 omnia
2166 5443 2617 5534 complecten-

1068 5550 1235 5625 tem,
1260 5551 1326 5612 et
1347 5544 1603 5636 ubique
1641 5545 2012 5639 fugientem
2041 5548 2614 5641 comprehendere

1143 5780 1162 5817 ⁸
1190 5780 1385 5852 Jono,
1416 5794 1460 5853 ι,
1491 5780 1547 5836 2.

2747 3063 2986 3130 veloce.
3021 3063 3126 3142 Et,
3173 3089 3266 3143 ix,
3311 3069 3330 3133 l
3388 3089 3402 3134 :
3466 3070 3619 3135 Non
3670 3073 3799 3137 erit
3840 3075 4024 3164 fuya
4088 3078 4209 3157 eis,
4243 3088 4306 3143 et

2742 3173 2862 3259 qni
2888 3173 3179 3260 sceqeril,
3242 3198 3373 3240 non
3422 3177 3819 3246 sale-obitur
3867 3206 3952 3248 ea·
4000 3186 4116 3250 eis.
4171 3186 4306 3253 Su·-

2742 3280 2949 3367 pient.
3007 3302 3147 3360 xvi,
3211 3284 3338 3348 125:
3412 3285 3947 3355 Tuammanum
4005 3293 4305 3383 effeeqere·

2743 3386 3166 3470 impossibile
3194 3401 3315 3456 est.
3371 3390 3660 3481 Propter
3717 3393 3849 3463 hoc
3897 3396 4126 3466 fatuus
4158 3412 4302 3469 erat

2731 3492 2970 3571 JonaS,
3023 3505 3091 3562 et
3149 3495 3530 3565 humanum
3592 3502 3853 3592 aliquid
3885 3507 4297 3595 patiebatur,

2733 3603 2856 3691 qui
2889 3606 3194 3670 surrexit
3226 3615 3301 3671 ut
3327 3607 3606 3696 snqcret
3634 3610 3704 3676 in
3743 3611 4020 3680 Tlcarsis
4048 3637 4091 3681 a
4119 3616 4303 3705 facie

2730 3708 3020 3775 Domini
3047 3706 3511 3800 ⁸.Gregorius:
3551 3740 3584 3778 ιι
3622 3714 3797 3795 Quia
3830 3718 4016 3787 Deus
4047 3722 4301 3813 ubique

2735 3840 2768 3878 ι
2805 3824 2930 3895 est,
2962 3816 3155 3885 locus
3194 3819 3309 3886 ubi
3334 3819 3662 3911 fugiatur,
3700 3847 3840 3893 non
3873 3835 3995 3897 est.
4036 3855 4070 3891 »

2832 4144 2965 4213 «Si
2992 4145 3357 4214 ascendero
3399 4147 3469 4213 in
3499 4147 3774 4216 caelum.
3816 4175 3850 4215 ι
3887 4150 4015 4219 llic
4055 4176 4297 4222 secun-

2729 4250 2919 4328 dum,
2963 4253 3034 4319 in
3067 4274 3206 4342 quo
3251 4254 3572 4334 ostendit,
3627 4257 3815 4348 quod
3871 4260 4106 4351 sugere
4155 4286 4296 4332 non

2730 4363 2945 4452 possit
2986 4385 3003 4429 z
3051 4370 3120 4429 et
3169 4362 3494 4431 dicuntur
3558 4364 3686 4432 tria
3744 4367 4126 4438 secundum
4171 4372 4300 4440 tri-

2731 4470 2976 4561 plicem
3007 4468 3264 4552 locum,
3298 4471 3385 4539 ad
3424 4495 3632 4565 quem
3689 4496 3832 4543 non
3889 4475 4148 4547 valebit
4183 4478 4301 4548 fu-

2728 4601 2815 4668 ga
2849 4602 2867 4644 2
2903 4577 3147 4658 altum,
3209 4580 3432 4672 qualis
3485 4590 3589 4650 est
3636 4581 3887 4651 coelum
3933 4604 3952 4656 ε
4006 4587 4301 4677 profun-

2728 4683 2922 4764 dum,
2999 4684 3224 4776 qualis
3265 4695 3365 4755 est.
3432 4688 3766 4769 infernus,
3820 4691 3942 4773 ibi,
3988 4717 4025 4758 ι
4058 4694 4144 4763 Si
4176 4695 4296 4763 de-

2724 4791 3068 4861 scendero.
3103 4815 3137 4856 »
3183 4791 3553 4862 Remotum
3594 4795 3681 4864 ab
3704 4795 4132 4870 habitatione
4162 4800 4297 4871 ho-

2726 4900 3022 4980 minum,
3093 4899 3316 4991 qualis
3356 4909 3459 4971 est
3515 4903 3583 4970 in
3663 4907 3992 4976 extremis
4058 4911 4289 4995 maris,

2729 5004 2848 5086 ibi,
2883 5013 2947 5083 5.
2985 5008 3027 5075 9
3074 5028 3089 5075 ε
3134 5036 3166 5071 α
3205 5010 3289 5079 Si
3323 5033 3702 5102 sumpsero.
3736 5038 3769 5076 n

2820 5113 2994 5181 Dicit
3034 5136 3198 5207 ergo
3234 5138 3249 5183 ε
3299 5114 3414 5186 Sic
3443 5117 3612 5204 dixi,
3661 5121 3851 5211 quod
3888 5122 4124 5214 fugere
4154 5148 4296 5195 non

2724 5245 3033 5315 possum,
3090 5232 3160 5294 et
3213 5248 3457 5295 verum
3516 5227 3685 5313 dixi,
3749 5231 3911 5320 quia
3976 5256 4013 5297 ι
4051 5234 4116 5301 si
4178 5257 4298 5303 as-

2724 5327 3006 5396 cendero
3072 5330 3145 5397 in
3218 5332 3493 5416 coelum,
3555 5360 3590 5395 n
3656 5342 3757 5402 est
3825 5335 4019 5405 locus
4086 5338 4291 5428 altus,

2729 5465 2765 5502 α
2804 5446 2881 5505 tn
2921 5438 3075 5506 ittic
3103 5462 3192 5508 es.
3219 5465 3253 5506 »
3290 5440 3384 5509 ΙΙΙ
3418 5442 3590 5534 neg.
3624 5466 3770 5525 viu,
3806 5447 3892 5514 27
3927 5469 3945 5515 ε
3993 5449 4291 5535 Coelum,

2723 5555 2788 5614 et
2822 5543 2981 5614 coeli
3005 5547 3335 5617 coelornm
3385 5559 3449 5618 te
3495 5572 3736 5643 capere
3789 5576 3928 5623 non
3971 5569 4289 5649 possunt.
