5008 6329
1955 423 2662 495 COMMENTARlUS
2714 425 2804 491 IN
2855 426 3292 499 PSALMUM
3344 430 3692 500 CXXXII.

1216 614 1356 660 non
1426 598 1590 666 rasit
1641 599 1994 667 dimidiam
2061 598 2347 670 barbam
2414 622 2773 666 servorum

1217 705 1460 774 David.

1307 948 1342 983 «
1392 921 1599 1005 Quod
1651 920 2015 988 descendit.
2064 946 2097 983 »
2143 921 2310 989 Ecce
2360 924 2762 994 secuudum.

1215 1026 1424 1107 Quasi
1493 1026 1793 1093 diceret:
1843 1025 2020 1094 Unio
2061 1024 2407 1096 charitatis
2451 1038 2551 1097 est
2596 1031 2769 1097 sieut

1214 1141 1642 1222 unguentum
1709 1131 2087 1222 spirituale,
2154 1133 2337 1225 quod
2391 1159 2430 1201 a
2496 1134 2764 1203 Christo

1212 1239 1557 1307 descendit
1611 1239 1677 1306 in
1718 1248 1988 1308 sanctos
2025 1240 2387 1331 primitivae
2417 1241 2759 1310 Ecclesiae.

1218 1372 1250 1406 «
1296 1343 1500 1429 Quod
1527 1370 1558 1410 n
1594 1346 1799 1412 etiam
1844 1375 1873 1411 α
1912 1346 2250 1414 descendit
2308 1347 2377 1413 in
2415 1369 2609 1413 oram
2652 1370 2766 1414 ve-

1207 1454 1513 1519 sumenti
1540 1453 1695 1541 ejus
1736 1476 1758 1518 .·
1794 1477 1828 1517 »
1871 1461 1937 1519 et
1972 1454 2340 1520 materialis
2361 1454 2593 1521 Aaron
2636 1477 2767 1521 un-

1210 1570 1542 1650 guentum
1587 1561 1961 1643 materiale,
2027 1570 2096 1628 et
2132 1561 2498 1652 spiritualis
2561 1564 2764 1653 spiri-

1210 1667 1414 1736 tuale.
1442 1669 1622 1736 Nota
1657 1692 1848 1761 ergo,
1883 1670 2067 1761 quod
2096 1672 2302 1738 vestis
2333 1671 2581 1739 Christi
2605 1679 2767 1740 sunt

1211 1775 1466 1855 fideleS,
1511 1784 1577 1845 et
1634 1777 1933 1845 maxime
1998 1777 2344 1868 Apostolis
2399 1779 2762 1848 succeden-

1208 1890 1309 1953 tes
1346 1908 1373 1953 :·
1405 1883 1499 1951 illi
1534 1884 1717 1954 enim
1747 1884 2022 1951 fuerunt
2041 1884 2278 1970 barba,
2301 1886 2474 1953 sicut
2503 1886 2759 1954 dictum

1207 2002 1332 2071 est,
1378 1992 1508 2063 Isa.
1546 2016 1725 2072 xmx,
1767 1993 1846 2060 18
1882 2015 1897 2062 ε
1957 1994 2113 2062 Vivo
2139 2018 2286 2084 eqo,
2321 1995 2485 2062 dicit
2532 1997 2762 2064 Domi-

1203 2124 1357 2178 nus,
1389 2099 1569 2192 {quia
1614 2099 1930 2168 omnibus
1995 2101 2103 2170 lais
2161 2102 2347 2169 velut
2395 2126 2760 2171 ornamen-

1204 2219 1271 2276 to
1294 2210 1615 2276 vestiet-ir.
1650 2207 1757 2275 Ad
1787 2207 2007 2277 Galat.
2035 2232 2132 2287 ιιι,
2154 2211 2238 2278 27
2276 2235 2290 2278 :
2335 2213 2760 2302 Quicumque

1203 2316 1274 2382 in
1329 2315 1600 2384 Cleri-sto
1656 2314 1990 2408 baptizati
2023 2318 2204 2397 estis,
2251 2318 2597 2387 Christum
2646 2320 2758 2385 in-

1199 2424 1473 2502 duistis,
1516 2425 1757 2493 active.
1804 2424 1940 2493 Ora
1975 2449 2137 2517 ergo
2177 2430 2561 2494 vestimenti
2592 2451 2752 2518 pos-

1196 2542 1357 2602 sunt
1374 2533 1504 2602 dici
1540 2534 1814 2625 perfecti
1850 2556 2010 2603 :ora
2039 2536 2222 2602 enim
2260 2536 2466 2602 vestis
2496 2535 2754 2626 perlicit

1195 2652 1478 2711 vestem.
1506 2642 1659 2724 Vel,
1682 2644 2045 2712 concordia
2065 2643 2148 2710 ad
2167 2644 2454 2711 invicem
2472 2645 2753 2734 conjun-

1194 2754 1280 2821 cti
1316 2774 1330 2819 :
1372 2753 1440 2819 iu
1481 2776 1601 2820 ora
1630 2752 1814 2820 enim
1854 2763 1956 2820 est
2003 2753 2298 2842 partium
2327 2752 2742 2840 conjunctio.

1193 2858 1344 2938 Vel,
1379 2860 1665 2928 extremi
1693 2861 1762 2927 in
1796 2859 2091 2927 Ecclesia
2120 2860 2332 2926 sancti
2368 2882 2383 2927 :
2417 2882 2537 2927 ora
2563 2861 2746 2928 enim

1194 2967 1412 3058 magis
1463 2968 1737 3059 proprie
1795 2967 2175 3059 appellatur
2212 2968 2743 3047 consummatio,

1191 3086 1258 3147 et
1298 3078 1450 3146 linis
1515 3077 1926 3146 vestimenti.
1982 3075 2120 3145 Sed
2176 3077 2242 3144 in
2303 3099 2543 3145 omnes
2591 3076 2743 3145 illos

4317 433 4446 498 405

2893 625 2923 663 «
2960 608 3243 679 stanteS,
3312 628 3344 666 »
3378 610 3611 672 tamen
3652 612 3882 694 posset
3933 603 4089 681 dici,
4136 601 4322 693 quod
4359 605 4448 669 sit

2886 705 3138 795 duplex
3170 707 3431 786 relatio,
3469 717 3543 775 ut
3571 710 3657 776 sit
3697 734 3935 777 sensus
3971 734 3984 776 :
4035 736 4067 777 (ι
4110 711 4308 779 Sicut
4338 733 4448 777 ros

2886 815 3184 882 Hermon
3249 842 3280 880 x·
3354 825 3457 885 est
3507 818 3671 884 unio
3730 816 4102 897 charitatis,
4168 848 4199 879 «
4243 820 4366 908 qui
4407 842 4438 882 n

2881 923 3086 989 etiam
3120 947 3231 992 ros
3276 951 3308 991 <x
3353 927 3702 994 descendit
3731 927 3803 993 in
3835 936 4128 992 montem
4169 926 4364 1004 Sion,
4403 949 4436 989 »

2881 1054 3019 1099 non
3070 1032 3182 1101 ille
3226 1033 3408 1102 idem
3450 1057 3767 1112 numerO,
3811 1034 3930 1101 scd
3988 1033 4230 1100 similis
4281 1056 4442 1122 spe-

2876 1139 3000 1205 cie.
3047 1137 3292 1206 Melius
3332 1148 3563 1208 autem
3621 1139 4028 1231 intelligitur
4071 1140 4442 1230 spirituali-

2875 1253 2995 1312 ter.
3057 1245 3367 1317 Hermon
3422 1248 3607 1315 enim
3666 1251 4147 1337 interpretatur
4206 1249 4440 1317 lumen

2872 1351 3266 1420 exaltatum
3364 1379 3386 1422 .·
3475 1364 3541 1423 et
3614 1355 3925 1424 Christus
3998 1354 4232 1423 lumen
4307 1367 4432 1425 est.

2875 1456 3127 1548 Supra.
3163 1461 3232 1526 in
3263 1459 3446 1528 Psal.
3487 1485 3702 1545 xxxV‚
3743 1464 3821 1529 10
3857 1485 3872 1530 :
3909 1463 3992 1531 In
4036 1462 4298 1531 lumine
4319 1472 4437 1532 tuo

2872 1565 3256 1634 videbimus
3333 1567 3593 1636 lumen.
3658 1568 3744 1636 Et
3786 1568 4153 1637 exaltatum
4212 1572 4436 1659 primo

2873 1695 3080 1761 super
3110 1675 3330 1741 crucis
3358 1674 3875 1754 candelabrum,
3906 1674 4107 1743 Joan.
4144 1698 4264 1759 xu,
4303 1676 4387 1743 32
4416 1700 4431 1744 ε

2872 1778 2963 1842 Et
2993 1800 3139 1866 eqo.
3166 1781 3230 1846 si
3258 1780 3616 1847 eoealtatus
3643 1783 3846 1873 suero
3877 1803 3919 1845 α
3958 1788 4164 1858 terra,
4200 1782 4435 1848 omnia

2870 1885 3148 1953 traham
3196 1887 3298 1954 acl
3368 1889 3735 1979 meipsum.
3800 1885 4143 1972 Secunde,
4231 1911 4436 1978 super

2868 1995 3244 2060 exercitum
3320 1993 3636 2060 omnium
3712 1992 4162 2083 Angelorum.
4245 1992 4426 2061 Psal.

2867 2124 2997 2177 tvi,
3081 2103 3183 2169 6:
3265 2102 3614 2170 Exultare
3657 2125 3866 2193 super
3928 2101 4150 2179 coeIOS,
4213 2104 4425 2171 Deus.

2866 2208 2969 2274 Ad
3003 2208 3253 2300 Philip.
3294 2234 3365 2286 ιι.
3410 2213 3450 2278 9
3488 2233 3502 2276 :
3549 2213 3847 2301 Propter
3899 2210 4089 2300 quod
4142 2219 4203 2276 et
4241 2213 4430 2278 Deus

2862 2317 3202 2384 exaltarit
3243 2319 3475 2385 illum.
3530 2318 3611 2386 Et
3656 2320 3798 2408 ipse
3841 2341 4038 2386 mons
4100 2326 4221 2387 est.
4290 2317 4420 2386 lsa.

2863 2447 2932 2501 ιι,
2967 2426 3049 2491 2;
3085 2427 3179 2492 Et
3218 2427 3346 2492 erit
3370 2426 3438 2492 iu
3478 2426 3868 2492 novissimis
3896 2424 4136 2492 diebus
4154 2448 4426 2515 praepa-

2860 2541 3053 2597 ratus
3127 2556 3322 2600 mons
3397 2535 3645 2600 domus
3699 2533 3986 2600 Domini
4035 2534 4106 2599 in
4179 2534 4423 2600 vertice

2858 2640 3197 2706 montium
3224 2640 3358 2708 ¹.ln
3390 2639 3572 2709 hunc
3594 2663 3759 2731 ergo
3785 2650 4083 2708 montem
4112 2640 4417 2709 Hermon

2857 2742 3200 2813 descendit
3243 2771 3354 2814 ros
3393 2749 3654 2838 gratiae,
3691 2748 3773 2815 de
3802 2770 3963 2839 qno,
4000 2746 4411 2827 Eccli.x1.111,

2856 2851 2941 2918 2t
2985 2874 3001 2919 ε
3038 2855 3175 2922 llos
3214 2855 3499 2923 obvians
3528 2856 3616 2923 ab
3666 2856 3915 2924 ardore
3953 2858 4246 2923 venienti
4290 2856 4416 2924 lau-

2852 2957 3089 3027 milem
3125 2962 3380 3053 efficiet
3435 2985 3617 3033 eum.
3670 2962 3777 3042 Et,
3846 2962 3974 3030 lsa.
4027 2985 4213 3040 xxvr,
4274 2964 4406 3032 19:

2850 3067 2988 3134 llos
3019 3068 3220 3151 lueis,
3278 3094 3392 3139 ros
3448 3080 3636 3139 tuus,
3686 3070 3770 3138 Et
3808 3070 3891 3138 ab
3948 3071 4096 3161 ipso
4136 3069 4408 3143 Christo

1190 3186 1853 3277 descenditacapite
1891 3184 2161 3254 Christo
2203 3185 2570 3277 spiritualis
2622 3209 2743 3254 un·
2849 3174 3195 3245 descendit
3243 3182 3310 3247 5¹¹
3388 3178 3766 3248 Ecclesiam
3824 3203 3976 3271 (11¹OE
4043 3202 4167 3271 1¹01·
4208 3179 4405 3263 Sion·

1188 3295 1322 3363 etio
1361 3295 1573 3362 barba
1615 3295 1977 3362 mediante,
2008 3293 2210 3362 Jmm.
2246 3317 2292 3374 1,
2345 3295 2419 3361 16
2454 3316 2469 3361 ς
2518 3295 2611 3361 Et
2658 3294 2740 3362 de
2847 3286 3019 3353 sicut
3067 3287 3458 3380 frequenter
3504 3289 3761 3357 dictum
3803 3297 3928 3369 est,
3980 3290 4400 3381 designatur.

1179 3401 1615 3493 plenitudine
1663 3400 1818 3490 ejus
1872 3424 1994 3468 nos
2044 3422 2273 3468 omnes
2328 3402 2730 3492 accepimus.
2842 3392 3188 3474 Jutllcum,
3235 3419 3329 3474 Vt,
3364 3399 3449 3465 37
3483 3407 3546 3465 el
3590 3399 3703 3477 38,
3737 3398 3877 3466 Ros
3924 3420 3963 3465 Β
3993 3398 4240 3467 vellere
4279 3422 4406 3468 ve-

1182 3507 1342 3588 Job,
1385 3532 1574 3588 xxix,
1617 3510 1658 3576 (i
1701 3530 1718 3578 ε
1761 3511 1971 3576 Petra
2023 3507 2365 3598 fundebat
2410 3509 2587 3577 milti
2632 3510 2737 3577 ri·
2845 3502 2943 3570 nit
2969 3503 3036 3570 iu
3067 3502 3434 3575 concham.
3661 3493 3676 3508 ⁶

1185 3640 1297 3684 vos
1335 3615 1522 3685 olei:
1563 3623 1842 3707 propter
1880 3614 2063 3706 quod
2102 3614 2366 3683 dicebat
2429 3615 2732 3684 Joannes
2932 3609 3012 3677 Εἰ
3061 3620 3247 3688 nola,
3295 3613 3483 3704 quod
3523 3615 3745 3705 gratia
3792 3637 3901 3681 ros
3940 3614 4204 3683 dicitur·
4241 3614 4390 3682 Pri·
4443 3621 4608 3723 ⁰¹:22³·
4585 3623 4732 3725 m⁰1⁰n¹'

1181 3723 1617 3815 quibusdam,
1662 3721 1688 3790 l
1729 3723 1931 3792 Joan.
1968 3745 2038 3808 11,
2081 3724 2165 3790 27
2213 3746 2227 3792 :
2269 3724 2508 3792 L'uetio
2545 3723 2726 3814 ejus,
2840 3720 3159 3811 m0‚quia
3209 3721 3504 3812 desuper
3542 3722 3914 3803 descendit,
3947 3721 4077 3792 lsa.
4112 3747 4267 3811 xcv,
4300 3727 4340 3794 8
4373 3751 4391 3798 :
4517 3744 4645 3781 rou.

1178 3833 1434 3902 scilicet
1491 3831 1766 3916 Christi,
1832 3833 2023 3901 docet
2080 3855 2195 3900 vos
2250 3831 2334 3900 de
2384 3832 2722 3902 omnibus.
2834 3829 3111 3907 Rorote,
3144 3830 3326 3908 coeli,
3359 3831 3676 3924 desuper.
3707 3831 3943 3900 Jacob.
3971 3855 4015 3911 ι,
4058 3833 4133 3900 17
4168 3856 4184 3901 ε
4225 3834 4396 3903 Om-

1183 3940 1427 4008 L'nctio
1457 3961 1621 4031 ergo
1650 3938 2131 4019 illuminativa,
2191 3940 2419 4008 unctio
2476 3942 2726 4008 sanati·
2832 3959 2915 4002 ne
2943 3936 3185 4005 datum
3218 3939 3588 4029 optimum,
3622 3945 3751 4007 etc.
3798 3937 4114 4007 Suaviter
4142 3940 4390 4021 influit,

1178 4072 1286 4117 va.
1341 4046 1547 4118 Eucti.
1594 4070 1881 4128 xxxvm,
1922 4048 1962 4116 7
1998 4069 2014 4115 ε
2057 4049 2569 4138 Utiquentarius
2603 4053 2727 4139 la·
2829 4044 3177 4126 Judicum,
3220 4070 3316 4130 vr,
3352 4049 3436 4117 37
3488 4057 3555 4117 et
3609 4071 3784 4139 seq.,
3837 4048 3975 4117 Ros
4041 4050 4267 4119 influit
4323 4053 4394 4119 in

1178 4159 1307 4227 ciet
1328 4159 1686 4249 piymeutu
1713 4158 2107 4240 suavitatis,
2165 4167 2231 4227 et
2265 4158 2571 4248 conficiet
2601 4181 2725 4225 un-
2830 4153 3074 4234 vellus,
3129 4156 3197 4222 in
3258 4177 3395 4247 qua
3460 4156 3819 4227 influentia
3885 4157 4110 4228 nullus
4174 4159 4395 4251 potuit

1174 4269 1426 4336 stiones
1450 4268 1800 4338 sanitatis,
2827 4283 2972 4329 csse
2999 4263 3347 4354 strepitus.
3383 4263 3665 4334 Deuter.
3699 4287 3914 4345 xxxu,
3943 4266 3983 4332 2
4019 4287 4035 4334 ε
4069 4266 4137 4334 F
4133 4264 4289 4332 luat
4317 4277 4394 4334 ut

2825 4392 2936 4436 ros
2962 4367 3323 4462 eloquium
3368 4394 3626 4454 meum,
3669 4371 3740 4440 id
3785 4381 3910 4458 est,
3970 4369 4280 4452 dulciter,
4324 4387 4392 4447 et

2824 4477 3150 4545 suaviter.
3194 4477 3458 4548 Corvos
3513 4478 3736 4548 donec
3808 4479 4201 4572 nigrescant
4252 4503 4393 4549 nu·

2824 4584 2938 4651 trit
2971 4607 2987 4652 :
3023 4583 3170 4653 haec
3207 4607 3452 4654 omnes
3480 4583 3802 4655 homines
3830 4584 4045 4655 donec
4073 4595 4379 4678 peccent.

1170 4686 1280 4747 tur
1317 4678 1707 4771 exemplum
1747 4676 1933 4746 aliud
1961 4676 2043 4745 de
2074 4678 2472 4748 irroratione
2513 4703 2718 4750 mon·
2825 4689 3129 4782 sapient,
3191 4715 3337 4772 xm,
3398 4694 3484 4762 25
3529 4716 3546 4760 :
3583 4692 3665 4761 ln
3704 4694 3937 4761 omnia
3994 4694 4383 4785 tramfiqu..

1168 4787 1364 4872 tium,
1399 4783 1674 4853 alterius
1712 4795 1899 4853 trans
1935 4785 2304 4855 Jordanem
2336 4787 2706 4869 existentis,
2822 4807 3004 4881 rata,
3083 4799 3397 4868 omnium
3445 4801 3708 4868 nutrici
3774 4800 4022 4889 qratia·
4066 4811 4203 4868 τηε
4257 4800 4381 4870 de-

1165 4897 1282 4989 qui
1346 4892 1729 4988 appellatur
1790 4893 2126 4974 Hermon,
2196 4894 2470 4963 alterius
2543 4898 2710 4968 citra
2813 4905 3170 4975 serviebat.
3257 4906 3551 4999 Propter
3652 4906 3785 4976 hoc
3853 4907 4123 4994 dicitur,
4209 4906 4371 4988 Job,

1161 5003 1513 5074 existentis
1555 5003 1624 5070 in
1668 5011 1848 5070 terra
1894 5003 2390 5094 promissionis,
2433 5007 2548 5094 qui
2589 5027 2710 5074 vo·
2812 5033 3099 5090 xxxvin,
3142 5014 3219 5080 4¹
3263 5035 3280 5080 ε
3330 5015 3504 5099 Quis
3534 5024 3888 5106 praeparat
3915 5038 4112 5084 corvo
4150 5037 4374 5084 escam

1158 5121 1350 5181 catur
1389 5110 1583 5180 Sion.
1628 5110 1713 5179 Et
1758 5112 2075 5203 quamvis
2123 5113 2547 5201 Augustinus
2597 5115 2706 5180 ni-
2807 5140 3035 5201 suam,
3085 5119 3367 5210 quando
3426 5121 3624 5213 pulli
3686 5122 3845 5211 ejus
3908 5121 4215 5190 clamant
4279 5123 4382 5191 ad

1158 5228 1342 5290 tatur
1394 5217 1712 5312 probare,
1782 5218 1967 5310 quod
2009 5248 2039 5279 «
2092 5218 2277 5287 nullo
2354 5219 2558 5287 modo
2618 5222 2701 5288 ad
2809 5228 3057 5311 Deum,
3081 5226 3350 5320 supple,
3383 5228 3851 5323 nisiego?De
3872 5238 4070 5298 noeto
4098 5229 4374 5302 descen.

1159 5354 1194 5395 «
1236 5328 1530 5397 litteram
1571 5325 1782 5418 possit
1812 5325 2127 5419 intelligi,
2177 5328 2334 5419 quia
2389 5326 2475 5395 ab
2529 5326 2700 5396 ller-
2808 5332 3164 5419 dit,Exod.
3199 5357 3344 5421 xv1,
3384 5336 3495 5405 13:
3530 5338 3825 5406 Factum
3846 5345 3944 5403 est
3971 5359 4265 5429 vespere,
4305 5351 4371 5409 et

1158 5461 1192 5502 ι
1236 5457 1401 5504 mon
1432 5435 1502 5503 in
1542 5433 1711 5503 Sion
1743 5457 1855 5503 ros
1899 5455 2039 5502 non
2069 5443 2299 5526 posset
2342 5435 2701 5508 descende-
2806 5440 3173 5510 ascendens
3236 5444 3567 5512 coturnix
3647 5444 3996 5536 cooperuit
4045 5454 4275 5513 castra
4340 5468 4366 5514 .·

1158 5567 1193 5608 α
1233 5565 1331 5624 re,
1373 5564 1533 5612 cum
1606 5542 1745 5611 sint
1787 5550 2055 5611 montes
2117 5543 2400 5633 sejuncti
2468 5553 2537 5614 et
2589 5546 2700 5615 di·
2805 5571 3007 5616 mane
3051 5572 3325 5642 quoque
3379 5573 3492 5619 ros
3526 5550 3769 5640 jacuit
3807 5574 3935 5643 per
3994 5553 4363 5621 circuitum

1265 4596 1297 4636 α
1339 4570 1538 4639 Sicut
1587 4592 1700 4639 ros
1736 4571 2063 4640 Hermon.
2111 4596 2144 4636 ι
2188 4568 2312 4639 llic
2352 4568 2716 4663 subjungi-

1227 5777 1242 5814 ¹
1276 5770 1363 5832 Cf.
1386 5770 1561 5831 nich.
1586 5789 1661 5843 tv,
1685 5775 1736 5833 ¹.
