5008 6329
1314 3994 1440 4064 ΞΟ

1176 4096 1533 4207 „m

2414 155 3125 228 COMMENTARIUS
3181 155 3273 223 IN
3327 154 3760 223 PSALMUM
3813 155 3950 224 Cll.
4696 158 4781 222 29

1658 363 1687 396 «
1728 337 2074 403 Dominus
2123 336 2194 400 in
2224 333 2415 400 coelo.
2463 359 2495 397 i>
2542 333 2668 401 Hic
2707 333 3110 408 secundum,

1565 443 1632 508 in
1659 467 1795 533 quo
1828 451 2195 532 postquam
2256 442 2553 509 ostendit
2585 443 2768 533 quod
2801 460 3115 508 remune-

1565 551 1757 628 rabit,
1812 549 2108 617 ostendit
2148 551 2331 640 quod
2373 553 2610 641 possit.
2668 550 2878 630 Quasi
2925 549 3116 617 dice-

1563 665 1659 723 ret
1702 679 1717 722 :
1783 654 1899 723 Sic
1940 661 2403 726 remunerabit
2467 659 2816 736 facientes,
2851 665 2917 722 et
2957 663 3117 745 pot-

1560 766 1709 844 erit,
1752 765 1913 854 quia
1956 791 1989 830 α
2041 768 2407 850 DominuS,
2456 791 2488 830 ι
2533 788 2689 833 cum
2723 766 2792 831 in
2833 763 3117 830 infirmi-

1558 878 1690 936 tate
1722 881 2071 962 assumpta
2091 895 2215 962 pro
2247 872 2446 938 nobis
2476 870 2840 937 crucifixus
2870 871 2983 950 sit,
3017 869 3119 935 ni-

1560 974 1932 1046 hilominus
1976 1005 2007 1043 α
2038 979 2320 1068 paravit
2345 976 2574 1044 sedem
2610 1000 2812 1044 suam
2854 980 2924 1044 in
2983 999 3118 1045 coe-

1563 1083 1654 1166 lo,
1692 1110 1726 1151 a
1776 1095 1855 1152 ut
1885 1086 2172 1175 judicet.
2213 1083 2464 1174 Supra,
2500 1084 2573 1151 in
2623 1084 2806 1152 Psal.
2849 1108 2918 1163 x,
2978 1086 3058 1151 15
3092 1105 3109 1150 t

1562 1193 1904 1260 Dominus
1950 1193 2021 1258 in
2051 1189 2219 1259 coelo
2275 1199 2513 1259 sancto
2560 1215 2709 1270 suo,
2772 1192 3116 1259 Dominus

1564 1299 1632 1365 in
1661 1299 1827 1366 coelo
1863 1297 2051 1365 sedes
2080 1297 2259 1386 ejus.
2305 1296 2412 1365 Ad
2451 1297 2661 1367 Hebr.
2699 1323 2742 1372 ι.
2780 1300 2821 1365 8
2856 1320 2871 1363 :
2914 1298 3119 1365 Thro-

1561 1429 1690 1473 nus
1718 1415 1906 1486 tua-5,
1937 1405 2150 1478 Deus,
2184 1405 2256 1470 in
2285 1405 2618 1473 saeculum
2659 1405 2897 1472 saeculi
2928 1405 2973 1470 ¹.
3004 1402 3109 1479 Et,

1563 1512 1632 1582 in
1662 1509 1932 1592 eodem,
1962 1516 2027 1586 5.
2065 1510 2104 1576 3
2152 1533 2166 1577 ε
2201 1510 2404 1577 Sedet
2441 1509 2541 1577 ad
2577 1509 2930 1577 dexteram
2962 1530 3119 1575 ma-

1550 1617 1836 1706 jestatis
1866 1619 1938 1685 in
1971 1618 2280 1685 excelsis.

1653 1857 1688 1897 ι
1722 1833 1815 1900 Et
1862 1852 2179 1921 reqnum.
2230 1855 2264 1894 n
2315 1828 2443 1898 llic
2482 1828 2889 1908 seeundum,
2930 1827 3119 1897 scili-

1560 1945 1664 2006 cet
1691 1938 2152 2007 remuneratio
2177 1959 2460 2005 suorum
2493 1935 3003 2027 comparatione
3032 1934 3119 2002 ad

1562 2044 1809 2113 malos.

1644 2152 1761 2219 Ait
1798 2152 1983 2219 enim
2027 2175 2043 2221 :
2081 2150 2197 2219 Sic
2244 2149 2710 2219 remunerabit
2749 2152 2818 2219 in
2850 2150 3115 2239 justitia

1558 2267 1854 2336 sanctos,
1879 2257 2171 2351 gloriam
2199 2256 2638 2334 conferendo,
2667 2282 2701 2323 «
2734 2266 2798 2324 et
2827 2279 3117 2348 reqnum

1559 2366 1803 2457 ipsius,
1834 2367 2054 2454 »justi
2084 2364 2340 2434 scilicet
2370 2387 2659 2455 regnum
2692 2364 2847 2432 sacti
2879 2385 3121 2432 secun-

1560 2474 1719 2541 dum
1763 2473 1929 2541 illud
1981 2474 2004 2539 l
2041 2473 2223 2541 l'etr.
2267 2495 2338 2550 ιι.
2373 2477 2415 2539 9
2469 2494 2485 2539 :
2549 2475 2669 2540 Vos
2705 2473 2862 2539 estis
2899 2494 3120 2562 glenus

1559 2581 1873 2659 electum,
1918 2579 2155 2671 reqale
2200 2579 2690 2649 sacerdotium.
2741 2578 3025 2670 Apocal.
3065 2600 3111 2656 ι,

1562 2691 1602 2757 6
1635 2713 1652 2759 z
1688 2692 1880 2760 Fecit
1916 2713 2040 2759 nos
2094 2712 2384 2782 reynum
2442 2701 2506 2757 et
2552 2690 2931 2757 sacerdotes
2972 2691 3114 2757 Deo

1557 2809 1618 2867 et
1654 2800 1858 2867 I'atri
1881 2821 2030 2867 suo.
2069 2828 2101 2861 «
2157 2797 2655 2867 Dominabitur
2691 2797 3035 2878 omnibus,
3078 2826 3112 2861 n

1558 2903 1756 2973 malis
1786 2905 1948 2996 ipsis
1999 2903 2128 2972 sub
2185 2903 2474 2995 pedibus
2508 2905 2771 2995 positis.
2821 2902 3005 2971 Paal.
3039 2926 3110 2981 ι,

1557 3017 1597 3083 5
1642 3036 1659 3083 :
1704 3015 2031 3083 Omnium
2064 3014 2502 3081 inimicorum
2550 3035 2836 3081 suorum
2887 3011 3115 3081 domi-

1556 3119 1862 3198 nabitur,
1905 3120 2171 3212 supple,
2202 3119 2350 3209 ejus
2408 3141 2724 3210 regnum.
2777 3115 2805 3186 1
2846 3117 2933 3187 ad
2973 3118 3113 3186 Co-

1557 3226 1763 3297 rinth.
1797 3250 1913 3309 xv,
1947 3230 2032 3295 25
2076 3251 2093 3296 :
2177 3229 2460 3319 Oportet
2517 3226 2728 3294 illum
2794 3248 3108 3316 regnare,

1555 3331 1765 3401 donec
1786 3342 2004 3424 ponat
2031 3332 2345 3400 inimicos
2371 3355 2536 3398 suos
2572 3328 2953 3398 scabellum
2986 3352 3116 3420 pe-

1556 3441 1722 3509 dum
1766 3463 2077 3509 suorum.
2112 3439 2402 3509 Malacli.
2456 3462 2553 3515 ιν.
2607 3442 2647 3506 3
2683 3462 2699 3508 :
2736 3437 3116 3508 Calcabitis

1557 3552 1829 3642 impios,
1860 3571 2015 3618 cum
2042 3549 2307 3639 luerint
2343 3549 2517 3616 cinis
2551 3546 2680 3617 sub
2708 3547 2967 3639 planta
2998 3569 3118 3636 pe·

1559 3654 1729 3725 dum
1763 3666 2167 3724 vestrorum.

1649 4016 1683 4049 «ι
1722 3984 2109 4054 Benedicitc
2139 3985 2460 4052 Domino.
2499 4011 2533 4046 υ
2580 3982 2705 4052 llic
2733 3984 3111 4053 secundum

1559 4093 1768 4163 totius
1804 4090 2008 4182 hujus
2041 4088 2320 4167 Psalmi,
2355 4090 2425 4158 in
2457 4112 2596 4181 quo
2629 4098 2992 4182 postquam
3023 4088 3111 4158 ad

1560 4199 1681 4268 Dei
1720 4196 1993 4267 laudem
2033 4193 2506 4265 rationabilem
2540 4204 2948 4272 creaturam.
2983 4193 3113 4262 hu·

1556 4329 1832 4377 manain
1870 4304 2153 4389 scilicet,
2183 4303 2488 4373 animam
2526 4326 2726 4372 suam
2758 4304 3109 4396 propriam

1557 4413 1896 4492 invitavit,
1927 4411 2040 4482 hic
2074 4412 2410 4481 convertit
2439 4433 2831 4479 sermonem
2861 4433 3116 4479 secun-

1557 4522 1644 4593 do
1673 4522 1761 4591 ad
1787 4520 1955 4590 alias
1991 4527 2361 4596 creaturas.
2394 4526 2462 4587 et
2521 4518 2763 4586 invitat
2820 4517 2972 4586 illas
3025 4518 3113 4586 ad

1557 4630 1857 4701 laudem.
1928 4627 2192 4707 Primo,
2251 4625 2633 4719 angelicam
2697 4625 3107 4720 specialiter.

1561 4737 1905 4818 Secundo,
1937 4739 2156 4828 ipsam
2187 4746 2255 4805 et
2286 4758 2569 4805 omnem
2591 4735 2800 4805 aliam
2839 4736 3115 4805 univer·

1559 4848 1811 4931 saliter,
1853 4847 1973 4924 ibi.
2006 4852 2072 4923 5.
2103 4847 2191 4913 22
2222 4865 2240 4914 t
2285 4871 2320 4912 ι
2362 4845 2752 4914 Benedicite
2777 4846 3107 4924 Domino,

1558 4956 1791 5023 omnia
1828 4974 2058 5045 opera.
2114 4977 2150 5013 a
2188 4950 2444 5030 Terti0‚
2489 4974 2575 5020 ne
2613 4951 2959 5019 videretur
2986 4973 3115 5019 ex-

1560 5061 1828 5131 cludere
1847 5062 2151 5128 animam
2181 5059 2559 5150 propriam,
2596 5061 2834 5149 repetit
2867 5058 3115 5129 exhor·-

1562 5169 1888 5238 tationem
1938 5165 2024 5234 ad
2089 5162 2277 5233 illam
2337 5164 2802 5255 singulariter,
2862 5162 2984 5248 ibi,
3039 5164 3111 5232 in

1633 5415 1652 5452 ¹
1679 5414 1767 5473 Cf.
1798 5410 1957 5470 Pul.
1989 5428 2138 5478 zur,
2178 5415 2233 5467 7.

1640 5508 1665 5543 ¹
1689 5506 1773 5563 Cf.
1807 5506 2002 5561 Genea
2054 5518 2197 5567 xvir,
2233 5505 2300 5556 to
2330 5508 2389 5557 et
2420 5518 2551 5576 seq.

3231 326 3370 395 sine
3390 333 3452 402 ᾗ.
3492 329 3575 395 22
3615 328 4025 405 :«Beneclic‚
4070 329 4502 402 animamea.
4537 329 4779 395 Domi-

3226 458 3340 502 no,
3388 460 3422 499 a

3317 543 3394 609 In
3434 546 3657 633 prima
3689 546 3844 614 duo.
3885 546 4141 624 Primo,
4186 548 4431 613 invitat
4470 545 4773 636 Angelos
4804 550 5008 649 ἓξὲξ.

3228 650 3555 719 internos
3603 660 3670 720 et
3701 653 3912 722 Deum
3965 655 4396 732 mediatoreS,
4440 665 4770 745 quantum
4803 659 5008 756 “20¹3ss

3227 759 3313 826 ad
3353 762 3851 852 cognoscenda.
3912 762 4254 839 Secundo,
4299 771 4628 854 quantum
4689 763 4774 829 ad

3230 866 3519 955 agenda,
3563 865 3684 950 ibi,
3724 875 3789 944 ἵ.
3823 869 3901 934 21
3962 893 3976 935 ε
4020 869 4409 936 Benedicite
4445 870 4772 951 Domino,

3230 996 3462 1042 omnes
3489 976 3773 1043 virtutes
3803 976 3980 1066 ejus.
4019 1003 4052 1043 1>

3322 1079 3397 1147 In
3429 1083 3650 1172 prima
3691 1082 3845 1150 duo.
3883 1083 4144 1161 Primo,
4190 1085 4432 1153 invitat
4472 1084 4775 1176 Angelos

3227 1189 3651 1279 simpliciter.
3680 1190 4017 1272 Secund0‚
4055 1193 4398 1283 specificat
4419 1217 4616 1285 quOS,
4653 1192 4772 1272 ibi,

3231 1321 3265 1362 «
3312 1299 3633 1366 Potentes
3661 1301 3934 1370 virtute.
3980 1326 4013 1366 π

3316 1402 3500 1472 Dicit
3535 1428 3699 1497 ergo
3765 1430 3780 1473 :
3846 1405 3956 1474 Sic
4015 1407 4298 1475 invitavi
4347 1409 4648 1476 animam
4690 1407 4778 1476 ad

3226 1507 3767 1580 benedicendum
3818 1535 3833 1580 τ
3869 1513 3986 1581 sed
4016 1537 4056 1581 o
4103 1536 4255 1594 voa,
4292 1541 4324 1579 «ι
4368 1537 4598 1583 omnes
4626 1516 4777 1584 An-

3223 1617 3371 1710 qeli
3406 1619 3586 1709 ejm,
3625 1647 3658 1707 η
3700 1622 3976 1689 Domini
4018 1622 4295 1702 scilicet,
4343 1652 4373 1687 α
4411 1623 4781 1692 benedicite

3228 1727 3553 1795 Domino.
3619 1754 3654 1790 κ
3714 1727 3918 1810 infra,
3974 1732 4039 1796 in
4092 1730 4272 1798 Psal.
4333 1754 4600 1811 chvm,
4661 1734 4703 1799 2
4759 1756 4773 1799 :

3225 1832 3544 1901 Laudate
3605 1857 3786 1913 eum,
3844 1858 4071 1904 omnes
4125 1838 4380 1928 Anqeli
4414 1837 4571 1928 ejus
4638 1837 4769 1906 Isa.

3227 1962 3322 2019 vi,
3382 1942 3422 2010 3
3456 1965 3473 2009 ε
3509 1943 3876 2035 Seraphim
3931 1944 4332 2014 clamabant
4388 1969 4410 2013 .·
4450 1947 4770 2027 Sanctus,

3226 2049 3552 2128 Sanctus,
3619 2050 3936 2130 Sanctus,
3986 2062 4114 2122 etc.
4174 2053 4460 2142 Apocal.
4522 2076 4613 2134 iv,
4665 2055 4706 2120 8
4754 2076 4771 2120 ε

3226 2157 3556 2248 Requiem
3593 2181 3730 2227 non
3768 2160 4110 2229 habebant
4151 2161 4264 2229 die
4318 2172 4383 2229 et
4415 2172 4630 2245 nocte,
4672 2163 4777 2230 di·

3224 2263 3449 2331 centia
3489 2286 3512 2331 .·
3549 2265 3872 2345 Sanctus,
3914 2266 4235 2351 Sanctus,
4270 2268 4587 2337 Sanctus.
4636 2267 4777 2335 Nec

3227 2377 3325 2437 est
3348 2366 3494 2438 haec
3524 2370 3833 2439 invitatio
3875 2372 3979 2440 vel
4010 2371 4394 2441 exhortatio
4424 2373 4509 2441 ad
4539 2375 4771 2464 Ange·

3227 2476 3330 2545 los
3370 2479 3529 2569 quia
3571 2479 3943 2572 indigeant,
3978 2481 4095 2549 sed
4128 2493 4200 2549 ut
4229 2493 4558 2551 monstret
4589 2481 4772 2574 quod

3224 2583 3564 2654 voluntati
3603 2586 4028 2676 Angelorum
4067 2589 4458 2658 concordet.

3317 2822 3353 2858 α
3388 2798 3705 2866 Potentes
3732 2799 4005 2867 virtute.
4034 2824 4067 2865 ι
4103 2799 4230 2868 llic
4250 2799 4592 2891 specificat
4620 2801 4776 2892 qui·

3223 2902 3354 2972 bus
3392 2903 3739 2998 loquatur,
3779 2916 3845 2977 et
3870 2907 4188 2977 describit
4243 2931 4361 2977 eos
4409 2907 4495 2976 ab
4533 2906 4774 2979 habitu

3224 3013 3473 3103 primo,
3521 3012 3710 3095 Post,
3744 3014 3830 3084 ab
3867 3023 4045 3096 actu,
4081 3015 4198 3094 ibi,
4236 3042 4271 3082 ι
4320 3018 4697 3086 Facientes.
4736 3044 4770 3085 a

3314 3118 3492 3189 Dicit
3542 3143 3706 3214 ergo
3764 3144 3781 3191 :
3846 3121 4234 3192 Benedicite
4299 3147 4461 3192 eum
4529 3147 4771 3193 omnes

3221 3225 3469 3318 Angeli
3499 3228 3674 3317 ejus,
3705 3229 3822 3320 qui
3852 3230 4012 3296 estis
4036 3255 4071 3295 ι
4095 3239 4403 3323 potentes
4431 3232 4705 3312 virtute,
4733 3259 4769 3295 ι

3224 3339 3295 3404 in
3325 3336 3525 3405 vobis
3540 3338 3899 3416 existente,
3932 3338 4088 3407 data
4114 3337 4314 3407 vobis
4343 3364 4382 3408 a
4405 3362 4568 3409 vero
4589 3363 4775 3409 crea-

3222 3450 3394 3521 tore,
3440 3466 3581 3512 non
3621 3443 3857 3535 repleti
3888 3445 4050 3514 vino
4080 3448 4255 3515 sicut
4287 3445 4475 3529 mali,
4518 3447 4587 3514 in
4616 3455 4772 3515 tan·

3220 3557 3368 3618 tum
3401 3556 3476 3617 ut
3498 3547 3819 3619 dicamini
3864 3551 4151 3620 Virtutes
4167 3553 4323 3621 Dei.
4370 3551 4634 3620 Daniel.
4671 3576 4768 3629 ιιι,

3219 3656 3299 3722 til
3360 3676 3377 3723 ε
3419 3653 3833 3743 Benedicite,
3868 3679 4099 3726 omues
4136 3659 4420 3727 virtutes
4455 3659 4766 3737 Domini,

3221 3765 3551 3833 Domino.

3312 4004 3348 4045 ι
3383 3979 3757 4049 Facientes.
3789 4007 3821 4043 ι
3864 3978 3992 4047 llic
4019 3978 4106 4047 ab
4137 3987 4288 4048 actu
4324 4002 4341 4047 τ
4374 3987 4441 4048 et
4468 3987 4772 4072 tangun-

3220 4092 3335 4154 tur
3373 4085 3539 4155 du0.
3592 4083 3858 4163 Primo.
3918 4093 4132 4153 actus.
4204 4083 4544 4164 Secundo,
4612 4085 4772 4154 linis

3220 4201 3440 4277 actus,
3485 4190 3606 4272 ibi,
3651 4218 3687 4259 ι
3727 4192 3843 4263 Ad
3874 4193 4367 4263 audiendam.»

3309 4302 3490 4372 Dicit
3518 4324 3686 4394 ergo
3731 4325 3748 4373 ε
3797 4301 3912 4371 Sic
3954 4304 4117 4371 estis
4145 4313 4457 4395 potentes
4486 4304 4765 4384 virtute,

3218 4419 3286 4480 et
3325 4437 3360 4478 ι
3401 4413 3731 4501 jacientes
3766 4410 4042 4479 verbum
4073 4409 4294 4487 illius,
4342 4437 4376 4478 a
4408 4412 4494 4480 ad
4531 4411 4770 4482 homi-

3219 4541 3341 4587 nes
3384 4540 3401 4588 ε
3444 4527 3507 4586 et
3541 4517 3699 4596 boc,
3732 4547 3765 4577 κ
3809 4517 3909 4586 ad
3944 4517 4392 4598 audiendam,
4429 4543 4464 4582 ι
4521 4517 4586 4586 id
4634 4526 4762 4596 est,

3221 4634 3294 4694 ut
3334 4624 3653 4694 homines
3691 4624 3967 4693 audiant
4026 4653 4059 4688 ι
4115 4647 4340 4693 vocem
4371 4647 4762 4695 sernwnum

3217 4732 3399 4824 ejus,
3445 4758 3480 4800 a
3514 4755 3637 4825 per
3670 4756 3796 4803 vos
3837 4733 4114 4803 scilicet.
4166 4733 4412 4825 Angeli
4470 4733 4763 4804 Abraha-

3216 4839 3643 4910 voluntatem
3676 4838 3798 4911 Dei
3840 4840 4440 4911 manifestaverunt
4476 4841 4558 4911 de
4595 4865 4766 4924 xvii,

3217 4947 3734 5017 circumcisione
3786 4957 3841 5027 ³.
3902 4946 3986 5016 de
4044 4945 4555 5016 Sodomitarum
4596 4947 4770 5016 sub-

3217 5056 3562 5125 mersione
3589 5061 3640 5138 ⁸,
3711 5062 3779 5123 et
3818 5054 3944 5122 Lot
3998 5055 4083 5125 de
4151 5055 4473 5124 evasione
4529 5058 4770 5125 incen-

3217 5164 3312 5234 dii
3335 5180 3400 5235 ⁴:
3437 5164 3659 5256 Moysi
3688 5162 3771 5233 de
3799 5162 4062 5233 cultura
4096 5164 4242 5245 Dei.
4277 5173 4342 5235 et
4364 5163 4768 5234 tabernacu-

3291 5412 3315 5448 ⁸
3344 5409 3598 5479 Ibidem,
3629 5425 3791 5478 niu,
3824 5412 3891 5465 ¹⁶
3921 5415 3978 5466 et
4009 5426 4135 5484 aeq.

3290 5498 3315 5535 ⁴
3344 5499 3597 5565 Ibidem,
3625 5513 3745 5568 xix,
3775 5498 3842 5555 ¹7
3870 5504 3931 5555 et
3957 5514 4084 5571 seq.
4769 5518 4792 5583 i
