5008 6329
580 337 663 402 98
1571 327 1653 393 D.
1708 326 1905 393 ALB.
1960 321 2179 390 MAG.

669 506 702 541 «
745 481 839 547 Ec
875 503 906 543 ι
949 480 1045 546 sic
1086 504 1120 541 «
1164 476 1448 544 cessavit
1486 472 1865 561 quassatio,
1922 497 1953 531 »
1999 491 2129 558 po-

578 586 746 678 puli.
783 587 1062 653 Numer.
1116 606 1280 661 xxxr,
1323 583 1363 648 8
1415 603 1428 645 :
1488 579 1785 647 Cessavit
1834 576 2056 667 playa
2088 600 2129 641 a

579 698 754 785 filiis
783 696 1024 774 Israel,
1060 715 1139 760 eo
1180 687 1365 779 quod
1403 687 1655 757 zelatus
1697 695 1798 754 est
1836 685 2127 751 Phinees

583 828 705 895 pro
735 804 1031 870 Domino
1078 798 1225 864 Deo
1267 819 1419 877 suo,
1467 806 1534 863 et
1572 795 1872 884 expiavit
1911 790 2128 857 scelus

583 911 878 977 filiorum
937 901 1167 970 lsrael.
1216 901 1331 970 Sic
1385 905 1442 970 si
1496 909 1672 968 esset
1711 901 1780 964 in
1832 896 2128 963 Ecclesia

582 1016 731 1091 Dei,
768 1012 880 1101 qui
911 1008 1158 1077 zelaret
1195 1009 1337 1077 zelo
1377 1009 1587 1084 bone,
1622 1005 1704 1071 de
1754 1026 1889 1093 quo
1947 1003 2129 1068 Pau-

580 1121 708 1196 luS‚
744 1117 803 1184 11
836 1117 918 1185 ad
952 1116 1258 1184 Corinth.
1295 1137 1391 1193 xx,
1427 1116 1465 1178 2
1505 1111 1910 1178 rAEmulor
1947 1111 2127 1175 enim

581 1249 696 1293 vos
731 1226 862 1294 Dei
897 1223 1377 1292 aemulatione:
1412 1228 1478 1286 ct
1507 1219 1587 1287 de
1620 1240 1784 1309 quc,
1830 1219 1896 1283 in
1941 1215 2120 1282 l‘sal.

581 1356 809 1411 vatu,
839 1333 917 1399 10
956 1354 969 1397 ;
995 1328 1203 1396 Zelus
1234 1327 1480 1415 domas
1511 1335 1644 1391 tuae
1674 1323 1964 1389 comedit
1995 1344 2125 1387 mc:

579 1451 646 1510 et
676 1440 1077 1508 interficeret
1104 1459 1244 1503 non
1274 1436 1499 1503 solum
1541 1433 1952 1501 fornicantes
1983 1452 2128 1495 cor-

578 1547 922 1640 poraliter,
965 1545 1084 1614 sed
1126 1548 1334 1613 etiam
1373 1540 1838 1633 spiritualiter,
1886 1560 2126 1604 omnes

579 1655 830 1725 scilicet
852 1662 1264 1744 peccatores,
1292 1654 1490 1742 juxta
1521 1648 1683 1715 illud
1719 1645 1900 1712 l'sal.
1934 1668 1991 1722 c,
2030 1650 2069 1709 ⁸
2107 1668 2121 1710 z

578 1766 656 1831 In
697 1763 1036 1829 matutino
1067 1757 1561 1847 interficiebam
1607 1776 1836 1821 omnes
1886 1776 2125 1842 pecca-

579 1883 752 1939 tores
781 1880 994 1946 terroe,
1020 1868 1322 1958 pugione
1343 1864 1534 1931 verbi
1560 1863 1710 1941 Dei,
1737 1860 1838 1926 Ad
1874 1860 2118 1950 Ephe&

578 2004 673 2061 vi,
731 1981 802 2044 Π
848 2000 863 2042 :
907 1980 1003 2044 Et
1049 1974 1380 2064 qladium
1428 1973 1743 2063 spiritua,
1802 1968 1992 2058 quod
2030 1976 2127 2032 est

577 2086 852 2154 verbum
881 2086 1015 2152 Dei
1045 2106 1067 2149 .·
1100 2091 1262 2149 tunc
1301 2081 1482 2147 Deus
1510 2085 1741 2169 posset
1771 2098 1890 2165 per
1919 2074 2122 2141 talem

577 2190 1017 2259 reconciliari.
1072 2186 1279 2254 Eccli.
1321 2208 1478 2265 xcv,
1539 2186 1624 2249 28
1659 2185 1840 2248 012¹.»
1880 2202 1894 2245 ε
1944 2179 2123 2247 I’lei-

577 2323 804 2367 nees...
838 2299 906 2364 in
955 2298 1200 2363 timore
1229 2292 1518 2362 Domini
1562 2291 1773 2367 slelil,
1828 2290 1895 2353 in
1938 2312 2124 2353 rere·-

576 2408 794 2475 renlia
830 2406 1050 2495 qenlis
1089 2426 1116 2471 .·
1166 2404 1238 2469 in
1298 2400 1600 2468 bonitale
1657 2405 1721 2464 et
1760 2396 2123 2462 alacritate

576 2517 824 2581 animae
848 2534 990 2579 suae
1014 2510 1289 2601 placuit
1320 2510 1464 2576 Deo
1490 2528 1618 2597 pro
1649 2502 1890 2571 lsrael.

667 2878 699 2912 α
743 2850 836 2916 Εἰ
864 2853 1255 2938 reputatum
1287 2851 1407 2909 est.
1460 2866 1493 2905 ι
1529 2840 1654 2907 llic
1684 2838 2122 2926 subjungitur

576 2959 722 3047 ejus
785 2977 905 3046 per
959 2974 1164 3044 quem
1233 2950 1571 3017 Dominus
1631 2946 1935 3036 placatus
1989 2951 2112 3016 cst,

575 3062 1052 3134 remuneratio.
1142 3058 1228 3126 Et
1291 3058 1543 3148 prim0,
1629 3052 2112 3120 remuneratio.

577 3169 916 3247 Secunde,
958 3167 1304 3236 oeternitas
1361 3163 1429 3231 in
1471 3160 1784 3254 praemio,
1836 3182 1973 3250 quo
2016 3181 2120 3224 re-

573 3287 968 3351 muneratus
997 3285 1123 3354 est,
1169 3276 1289 3357 ibi,
1326 3298 1360 3339 ⁸
1403 3274 1486 3342 In
1511 3269 2018 3362 qenerationem
2060 3278 2121 3333 et

573 3388 1098 3479 qeneralionem.
1137 3406 1170 3445 ι

665 3496 843 3564 Dicit
862 3514 1026 3584 ergo
1065 3488 1236 3558 >Sic
1300 3483 1600 3553 Phinees
1648 3480 1968 3572 placavit,
2000 3507 2032 3540 α
2063 3489 2125 3544 e!

579 3612 965 3697 reputatum
1004 3609 1103 3666 est
1130 3598 1194 3664 ei
1216 3594 1316 3662 ad
1324 3592 1718 3682 justiliam,
1753 3616 1784 3648 ιι
1810 3574 1982 3678 'quia
2013 3588 2127 3655 da-

576 3723 723 3781 tum
753 3718 852 3778 est
893 3707 1248 3799 praemium
1289 3700 1485 3791 justi,
1518 3696 1773 3765 scilicet
1803 3695 2125 3762 sacerdu-

578 3819 769 3887 tium.
801 3813 1279 3905 Reputatione,
1320 3808 1954 3896 inquam,extensa‚
1983 3831 2012 3860 u
2054 3803 2122 3866 in

571 3924 1072 4018 qenerationem
1107 3945 1141 3980 ιι
1175 3921 1613 4009 praesentem,
1661 3938 1697 3974 α
1748 3920 1812 3977 et
1844 3933 2128 4001 qenero-

576 4037 823 4103 tionem
877 4055 910 4096 1·
969 4028 1330 4095 durantem
1357 4047 1391 4088 ⁸
1433 4018 1734 4111 usquein
1763 4019 2124 4108 sempiter-

572 4163 736 4210 num
768 4162 790 4208 .·
825 4165 858 4204 ι
891 4135 1075 4229 quod
1104 4141 1203 4201 est
1242 4128 1595 4223 generatio
1625 4125 1875 4193 sutura.
1916 4124 1938 4190 Ι
1976 4124 2126 4191 Ma-

573 4248 767 4316 cbab.
839 4268 910 4321 ιι.
977 4245 1063 4311 59
1139 4263 1158 4309 ε
1222 4239 1529 4313 Pliinees,
1592 4242 1796 4324 pater
1868 4241 2115 4305 noster,

572 4353 855 4424 zelando
891 4348 1118 4420 zelum
1148 4347 1282 4417 Dei
1291 4397 1314 4426 ,-
1349 4349 1609 4434 accepit
1638 4350 2117 4407 {estaneentmn

564 4459 926 4533 sacerdotii
959 4457 1220 4526 eterni.
1259 4453 1417 4521 Jam
1458 4472 1597 4517 non
1628 4456 1731 4516 est
1781 4444 2112 4515 Phineos!

570 4570 953 4643 Bernardus
995 4589 1011 4635 ε
1059 4590 1093 4631 ⁸
1148 4562 1282 4633 Ubi
1342 4568 1445 4631 est
1494 4558 1613 4651 qui
1671 4578 1743 4624 se
1796 4553 2114 4624 exhibeat

569 4712 603 4750 ⁸
646 4682 973 4752 Phineem
1003 4670 1525 4755 fornicantibus,
1555 4669 1898 4737 Joannem
1932 4669 2116 4757 regi-

569 4817 602 4859 ⁸
647 4790 797 4870 bus,
828 4785 1046 4855 Eliam
1075 4778 1613 4850 sacerdotibus.»
1646 4774 1730 4843 Et
1758 4782 1937 4865 post,
1958 4776 2114 4843 sub-

562 4900 661 4968 dit
692 4918 708 4964 :
756 4920 790 4961 ⁸
820 4893 1039 4975 Quem
1068 4887 1264 4958 dabis
1299 4884 1473 4955 mihi
1502 4884 1588 4952 de
1619 4904 1908 4950 numero
1938 4880 2115 4948 l‘roe·

566 5034 600 5075 ⁸
643 5005 958 5078 latorum,
992 4997 1110 5090 qui
1141 5017 1282 5064 non
1311 4992 1535 5084 magis
1585 4988 1891 5080 invigilet
1927 5011 2112 5055 mar-

565 5142 599 5183 ⁸
667 5112 880 5205 supiis
909 5102 1350 5187 evacuandis,
1412 5121 1620 5192 quam
1649 5097 1836 5165 vitiis
1874 5097 2110 5165 exstir-

565 5251 600 5288 ⁸
656 5218 944 5314 pandis?
992 5215 1141 5283 Tali
1198 5208 1653 5280 sacerdotium
1705 5214 2107 5297 perpetuum

577 5358 611 5396 ⁸
642 5328 935 5398 daretur.
975 5321 1184 5392 Eccli.
1244 5342 1406 5398 xw,
1466 5317 1551 5388 30
1587 5337 1603 5383 :
1664 5314 1933 5381 Statuit
1995 5313 2111 5381 illi

567 5466 601 5507 ⁸
637 5441 1108 5506 testamentum
1139 5429 1362 5522 pacis,
1393 5425 1785 5521 principem
1832 5429 2110 5489 sancto·

564 5573 598 5614 ⁸
649 5564 806 5614 rum
843 5549 907 5610 et
939 5537 1164 5631 qentis
1197 5557 1368 5618 suae,
1402 5544 1479 5603 ul
1505 5533 1600 5601 sit
1628 5528 1748 5598 illi
1773 5536 1838 5595 et
1861 5527 2110 5595 semini

560 5680 596 5721 ⁸
636 5651 792 5743 ejus
838 5644 1206 5717 sacerdotii
1259 5641 1570 5732 diqnitas
1620 5640 1693 5707 in
1746 5644 2101 5705 aetemum.

2233 316 2444 386 ORD.
2498 308 2796 377 PRAED.

2241 491 2274 528 α
2309 457 2558 529 Adhuc
2582 454 2781 522 durat
2807 450 3261 520 sacerdotium
3293 443 3592 526 Martini,
3630 441 3789 508 Ger-

2240 595 2272 634 a
2307 565 2522 639 mani,
2566 560 2856 637 Nicolai,
2892 554 3286 646 Augustini.
3326 578 3359 617 r»

2339 934 2368 969 α
2411 908 2504 970 Et
2562 902 3008 967 irritaverunt
3067 918 3221 962 eum
3279 894 3377 959 ad
3429 914 3673 982 aquaS.
3749 914 3779 952 ι)
3905 917 4031 983 32

2228 1016 2434 1081 Tacta
2466 1009 2701 1099 populi
2732 1005 3130 1074 infidelitate
3158 1001 3669 1091 comparatione
3701 996 3785 1063 ad

2230 1121 2538 1188 divinam
2579 1114 2942 1202 justitiam,
2992 1110 3104 1177 hic
3159 1109 3463 1198 tangitur
3513 1125 3786 1193 compa-

2232 1228 2498 1295 ratione
2558 1221 2643 1288 ad
2694 1217 3257 1293 misericordiam,
3320 1235 3475 1304 quae
3522 1211 3650 1278 fuit
3717 1212 3783 1275 in

2231 1332 2470 1425 populi
2504 1329 2686 1395 illius
2743 1327 3236 1394 sustentatione
3293 1343 3309 1389 ε
3370 1330 3438 1388 et
3468 1319 3784 1386 dicuntur

2231 1444 2393 1510 duo.
2443 1438 2705 1514 l‘rim0,
2748 1435 3054 1526 tangitur
3082 1432 3357 1499 illorum
3390 1426 3612 1516 culpa.
3652 1424 3784 1492 Se-

2231 1547 2483 1620 cunde,
2530 1544 2804 1611 vexatio
2852 1540 3073 1630 Moysi
3106 1560 3230 1629 pro
3274 1536 3415 1618 illa,
3448 1533 3569 1612 ibi,
3626 1562 3654 1595 ⁸
3690 1534 3784 1598 Et

2230 1662 2520 1721 vexatus
2558 1659 2655 1717 est
2691 1652 2983 1738 Moyse&
3020 1671 3054 1710 ι

2321 1760 2501 1830 Dicit
2540 1779 2704 1847 ergo
2750 1780 2764 1823 :
2808 1755 2922 1823 Sic
2959 1759 3412 1844 peccaverunt
3454 1747 3782 1817 increduli

2231 1870 2313 1937 de
2343 1868 2577 1934 divina
2599 1865 2891 1954 justitia,
2932 1890 2962 1925 «
3008 1871 3072 1929 et
3103 1862 3306 1929 etiam
3337 1859 3784 1925 irritaverunt

2229 2002 2411 2053 eum,
2451 2001 2484 2040 ι
2530 1974 2749 2039 Deum
2781 1971 3060 2050 scilicet,
3089 1993 3121 2033 ⁸
3156 1967 3253 2033 ad
3278 1988 3499 2057 aquas
3523 1972 3787 2031 contra-

2229 2083 2578 2159 dictioniS,
2615 2108 2647 2142 ι»
2700 2079 2770 2147 id
2817 2087 2940 2156 est,
2985 2077 3070 2145 ad
3110 2097 3279 2167 quas
3316 2074 3613 2165 populus
3642 2073 3785 2159 jur-

2226 2194 2456 2283 gando
2517 2191 2737 2282 Moysi
2812 2186 3247 2257 contradixit.
3321 2184 3602 2250 Numer.
3665 2203 3780 2262 xx,

2235 2305 2312 2369 113
2359 2324 2372 2367 ε
2440 2301 2601 2367 llaec
2656 2306 2753 2364 est
2806 2318 2991 2386 aqua
3034 2291 3619 2366 contradictionis,
3666 2286 3783 2353 ubi

2215 2406 2509 2499 J'urqati
2523 2414 2688 2471 sun!
2706 2403 2848 2491 filii
2868 2400 3089 2469 lsrael
3106 2408 3343 2467 contra
3374 2398 3778 2471 Dominum,

2228 2528 2290 2582 et
2317 2513 2793 2599 sanclificatus
2828 2518 2926 2577 est
2955 2510 3023 2574 in
3060 2509 3169 2574 eis.
3222 2506 3357 2572 Ista
3405 2505 3488 2571 de
3529 2525 3663 2593 qua
3712 2503 3782 2568 in

2231 2622 2413 2691 Psal.
2454 2641 2659 2697 cxxx,
2693 2619 2735 2684 8
2787 2639 2803 2684 ε
2848 2614 3149 2683 Probaci
3197 2624 3260 2679 le
3315 2609 3512 2702 apud
3564 2631 3782 2698 aquas

2223 2726 2810 2798 contradictionis.
2846 2722 3126 2790 Numer.
3160 2742 3275 2797 xx,
3312 2721 3351 2785 2
3384 2726 3450 2785 et
3479 2718 3519 2783 3
3555 2739 3570 2783 ε
3610 2717 3781 2785 Con-

2225 2844 2555 2906 rem-runt
2585 2833 2944 2900 adeersum
2976 2831 3254 2918 Moysen
3287 2836 3349 2893 et
3389 2830 3620 2894 Aaron
3663 2846 3685 2889 .·
3716 2831 3779 2888 et

2228 2946 2404 3013 versi
2432 2944 2502 3009 in
2532 2940 2958 3014 seditionem,
2992 2938 3341 3014 daesszerunt,
3383 2941 3512 3000 etc.
3565 2932 3778 3020 Aquae
3809 2937 3964 2991 Αιιυε
4012 2947 4129 2982 eon·

3807 2992 3913 3033 trad
3919 2990 4103 3035 seaom·
4112 3024 4126 3044 ,

2227 3042 2788 3119 contradictionis
2832 3044 3114 3113 scientia
3164 3040 3422 3131 legum,
3464 3046 3533 3105 et
3567 3037 3780 3104 varie·
3825 3046 4111 3089 ocia-⁸⁸⁸¹·-

2229 3169 2330 3227 tas
2367 3151 2848 3224 Decretalium.
2887 3148 3216 3219 Proverb.
3251 3169 3416 3224 xvn,
3464 3146 3546 3213 14
3581 3167 3598 3212 :
3643 3142 3782 3227 Qui

2227 3265 2526 3334 dimitti!
2581 3282 2864 3352 aquam,
2934 3267 3142 3349 capu!
3197 3264 3294 3323 est
3341 3255 3778 3344 jurqiorum.

2231 3376 2383 3443 lstae
2419 3378 2698 3463 propter
2725 3366 3300 3458 transgressiones
3332 3364 3568 3453 positae
3599 3366 3783 3426 sunt.

2231 3484 2334 3550 Aa
2379 3479 2605 3546 (ialal.
2650 3499 2749 3557 ιιι,
2790 3477 2867 3542 18
2911 3497 2925 3541 :
2963 3475 3142 3543 Nam
3172 3473 3235 3537 si
3270 3494 3356 3538 est
3394 3470 3543 3561 leqe
3571 3469 3789 3535 ltaerc-

2228 3592 2442 3671 ditas,
2485 3588 2650 3676 quia
2689 3581 2937 3651 Christi
2988 3581 3481 3673 patrimonium
3522 3587 3585 3646 et
3644 3577 3789 3644 lia*-

2231 3696 2484 3765 reditas
2514 3701 2764 3759 aeterna
2798 3687 3086 3779 Legistis
3136 3708 3274 3754 non
3325 3684 3574 3753 debent
3611 3685 3782 3753 dari.

2232 3805 2394 3872 ideo
2433 3800 2706 3871 dicitur,
2742 3797 2987 3866 Genes.
3020 3817 3186 3872 xxv,
3229 3798 3297 3874 tt,
3341 3793 3527 3884 quod
3573 3792 3789 3861 Abra·

2229 3912 2389 3981 ham
2433 3908 2592 3976 filiis
2621 3903 3154 3974 concubinarum
3196 3900 3479 3991 largitus
3510 3910 3611 3968 est
3642 3925 3791 3968 mu·

2229 4043 2421 4095 nera,
2470 4017 2657 4084 isaac
2705 4023 2933 4082 autem
2975 4009 3443 4080 haereditatem
3484 4008 3783 4101 reliquit.

2227 4131 2481 4197 Genea.
2547 4146 2685 4199 xxi,
2752 4122 2831 4188 ¹0
2876 4141 2892 4187 ε
2937 4119 3140 4209 Ejice
3184 4117 3523 4185 ancillam
3577 4118 3780 4197 lianc,

2226 4246 2291 4301 e!
2317 4233 2556 4324 filium
2588 4228 2767 4318 ejus.
2816 4224 2912 4293 lbi
2947 4226 3247 4293 irritatur
3292 4223 3505 4302 Deus,
3541 4223 3672 4291 lsa.
3706 4249 3778 4304 v,

2225 4345 2264 4410 ’7
2330 4364 2346 4408 2
2412 4335 2828 4428 Exspectavi
2867 4343 2943 4401 ut
2987 4335 3243 4422 laceret
3278 4331 3666 4420 judicium,
3716 4343 3781 4400 et

2222 4472 2367 4519 ecce
2391 4444 2732 4536 iniquitas
2761 4464 2785 4511 .·
2813 4450 2878 4509 et
2908 4439 3297 4529 justitiam,
3347 4447 3412 4505 et
3449 4460 3593 4506 eece
3635 4436 3778 4507 cla·

2223 4579 2397 4625 mor.

2315 4802 2348 4834 u
2382 4772 2476 4838 ΕΙ
2507 4775 2796 4834 ιιι-,ναίω
2832 4773 2928 4830 est
2966 4763 3256 4850 Moyses.
3292 4787 3329 4825 ιι
3372 4760 3499 4829 llic
3528 4782 3773 4829 secun-

2215 4879 2411 4951 dum.
2457 4872 2715 4940 scilicet
2755 4868 2971 4960 Moysi
3031 4867 3331 4936 turbatio
3379 4875 3448 4935 et
3499 4869 3772 4935 vexatio

2217 5011 2344 5078 pro
2402 4982 2606 5071 culpa
2658 4978 2933 5047 illorum
2995 4998 3012 5044 ε
3074 4977 3144 5043 in
3202 4997 3339 5065 quo
3396 4983 3775 5064 tanguntur

2219 5094 2373 5160 tria.
2423 5087 2688 5167 Prim0,
2731 5083 2949 5175 Moysi
3007 5081 3392 5150 inordinata
3439 5088 3506 5148 et
3545 5080 3772 5171 culpa·

2215 5199 2373 5268 bilis
2406 5192 2732 5264 turbatio.
2777 5187 3302 5264 Secundo,ratio
3331 5185 3767 5271 turbationis,

2216 5306 2498 5374 illorum
2546 5300 2747 5391 culpa
2777 5297 3055 5373 scilicet,
3091 5294 3208 5371 ibi,
3238 5301 3303 5371 ὴ.
3339 5294 3426 5362 33
3460 5319 3477 5362 z
3515 5321 3549 5359 ⁸
3588 5298 3771 5382 Quia

2213 5409 2822 5486 exacerbaverunt.
2900 5432 2934 5467 ιι
3025 5401 3278 5487 Tertio,
3347 5402 3597 5471 modus
3658 5405 3768 5473 vel

2214 5520 2500 5591 effectus
2538 5509 2973 5589 turbationis,
3033 5506 3155 5586 ibi,
3197 5535 3231 5569 «
3292 5509 3389 5576 Et
3444 5508 3772 5577 distinxit

2216 5632 2288 5700 in
2330 5624 2568 5697 tabiis.
2607 5648 2641 5688 ι

3906 3110 4033 3152 anm.
