5008 6329
632 348 760 415 330
1646 355 1727 422 D.
1781 357 1982 427 ALB.
2034 358 2245 429 MAG.
2306 363 2513 434 ORD.
2567 366 2865 434 PRAED.

629 517 956 585 l'roverb.
993 542 1108 596 xu,
1158 522 1185 585 1
1230 541 1242 585 :
1293 521 1424 604 Qui
1456 522 1690 612 diliqit
1737 525 2178 616 disciplinam
2289 530 2495 609 Quasi
2545 533 2845 601 diceret:
2883 533 2997 601 Sic
3050 557 3090 601 a
3138 535 3425 602 veritate
3462 535 3837 624 procedunt

645 628 712 692 in
743 648 879 715 qua
908 627 1346 694 continentur
1405 629 1521 697 Dei
1565 631 1904 710 mandata,
1942 635 2181 723 diliqil
2284 639 2492 707 verba
2532 652 2672 723 tua,
2751 649 2817 708 et
2869 665 2902 706 α
2931 643 3165 708 omnia
3197 642 3484 730 judicia
3530 641 3832 731 justitiae

626 734 1006 813 scientiam,
1041 742 1107 800 et
1135 757 1253 823 per
1291 760 1707 827 consequens
1737 741 1972 806 vitam.
2002 740 2180 806 Pro-

349 3262 528 3331 mo

627 838 817 906 verb.
856 863 947 918 ιιι,
997 844 1022 908 1
1058 864 1072 910 :
1106 847 1454 936 Praecepta
1501 869 1648 912 mea
1677 869 1790 913 cor
1823 857 2022 913 tuum
2055 871 2179 914 cu-

624 946 903 1015 stodiat.
952 947 1196 1040 Supra,
1233 954 1300 1018 in
1333 951 1569 1018 eodem
1624 952 1896 1021 Psalmo
1937 977 2169 1036 cxvm,

631 1054 755 1120 127
784 1076 799 1124 :
849 1057 1089 1125 Dileoei
1124 1058 1457 1124 mandata
1486 1068 1608 1126 tua
1644 1083 1848 1151 super
1889 1087 2167 1142 aurum,

624 1171 689 1228 et
727 1165 1067 1253 topazion.

719 1399 752 1438 α
785 1374 868 1442 In
905 1375 1375 1446 misericordia
1405 1389 1549 1447 tua.
1589 1407 1621 1442 ω
1666 1381 1835 1448 Ecce
1886 1383 2171 1451 conclu-

627 1480 727 1547 dit
760 1477 871 1549 hic
900 1483 1196 1552 secundo
1227 1507 1311 1552 ex
1339 1485 1655 1553 omnibus
1683 1489 2073 1575 praemissis.

716 1587 927 1666 Quasi
956 1589 1250 1659 diceret:
1297 1591 1411 1659 Sic
1439 1616 1647 1660 verax
1704 1617 1799 1675 eS,
1853 1604 1918 1663 et
1955 1598 2170 1665 mise-

624 1694 931 1763 ricordiae
964 1695 1222 1780 multae,
1262 1706 1329 1765 et
1367 1720 1493 1789 ego
1525 1709 1866 1781 constanS,
1902 1710 1968 1769 et
1995 1701 2169 1770 zela-

622 1811 770 1869 tor:
828 1824 990 1894 ergo
1040 1828 1073 1867 α
1116 1805 1187 1870 in
1233 1807 1696 1874 misericordia
1726 1819 1871 1892 tua,
1919 1837 1953 1872 »
2005 1811 2165 1902 quia

624 1930 751 1977 nee
779 1929 931 1976 mea
972 1910 1205 1978 merita
1253 1921 1490 2002 reputo
1531 1914 1861 1995 sufficere,
1912 1941 1945 1982 ι
1981 1919 2163 1985 vivi-

616 2019 756 2108 fica
787 2039 914 2086 me.
944 2045 979 2081 n
1012 2018 1119 2086 Ad
1147 2018 1436 2088 Roman.
1472 2045 1616 2100 vm,
1655 2025 1735 2091 18
1768 2047 1782 2090 :
1817 2025 1973 2093 Non
2001 2037 2163 2094 sunt

620 2119 986 2214 condi-qnae‘
1021 2129 1372 2219 passiones
1425 2130 1642 2220 liujus
1688 2135 2012 2223 temporis
2065 2136 2165 2204 ad

615 2234 942 2324 suturam
988 2235 1313 2326 ylariam,
1348 2247 1475 2306 etc.
1514 2236 1648 2306 Sed
1695 2241 2157 2312 misericordia

620 2340 742 2409 Dei
785 2340 970 2408 dabit
997 2343 1232 2421 vitam,
1277 2345 1526 2436 quippe
1566 2348 1724 2437 quia
1754 2356 1820 2416 et
1865 2349 2012 2439 ipsa
2040 2350 2156 2419 dat

619 2449 833 2515 vitam
899 2452 1158 2540 gratiae.
1238 2452 1340 2519 Ad
1409 2453 1655 2545 Ephes.
1729 2480 1798 2538 n,
1843 2458 1884 2524 4
1960 2466 2024 2526 et
2074 2463 2152 2527 5:

617 2557 830 2636 Deus,
892 2557 1015 2647 qui
1060 2557 1244 2627 dives
1318 2569 1413 2628 est
1494 2563 1563 2627 in
1655 2565 2155 2650 misericordia,

610 2671 897 2754 propter
948 2666 1238 2733 nimiam
1293 2668 1693 2736 charitatem
1747 2692 1946 2738 suam
2017 2696 2156 2763 qua

618 2772 868 2841 dilexit
949 2798 1183 2852 nos....
1285 2778 1781 2868 convivificavit
1877 2805 2000 2848 nos
2084 2784 2155 2850 in

622 2882 916 2953 Christo.

714 3240 747 3281 e
782 3215 1212 3307 Principium
1252 3214 1631 3283 verborum.
1671 3243 1702 3276 ι»
1747 3214 1873 3282 llic
1912 3238 2159 3284 seeun-

620 3329 785 3397 dum
834 3327 1042 3395 totius
1089 3327 1442 3407 octonarii,
1485 3330 1552 3394 in
1603 3350 1738 3417 quo
1796 3326 2158 3419 subjungi-

619 3447 731 3506 tur
757 3433 1166 3504 confidentia
1211 3443 1573 3526 postquam
1622 3438 1962 3526 praecessit
1998 3461 2158 3505 ora-

616 3549 739 3625 tio,
800 3553 867 3615 et
931 3546 1164 3637 petitio
1219 3546 1381 3613 satis
1413 3544 1714 3638 [devota2
1780 3556 1847 3614 et
1885 3555 2161 3616 notatur

614 3652 1025 3725 confidentia
1081 3676 1164 3722 ex
1227 3652 1518 3723 duobus,
1554 3653 1654 3721 Ex
1704 3654 1967 3746 origine
1997 3678 2160 3725 ver-

614 3767 862 3836 borum
916 3763 1218 3847 Domini,
1269 3771 1338 3832 et
1384 3761 1515 3831 hoc
1555 3763 1819 3855 primo:
1867 3773 1934 3833 et
1964 3764 2160 3855 judi-

613 3874 880 3943 ciorum
917 3869 1307 3949 stabilitate,
1350 3870 1470 3950 ibi,
1520 3896 1553 3937 ι
1596 3871 1678 3938 In
1715 3880 2070 3940 oetemum.
2122 3902 2154 3937 υ

708 3979 825 4047 Ait
852 4000 1014 4070 ergo
1048 3995 1067 4048 t
1103 3975 1219 4047 Sic
1254 3986 1414 4069 peto
1464 4000 1504 4046 a
1532 3976 1729 4046 malis
1759 3981 2058 4061 aeternis,
2090 3989 2160 4048 et

620 4084 1066 4181 praesentibus
1102 4085 1393 4154 miseriis
1455 4082 1754 4169 liberari,
1802 4085 2159 4176 postulans

621 4191 793 4265 mihi
820 4193 1024 4263 etiam
1065 4192 1277 4262 vitam
1323 4190 1493 4271 dari,
1535 4200 1603 4261 et
1637 4192 1734 4260 sic
1770 4192 1895 4260 erit
1930 4217 1946 4262 ε
1998 4193 2160 4285 quia

624 4330 657 4371 e
719 4302 969 4370 veritas
1030 4325 1065 4367 a
1119 4308 1220 4370 est
1273 4330 1307 4364 α
1331 4300 1754 4393 principium
1803 4299 2159 4370 verborum

618 4420 925 4486 tuorum,
948 4435 984 4473 a
1017 4407 1084 4476 id
1121 4416 1247 4493 est,
1278 4407 1483 4475 verba
1507 4416 1624 4475 tua
1651 4417 1875 4477 ortum
1907 4408 2162 4477 habent

619 4540 704 4586 ex
760 4517 1073 4597 veritate,
1127 4523 1196 4584 et
1245 4515 1621 4607 procedunt
1661 4536 1745 4582 ex
1801 4514 1943 4599 illa,
1980 4517 2162 4586 unde

621 4647 763 4696 non
781 4631 1067 4717 possunt
1100 4645 1248 4693 esse
1276 4622 1406 4692 nisi
1435 4644 1619 4691 vera.
1645 4620 1929 4691 Numer.
1965 4645 2160 4706 xxm,

628 4733 708 4801 19
744 4756 760 4803 ε
802 4731 954 4801 Non
983 4740 1081 4800 est
1130 4733 1313 4800 Deus
1349 4731 1554 4823 quasi
1596 4729 1801 4798 homo
1855 4738 1934 4797 ut
1976 4753 2168 4799 men·

623 4839 867 4920 tialur,
900 4834 1019 4906 sed
1082 4858 1163 4905 ex
1202 4837 1507 4905 veritatis
1542 4834 1729 4905 fonte
1786 4836 2168 4927 procedunt

621 4945 857 5014 omnia
883 4941 1092 5012 verba
1119 4965 1267 5012 sua.
1312 4941 1517 5012 Eccli.
1576 4964 1719 5023 xvi,
1750 4944 1880 5012 25:
1932 4942 2016 5011 In
2053 4966 2170 5011 ee-

621 5053 830 5120 ritate
923 5050 1200 5118 muntia
1252 5050 1605 5118 scientiam
1645 5068 1669 5116 .·
1728 5050 1797 5116 in
1852 5049 2165 5130 veritate,

624 5160 935 5250 inquam,
967 5155 1342 5226 fundatam.
1382 5155 1588 5225 Joan.
1627 5177 1797 5239 xvn,
1839 5158 1915 5223 17
1954 5180 1971 5226 ε
2013 5159 2171 5226 Ser·

624 5288 740 5338 mo
770 5275 931 5333 tuus
976 5266 1228 5335 veritas
1266 5274 1385 5334 est.
1436 5263 1541 5333 Ad
1587 5263 1879 5333 Roman.
1946 5288 2045 5344 nt,
2078 5265 2163 5331 ⁴:

623 5378 756 5447 Est
801 5383 1030 5443 autem
1087 5377 1273 5443 Deus
1344 5395 1580 5455 vera-t,
1647 5373 1870 5440 omnis
1936 5381 2167 5441 autem

624 5482 830 5553 homo
858 5478 1179 5549 mmdax.

718 5732 753 5767 n
823 5702 907 5771 In
969 5709 1331 5769 oeternum.
1406 5724 1438 5765 »
1516 5697 1686 5768 Ecce
1760 5696 2166 5766 secundum.

2284 754 2441 826 luae,
2479 771 2513 812 ¹·
2551 747 2795 837 quibus
2843 747 3104 835 judicas
3154 749 3288 816 tuis
3354 758 3606 817 aeterna
3653 748 3833 817 bona

2279 850 2663 938 tribuenda,
2741 862 2807 921 et
2861 853 3062 921 malis
3143 862 3397 922 aeterna
3471 857 3825 945 supplicia.

2283 981 2317 1018 α
2362 957 2430 1021 in
2484 967 2838 1038 menium,
2887 986 2918 1020 »
2990 958 3256 1049 supple,
3336 969 3496 1026 sunt
3534 958 3823 1027 stabilia.

2280 1060 2458 1127 Psal.
2502 1085 2712 1144 xxXV,
2747 1066 2785 1130 Ἰ
2815 1064 3137 1133 :Iudicia
3167 1075 3291 1133 tua
3324 1064 3611 1155 abyssus
3638 1068 3830 1133 mul-

2277 1178 2371 1236 ta.
2407 1170 2713 1261 Abyssus
2763 1175 2908 1240 sine
2948 1171 3110 1240 base
3142 1181 3244 1240 est
3273 1182 3341 1241 et
3378 1173 3616 1256 fund0,
3651 1177 3831 1242 etsie

2276 1277 2421 1343 sine
2444 1277 2602 1359 fine,
2637 1280 2810 1347 sicut
2846 1272 3203 1347 aeternur‘n.
3252 1280 3361 1347 Ad
3392 1278 3687 1348 Roman.
3731 1303 3826 1358 xt,

2276 1383 2388 1451 33.
2428 1385 2654 1466 Quam
2685 1385 3402 1478 incomprehensibilia
3429 1397 3595 1455 sunt
3629 1387 3832 1476 judi·

2273 1493 2380 1558 cia
2409 1493 2589 1581 ejus,
2615 1506 2680 1563 et
2716 1494 3224 1586 investiqabiles
3253 1497 3379 1563 viae
3409 1497 3655 1564 illius!
3673 1499 3831 1588 quia

2272 1602 2355 1669 ad
2415 1602 2619 1670 finem
2652 1605 3068 1692 judiciorum
3126 1613 3194 1674 et
3245 1627 3531 1695 operum
3590 1606 3828 1696 attingi

2271 1732 2410 1777 non
2447 1719 2696 1800 potest.

2357 1918 2534 1988 Vide
2634 1943 2796 2011 ergo
2912 1921 3263 2012 quomodo
3359 1922 3818 1992 humilitatem

2266 2049 2487 2104 suam,
2525 2050 2731 2118 quam
2790 2028 2861 2095 in
2899 2030 3237 2122 principio
3287 2030 3706 2122 allegaverat
3749 2039 3829 2098 ut

2266 2154 2306 2198 a
2345 2131 2971 2222 maliseriperetur,
3016 2136 3477 2204 constantiam
3530 2136 3820 2204 rationis

2266 2262 2400 2330 qua
2464 2263 2606 2308 non
2670 2240 3052 2311 declinabat
3091 2267 3132 2312 a
3196 2244 3608 2313 testimoniis
3667 2246 3812 2312 Do-

2265 2350 2458 2425 mini,
2501 2358 2567 2417 et
2596 2373 2716 2440 per
2766 2351 2896 2419 hoc
2935 2354 3159 2442 ipsum
3214 2350 3562 2421 Christum
3610 2361 3812 2444 eaput

2263 2475 2463 2522 suum
2514 2465 2897 2539 conservat,
2967 2457 3383 2527 concludens
3456 2466 3680 2526 totum
3745 2459 3813 2524 in

2264 2559 2390 2627 Dei
2445 2563 2757 2641 veritate,
2818 2572 2883 2631 et
2945 2566 3367 2634 aeternitate:
3421 2565 3601 2633 unde
3640 2564 3815 2633 bene

2262 2671 2686 2759 pra-ponitur
2716 2670 2825 2738 hic
2855 2670 3077 2739 littera
3117 2671 3451 2740 Hebraica
3488 2696 3607 2740 nas
3636 2673 3812 2771 (Ἴ),

2265 2784 2449 2874 quod
2480 2786 2963 2876 interpretatur
3018 2798 3230 2879 caput
3267 2786 3376 2855 vel
3416 2789 3811 2879 primatus:

2263 2902 2329 2960 et
2369 2892 2824 2984 supplendum
2865 2903 2990 2973 est,
3026 2905 3410 2966 conservat.
3446 2895 3656 2976 Quasi
3707 2898 3816 2965 di-

2263 3012 2412 3072 cat:
2457 3002 2535 3071 ln
2592 3003 2726 3073 hoc
2771 3008 3126 3075 octonario
3173 3029 3410 3074 veram
3450 3003 3809 3074 humilita-

2264 3119 2424 3193 tem,
2469 3133 2620 3204 quae
2655 3122 2859 3204 caput
2896 3121 2997 3182 est
3025 3115 3388 3192 virtutum,
3422 3119 3488 3182 et.
3535 3115 3816 3182 rationis

2263 3220 2750 3312 integritatem,
2803 3245 2956 3315 quae
3013 3230 3217 3314 caput
3263 3232 3366 3291 est
3423 3222 3694 3300 animae,
3747 3233 3814 3290 et

2265 3331 2487 3419 ipsum
2557 3328 2903 3398 Christum
2945 3353 3066 3422 per
3093 3329 3225 3399 hoc
3255 3331 3481 3421 ipsum
3545 3353 3816 3399 conser-

2262 3448 2402 3515 vat,
2438 3447 2658 3507 totum
2694 3439 2989 3507 referens
3019 3437 3103 3507 ad
3156 3439 3279 3508 Dei
3321 3441 3707 3518 veritatem,
3749 3448 3811 3508 et

2261 3547 2735 3628 miei-nitatem,
2770 3555 3123 3638 tamquam
3153 3569 3432 3638 serpens
3461 3548 3815 3638 sapientis·

2261 3655 2499 3723 simus.
2571 3654 2811 3723 Matth.
2875 3657 3109 3735 x,16:
3171 3659 3409 3724 Estote
3446 3655 3816 3746 prudentes

2260 3765 2441 3832 sieut
2464 3775 2826 3856 serpentes.

2885 4292 3018 4366 Sm
3051 4295 3210 4393 (27)

2286 4733 2438 4804 161.
2485 4730 2862 4824 Principes
2902 4727 3258 4823 persecuti
3304 4748 3473 4801 sunt
3509 4751 3627 4801 me
3666 4751 3819 4823 gra·

2544 4837 2665 4923 tis,
2707 4854 2776 4908 et
2824 4860 2864 4907 a
2925 4834 3167 4907 verbis
3212 4835 3361 4907 tuis
3408 4835 3826 4908 formidavit

2543 4965 2671 5016 cor
2698 4964 2975 5015 meum.

2286 5053 2448 5124 162.
2503 5050 2839 5122 Loetabor
2884 5071 3018 5142 ego
3059 5071 3280 5142 super
3342 5049 3630 5142 eloquia
3676 5067 3826 5128 tua,

2543 5158 2729 5230 sicut
2759 5156 2885 5249 qui
2919 5155 3201 5228 invenit
3228 5157 3462 5250 spolia
3484 5158 3735 5228 multa.

2288 5266 2443 5339 163.
2498 5264 2971 5358 Iniquitatem
3020 5262 3196 5335 odio
3247 5262 3498 5345 habui,
3547 5280 3617 5334 et
3663 5264 3827 5335 abo·

2554 5374 2876 5446 minatus
2898 5397 3092 5460 sum,
3117 5374 3349 5466 legem
3369 5393 3614 5446 autem
3637 5392 3835 5446 tuam

2562 5482 2808 5554 dilexi.

2299 5593 2458 5679 164.
2515 5588 2800 5683 Septies
2849 5589 2920 5660 in
2983 5589 3099 5659 die
3151 5589 3440 5662 laudem
3499 5590 3648 5662 dixi
3682 5590 3840 5673 tibi,

2561 5716 2782 5789 super
2809 5696 3078 5787 judicia
3119 5694 3416 5785 iustitiae
3459 5718 3628 5769 tuae.
