5008 6329
742 367 870 438 3¹12

737 568 858 636 per
895 542 1126 612 omnia
1156 542 1243 609 sit
1284 543 1633 632 regnantis
1664 545 2060 612 auctoritas.
2119 545 2290 613 Pro-

735 652 927 720 verb.
961 673 1150 728 xxm,
1186 650 1267 716 14
1299 675 1315 719 3
1351 652 1665 745 Rex‘qui
1701 653 1992 743 judicat
2021 655 2095 720 in
2126 655 2294 722 veri-

739 768 880 826 tate
900 781 1264 850 pauperes,
1322 759 1608 828 thronus
1663 759 1823 849 ejus
1861 762 1935 828 in
1962 772 2290 828 aeternum

735 857 1156 958 firmabitur.

825 1211 860 1253 a
906 1189 1169 1257 Vanum
1199 1192 1298 1253 est
1334 1183 1550 1252 vobiS.
1589 1209 1623 1250 ι
1670 1184 1802 1253 Hic
1847 1194 1950 1254 est
1990 1188 2288 1257 secunda

436 1313 701 1413 secund&
732 1320 891 1389 pars
927 1295 1209 1380 Psalmi,
1241 1297 1310 1363 in
1342 1319 1478 1387 qua
1516 1287 1819 1366 ostendit
1847 1320 1887 1366 a
1932 1298 2079 1367 Deo
2111 1322 2287 1390 prae-

386 1367 610 1428 par-Pu

730 1407 948 1474 mium
978 1404 1515 1496 exspectandum
1586 1405 1658 1472 in
1713 1406 1969 1484 futuro,
2034 1409 2282 1475 nonin

726 1513 1046 1606 praesenti
1090 1535 1106 1579 :
1165 1511 1347 1579 unde
1404 1511 1725 1580 dicuntur
1791 1514 1952 1581 duo.
2017 1513 2277 1595 Primo,

726 1620 1234 1690 infructuositas
1262 1618 1377 1687 hic
1406 1620 1861 1709 quaerentium
1891 1621 2274 1710 praemium.

728 1725 1070 1812 Secundo,
1097 1724 1397 1817 quande,
1434 1733 1501 1792 et
1539 1747 1676 1816 quo
1710 1725 1950 1795 ordine
1981 1727 2069 1794 sit
2099 1749 2282 1818 quae-

726 1834 1042 1913 rendum,
1087 1830 1206 1912 ibi,
1246 1858 1282 1895 «
1311 1833 1598 1923 Surqite
1619 1842 2022 1924 postquam.
2059 1861 2092 1896 »

807 1942 991 2012 Dicit
1016 1963 1224 2033 ergo:
1260 1940 1375 2010 Sic
1413 1964 1453 2009 a
1492 1940 1639 2011 Deo
1669 1950 1773 2010 est
1797 1943 2187 2033 praemium,
2213 1949 2278 2011 et

715 2050 1224 2143 perseverantia
1274 2048 1346 2115 in
1403 2047 1589 2117 bono
1647 2048 1937 2118 merito:
1973 2058 2041 2119 et
2069 2051 2274 2118 etiam

719 2185 754 2222 α
789 2156 977 2227 vobis
1010 2184 1043 2220 υ
1076 2156 1193 2247 qui
1222 2155 1585 2241 festinatis,
1620 2181 1656 2223 ι
1698 2167 1797 2226 est
1825 2180 2086 2226 vanum
2123 2181 2274 2226 sur·

707 2288 891 2357 qere,
924 2289 960 2329 u
1003 2262 1088 2332 ad
1144 2261 1463 2354 gloriam,
1508 2271 1577 2332 et
1614 2263 2172 2349 exsultationem,
2204 2272 2270 2334 et

710 2372 864 2454 hoc,
888 2400 925 2438 α
947 2381 1108 2441 ante
1139 2370 1383 2457 lucem,
1411 2395 1446 2438 ι
1488 2378 1861 2464 antequam
1892 2374 2125 2443 veniat
2153 2374 2271 2443 lux

706 2504 897 2562 vera,
939 2502 1091 2574 quae
1129 2477 1440 2548 Christus
1478 2488 1604 2565 est,
1656 2480 1744 2548 ad
1791 2480 2162 2572 judicium,
2202 2491 2268 2552 et

705 2587 1235 2658 illuminandum
1266 2585 1475 2656 corda
1507 2609 1524 2657 3
1563 2585 1875 2656 Christus
1932 2591 2116 2659 enim
2150 2589 2267 2659 lux

570 2767 571 2770 ,
707 2711 830 2769 est.
862 2699 1065 2768 Joan.
1098 2721 1249 2778 vm,
1288 2700 1368 2765 12
1400 2719 1419 2763 3
1452 2700 1609 2789 qu
1634 2721 1795 2768 sum
1819 2698 1950 2768 lux
1988 2700 2260 2771 mundi.

704 2810 814 2894 Et,
857 2835 907 2889 1,
947 2811 989 2878 9
1016 2830 1033 2877 3
1065 2811 1248 2877 E'rat
1278 2807 1409 2876 lua:
1437 2830 1620 2878 vera.
1663 2808 1829 2877 lloec
1858 2808 1979 2878 lux
2035 2820 2267 2904 surget

705 2919 776 2985 in
830 2916 1122 3008 judicio,
1182 2921 1250 2984 et
1313 2913 1735 2984 illuminabit
1791 2918 2052 2986 omnia.
2090 2917 2119 2987 1
2177 2919 2262 2988 ad

705 3023 1013 3095 Corinth.
1048 3045 1143 3102 tv,
1177 3023 1219 3092 5
1252 3047 1269 3091 3
1312 3021 1552 3090 Nolite
1575 3032 1737 3092 ante
1759 3034 2032 3117 tempus
2047 3026 2264 3116 judi-

701 3156 880 3213 care,
926 3130 1378 3226 quoadusque
1431 3130 1663 3200 veniat
1708 3133 2079 3207 Dominus.
2138 3136 2262 3228 qui

701 3250 764 3310 et
793 3236 1232 3309 illuminabit
1274 3235 1683 3307 abscondita
1711 3238 2173 3320 tenebrarum,
2196 3251 2259 3311 et

699 3344 1175 3438 manifestabit
1202 3344 1493 3413 consilia
1517 3344 1858 3415 cordium.
1890 3346 2081 3417 Tunc
2117 3371 2262 3417 sur·

701 3458 1001 3551 gendum
1034 3457 1163 3526 erit
1190 3478 1315 3549 per
1349 3456 1590 3549 gloriae
1624 3458 2034 3550 appetitum,
2075 3484 2258 3531 nunc

700 3574 929 3635 autem
954 3588 1121 3644 non,
1145 3563 1266 3633 sed
1285 3564 1657 3654 jacendum
1695 3564 2073 3636 humiliter.
2096 3567 2250 3649 Job,

696 3699 866 3756 xxu,
900 3678 1029 3745 293
1067 3675 1207 3761 Qui
1239 3674 1663 3744 humiliatus
1703 3678 1951 3767 suerit,
2002 3680 2133 3747 erit
2183 3682 2253 3747 in

693 3782 952 3875 qloria.
1004 3779 1161 3865 Vel,
1221 3808 1257 3845 α
1297 3780 1515 3850 nolite
1583 3804 1870 3876 surqere
1930 3795 2091 3855 ante
2139 3787 2257 3854 lu-

695 3913 863 3971 cem,
897 3916 932 3954 n
967 3887 1038 3958 id
1075 3896 1204 3974 est,
1244 3896 1404 3959 ante
1442 3888 1820 3971 Christum,
1886 3900 1964 3961 ut
2028 3893 2253 3963 velitis

694 4005 852 4068 ante
883 3995 1229 4068 Christum
1259 3995 1571 4078 exaltari,
1614 4006 1685 4068 et
1722 3997 1823 4067 illi
1888 4003 2192 4093 praeponi
2230 4022 2247 4072 :

692 4105 878 4198 quia,
919 4103 1250 4175 Proverb.
1282 4126 1476 4186 xxtx,
1511 4106 1625 4190 23,
1657 4105 1949 4178 dicitur:
1990 4111 2253 4203 Super-

692 4212 854 4281 bum
889 4212 1201 4305 sequitur
1225 4212 1622 4294 humilitas,
1654 4222 1721 4282 et
1745 4214 2086 4284 humilem
2104 4220 2248 4310 spi-

688 4319 833 4388 ritu
856 4319 1181 4413 suscipiet
1202 4318 1465 4410 qloria.

777 4567 815 4606 α
844 4540 1130 4633 Surqite
1183 4546 1559 4634 postquam
1617 4538 1958 4611 sederitis.
2005 4564 2040 4607 ι
2115 4539 2243 4611 llic

683 4648 1085 4732 secundum,
1141 4649 1214 4717 in
1268 4669 1408 4741 quo
1437 4646 1739 4718 ostendit
1785 4670 1926 4741 quo
1974 4648 2237 4730 ordine,

682 4766 750 4827 et
785 4755 1059 4849 quando
1106 4756 1470 4849 praemium
1526 4755 1615 4824 sit
1661 4753 2141 4848 quaerendum,
2173 4763 2240 4825 et

680 4888 721 4934 a
750 4863 1020 4958 quibus.
1056 4862 1322 4944 Primo,
1378 4861 1631 4931 multas
1682 4862 2115 4933 conditiones
2153 4862 2237 4932 ad

680 4971 812 5043 hoc
839 4979 1320 5043 concurrentes
1384 4968 1821 5042 determinat.
1886 4968 2231 5052 Secundo,

678 5081 1019 5153 beatificat
1074 5080 1173 5149 sic
1223 5078 1728 5173 pervenientes,
1809 5078 1933 5166 ibi,
1990 5086 2057 5157 5.
2127 5082 2168 5151 5
2211 5101 2231 5149 3

682 5218 718 5255 α
758 5192 1016 5259 Beatus
1051 5188 1159 5258 vir
1183 5189 1309 5281 qui
1344 5186 1682 5280 implevit.
1728 5211 1765 5254 ι

761 5295 841 5368 In
867 5296 1090 5389 prima
1116 5317 1283 5389 ergo
1312 5295 1539 5389 primo
1579 5295 1884 5366 ostendit
1914 5318 2054 5389 quo
2111 5319 2227 5366 or-

674 5407 831 5477 dine
866 5404 953 5474 ad
988 5406 1354 5498 praemium
1393 5406 1816 5497 pervenitur.
1875 5404 2219 5485 Secundo,

1745 365 1829 434 D.
1881 367 2084 438 ALB.
2136 369 2351 438 MAG.
2406 368 2611 437 ORD.
2663 367 2959 436 PRAED.

2398 543 2692 613 ducatis.
2737 569 2770 604 v»
2803 542 3029 610 Tertio
3060 541 3360 633 quando,
3404 540 3524 623 ibi,
3562 566 3594 606 ι
3637 542 3811 611 Cum
3834 539 3944 607 de-

2398 651 2598 720 derit.
2635 679 2670 715 2>
2713 649 2996 730 Quarto,
3033 648 3255 740 quale,
3300 656 3369 716 et
3416 646 3598 738 quod
3637 651 3724 714 sit
3779 670 3944 738 prae-

2395 759 2637 837 mium,
2709 758 2824 837 ibi,
2882 764 2949 835 ᾗ.
3012 759 3102 825 33
3154 780 3188 824 «
3230 758 3400 823 Ecce
3449 755 3834 825 IzoereditaS.
3900 780 3938 819 a

2396 861 2674 947 Quinto,
2707 888 2829 955 per
2865 887 3038 955 quos
3069 863 3440 933 secundum
3473 885 3682 930 unam
3730 862 3941 931 lectu-

2392 994 2563 1055 ram,
2593 971 2701 1041 vel
2741 972 3028 1063 qualiter
3091 972 3461 1042 secundum
3519 971 3750 1053 aliam,
3810 971 3930 1051 ibi,

2388 1084 2452 1154 ᾗ.
2487 1080 2531 1146 4
2565 1101 2581 1148 3
2629 1105 2663 1145 α
2695 1081 2892 1149 Sicut
2918 1081 3214 1170 saqittae.
3260 1104 3296 1142 n

2475 1188 2655 1257 Dicit
2692 1211 2896 1279 ergo:
2944 1187 3060 1257 Sic
3087 1186 3252 1265 dixi,
3306 1186 3490 1278 quod
3524 1210 3783 1255 vanum
3831 1196 3933 1258 est

2388 1293 2727 1372 festinare,
2761 1292 2881 1362 sed
2927 1321 2961 1358 «
2987 1302 3355 1386 postquam
3409 1292 3746 1374 sederitis,
3782 1317 3816 1358 »
3859 1292 3929 1361 id

2387 1409 2512 1485 est,
2561 1400 2898 1470 humiliati
2971 1401 3255 1485 fueritis,
3305 1401 3516 1469 sessio
3583 1402 3766 1470 enim
3819 1401 3930 1471 hic

2387 1508 2767 1600 appellatur
2804 1507 3212 1588 humiliatio,
3255 1509 3584 1599 «surqite,
3627 1537 3659 1572 »
3700 1508 3769 1576 id
3798 1516 3922 1589 est,

2385 1618 2676 1708 surgetis
2706 1617 2790 1685 ad
2810 1617 3399 1708 participationem
3454 1615 3715 1708 gloriae.
3755 1615 3920 1686 Luc.

2383 1745 2523 1803 xiv,
2563 1725 2638 1791 11
2677 1746 2694 1792 :
2753 1726 2892 1811 Qui
2943 1747 3014 1792 se
3074 1724 3432 1803 humiliat,
3466 1724 3917 1793 eoealtabitur.

2382 1830 2589 1901 Mich.
2620 1854 2740 1912 vn,
2773 1834 2814 1900 8
2847 1853 2864 1901 3
2914 1833 3342 1923 Consurqam
3378 1855 3532 1901 cum
3577 1832 3808 1900 sedero
3850 1834 3923 1901 in

2381 1938 2669 2008 tenebris
2696 1964 2722 2008 .·
2753 1942 3092 2010 Dominus
3132 1940 3257 2010 lua:
3285 1962 3437 2010 mea
3465 1951 3584 2011 est.
3628 1940 3707 2009 In
3732 1941 3914 2011 Psal.

2376 2068 2698 2130 cxxxvm,
2732 2049 2799 2129 2,
2841 2047 3015 2117 iufra
3044 2069 3062 2116 3
3126 2049 3226 2118 Tu
3263 2050 3642 2140 coqnovisti
3674 2051 3922 2119 sessio-

2374 2177 2527 2223 nem
2563 2178 2810 2236 meam,
2837 2155 2905 2225 id
2927 2165 3056 2239 est,
3087 2155 3569 2240 humilitatem,
3595 2169 3659 2227 et
3687 2181 3920 2227 resur-

2374 2266 2734 2332 rectionem
2805 2286 3054 2346 meam,
3131 2288 3338 2357 quam
3421 2276 3741 2359 operatus
3815 2292 3910 2338 es.

2384 2397 2415 2435 ι
2446 2373 2585 2457 Qui
2620 2371 3079 2452 manducatis,
3116 2398 3152 2436 n
3194 2372 3679 2443 delectabiliter
3708 2377 3916 2444 susti-

2368 2479 2617 2558 nendo,
2660 2503 2736 2549 ac
2765 2482 2821 2549 si
2858 2503 2985 2550 vos
3021 2481 3406 2563 reficeretis,
3442 2507 3477 2549 a
3497 2506 3756 2575 panem
3785 2484 3914 2552 do-

2368 2589 2558 2667 loris,
2604 2615 2640 2653 n
2673 2590 3111 2660 afflictionem
3140 2590 3395 2661 scilicet
3431 2600 3498 2661 et
3537 2593 3904 2662 miseriam.

2364 2696 2535 2765 Ecce
2565 2697 2837 2789 quibus,
2871 2706 2938 2767 et
3001 2698 3340 2791 qualibus,
3401 2700 3562 2792 quia
3590 2701 3661 2769 in
3700 2702 3911 2770 tribu·

2364 2804 2614 2874 latione
2672 2805 3147 2897 gaudentibus.
3195 2807 3323 2877 Hic
3391 2808 3587 2900 panis
3636 2809 3721 2878 de
3769 2833 3906 2901 quo

2364 2934 2593 3004 supra,
2628 2914 2696 2981 in
2724 2913 2908 2983 Psal.
2940 2937 3170 3001 Lxxxx,
3199 2916 3241 2985 6
3269 2942 3286 2984 3
3336 2916 3615 2986 Cibabis
3641 2941 3765 2986 nos
3776 2943 3906 3012 pa·

2360 3043 2446 3088 ne
2474 3020 2967 3113 lacrymarum.
3010 3022 3139 3093 Hic
3172 3022 3366 3093 cibus
3395 3048 3531 3116 quo
3563 3024 3906 3095 reficieba-

2363 3137 2472 3197 tur
2524 3127 2682 3210 Job,
2738 3152 2840 3216 ιιι,
2905 3130 3036 3203 24:
3081 3133 3469 3226 Antequam
3522 3134 3899 3217 comedam,

2357 3239 2652 3330 suspiro.
2688 3238 2934 3310 Genes.
2968 3263 3067 3321 m,
3112 3242 3234 3312 193
3279 3243 3364 3312 In
3389 3242 3640 3313 sudore
3667 3243 3902 3313 vultus

2360 3347 2468 3415 tui
2495 3348 2773 3415 vesceris
2801 3370 3006 3441 pane.

2450 3584 2486 3626 ι
2525 3560 2693 3629 Cum
2725 3560 2989 3630 dederit
3023 3561 3312 3631 dilectis.
3359 3589 3393 3630 »
3436 3564 3564 3634 Hic
3593 3567 3897 3658 tangitur
3951 3567 4054 3616 θ’*
4080 3579 4221 3618 ⁸⁸⁰¹·-

2357 3674 2650 3758 tcmpus.
2684 3665 2895 3747 Quasi
2950 3668 3256 3739 diceret:
3322 3668 3438 3740 Sic
3482 3669 3651 3758 dixi,
3708 3672 3895 3766 quod
3984 3677 4168 3777 m

2355 3776 2578 3866 primo
2605 3775 2922 3858 sedeatis,
2952 3780 3114 3871 quia
3142 3801 3295 3848 cum
3333 3780 3672 3851 Dominus
3703 3808 3739 3850 ι
3770 3784 3896 3853 de-

2352 3881 2531 3951 derit
2589 3906 2933 3966 somnum‚
2969 3912 3007 3951 n
3047 3887 3309 3980 supple,
3353 3891 3617 3969 mortis,
3661 3917 3691 3955 α
3716 3890 3898 3962 dile-

2350 3992 2477 4060 etis
2511 3992 2683 4063 suis.
2717 4020 2755 4059 n
2787 3992 2974 4064 Mors
3026 4018 3189 4089 ergo
3227 4005 3620 4069 sanctorum
3650 4000 3898 4072 dicitur

2346 4124 2650 4182 somnus,
2690 4103 2852 4197 quia
2881 4104 3173 4174 multum
3201 4105 3418 4177 dulcis
3447 4117 3549 4179 est
3585 4108 3744 4180 illis.
3784 4111 3896 4181 Je-

2350 4233 2520 4280 rem.
2563 4233 2752 4293 xxxi,
2779 4211 2868 4280 26
2899 4233 2919 4281 3
2951 4213 3255 4284 Somnus
3282 4238 3473 4287 meus
3498 4218 3725 4288 duleis
3761 4221 3890 4289 mi·

2346 4317 2447 4401 lui,
2486 4318 2754 4412 supple,
2786 4327 2914 4390 est.
2945 4319 3173 4393 Eccle.
3212 4344 3283 4407 v,
3318 4326 3396 4394 11
3433 4348 3453 4397 3
3487 4326 3740 4397 Dulcis
3792 4339 3893 4399 est

2344 4448 2625 4497 somnus
2657 4430 2994 4523 operanti.
3027 4429 3323 4524 Requies
3359 4436 3566 4505 etiam
3595 4445 3699 4507 est
3726 4438 3887 4522 illis,

2343 4535 2628 4627 Apocal.
2671 4561 2812 4620 xlv,
2851 4540 2976 4615 13:
3023 4543 3290 4613 Amodo
3324 4543 3493 4636 jam
3529 4547 3700 4617 dicit
3752 4551 3892 4642 spi-

2342 4644 2548 4726 ritus,
2599 4655 2676 4714 ut
2738 4648 3161 4740 requiescant
3197 4673 3242 4719 a
3309 4651 3664 4724 laboribus
3711 4658 3882 4726 suis.

2343 4751 2428 4823 Et
2452 4756 2803 4840 securitas,
2831 4756 2993 4846 Job,
3034 4781 3131 4840 ιι,
3170 4761 3252 4832 18
3275 4770 3343 4832 et
3384 4763 3466 4833 19
3491 4786 3510 4834 3
3540 4767 3638 4834 Et
3665 4766 3890 4858 defos-

2337 4884 2456 4931 sus
2501 4887 2777 4936 securus
2831 4866 3150 4939 dormies.
3189 4872 3609 4965 Requiesces,
3659 4886 3725 4945 et
3748 4900 3887 4946 non

2337 4974 2467 5041 erit
2502 4976 2629 5066 qui
2653 4986 2718 5045 te
2743 4987 3101 5049 exterreat.
3135 4978 3284 5051 lloc
3301 5004 3547 5055 somno
3588 4982 3887 5078 Stepha-

2336 5101 2466 5149 nus
2495 5080 2911 5154 obdormivit
2939 5085 3009 5153 in
3037 5086 3336 5160 Domino
3364 5091 3411 5161 ¹.

2419 5426 2455 5465 α
2477 5403 2652 5470 Ecce
2675 5400 3058 5477 haereditas.
3092 5433 3127 5471 n
3158 5406 3290 5477 Hic
3315 5417 3661 5503 quartum,
3692 5416 3880 5508 quod

674 5536 809 5607 quo
836 5515 1105 5593 merito,
1140 5521 1278 5584 eta
1313 5512 1594 5609 quibus,
1625 5512 1746 5595 ibi,
1784 5542 1821 5581 α
1858 5516 1998 5603 Qui
2024 5538 2228 5585 man-
2326 5514 2394 5577 et
2430 5510 2634 5603 quale
2660 5513 3044 5604 praemium,
3079 5517 3240 5608 quia
3264 5529 3670 5614 perpetuum
3703 5526 3877 5597 :erit

748 5726 768 5764 ¹
796 5724 880 5786 Cr.
913 5727 1043 5786 Act.
1072 5741 1173 5798 vu,
1194 5727 1264 5785 89
1293 5740 1312 5784 3
1344 5728 1415 5785 Et
1441 5738 1565 5784 cum
1594 5724 1702 5784 hoe
1730 5726 1985 5800 dia-isset,
2015 5725 2220 5785 obdor-

2331 5726 2489 5786 mivit
2518 5730 2579 5787 tn
2606 5728 2859 5789 Domino.

3942 3628 4224 3671 “odorum
