5008 6329
370 2743 433 2786 ad

731 195 859 260 482

726 369 990 448 tendaS,
1025 380 1089 437 et
1121 370 1276 448 hoc,
1313 392 1353 434 ο
1397 368 1766 448 Domine,«
1798 391 1936 435 non
1975 369 2183 434 intres
2217 366 2281 430 in

715 477 1074 568 judicium
1104 499 1258 544 cum
1296 498 1489 542 servo
1539 485 1684 554 tuo,
1721 504 1752 537 υ
1821 487 1897 545 ut
1924 498 2287 569 compara-

726 588 911 654 tione
971 585 1061 651 tui
1116 606 1224 650 me
1270 584 1443 650 velis
1502 585 1835 672 judicare.
1889 586 2284 655 Notandum

727 696 936 767 enim,
990 692 1174 781 quod
1220 691 1565 760 Dominus
1631 694 1804 762 bene
1853 694 1999 761 vult
2057 693 2284 759 subire

723 797 1080 865 nobiscum
1119 798 1480 887 judicium.
1523 799 1653 867 lsa.
1696 822 1767 878 V,
1802 800 1842 866 3
1877 820 1893 868 :
1937 801 2138 866 Nunc
2176 819 2286 861 er-

723 928 837 996 90,
886 906 1308 975 habitatores
1338 908 1757 983 Jerusalem,
1810 918 1874 973 et
1912 908 2046 974 viri
2063 905 2279 982 luda,

714 1012 1036 1102 judicate
1076 1015 1251 1081 inter
1278 1036 1387 1079 me
1433 1023 1496 1079 et
1548 1014 1818 1079 vineam
1848 1035 2096 1080 meam.
2120 1010 2280 1087 Job,

725 1146 916 1200 xxxx,
953 1125 1034 1191 13
1070 1147 1085 1190 :
1130 1125 1213 1192 Si
1248 1124 1626 1214 contempsi
1664 1123 1896 1192 subire
1921 1124 2282 1213 judicium

725 1253 879 1299 cum
915 1253 1105 1297 servo
1128 1251 1299 1298 meo.
1347 1229 1490 1296 Nos
1513 1239 1743 1297 tamen
1775 1253 1915 1299 non
1955 1231 2282 1298 debemus

726 1341 900 1408 velle
930 1340 1222 1428 judicari
1253 1363 1412 1407 cum
1454 1342 1602 1431 ipso
1647 1365 1663 1408 :
1707 1341 1878 1410 tales
1934 1342 2117 1410 enim
2169 1361 2283 1404 ar-

726 1448 896 1536 guit,
937 1446 1193 1514 Jerem.
1240 1470 1311 1526 11,
1350 1450 1433 1514 :29
1473 1471 1489 1515 ε
1531 1448 1721 1531 Quid
1756 1448 1969 1515 vultis
2016 1467 2278 1514 mecum

715 1553 991 1642 judicio
1022 1554 1422 1620 contendere
1448 1552 1490 1620 P
1530 1556 1779 1622 Omnes
1818 1553 2280 1645 dereliquistis

725 1683 854 1738 me,
893 1661 1059 1727 dicit
1096 1663 1470 1729 DominuS.

815 1899 850 1935 «
888 1872 1069 1956 Quia
1099 1895 1234 1938 non
1253 1871 1798 1961 justificabitur.
1845 1899 1881 1936 n
1914 1871 2085 1940 Ecce
2127 1892 2282 1937 cau-

722 1972 820 2047 sa.
856 1979 1067 2060 Quasi
1114 1980 1418 2070 diceret:
1493 1979 1649 2046 Non
1711 2002 1817 2048 me
1853 1979 2117 2070 judices
2181 1978 2280 2044 tui

721 2087 1280 2178 comparatione:
1337 2115 1371 2146 «
1414 2087 1599 2170 Quia
1658 2088 1881 2154 omnis
1937 2088 2191 2161 vivens,
2243 2109 2275 2148 n

717 2198 858 2263 vita
889 2203 1171 2273 naturae,
1209 2222 1241 2256 «
1274 2217 1413 2260 non
1442 2193 1961 2283 justificabitur
2015 2196 2085 2261 in
2118 2215 2282 2260 con-

717 2312 948 2396 spectu
978 2311 1165 2379 tuo.»
1202 2300 1270 2368 id
1300 2309 1429 2380 est,
1461 2300 1584 2368 tibi
1626 2310 2061 2391 comparatus
2083 2322 2283 2391 prop-

718 2422 822 2481 ter
842 2410 1287 2501 multiplicem
1320 2412 1684 2478 rationem.
1715 2408 1973 2488 Primo,
2007 2417 2283 2500 propter

370 2527 696 2630 “immm-
722 2521 976 2610 peccati
1008 2519 1463 2587 necessariam
1513 2514 2031 2595 adhaerentiam,
2066 2517 2283 2603 origi-

371 2636 694 2743 pin‘intivssss‘s’r'.
724 2628 896 2695 nelis
926 2627 1203 2701 scilicet,
1261 2624 1370 2692 Ad
1410 2622 1660 2715 Ephes.
1709 2646 1781 2702 ιι,
1819 2624 1858 2692 3
1897 2648 1912 2691 :
1970 2629 2280 2693 Eramus

457 2745 640 2798 judie-tn

368 2801 570 2896 minag·
599 2810 645 2840 ιιι

646 2756 691 2787 η·
719 2744 974 2802 natura
999 2732 1143 2821 filii
1181 2733 1326 2799 irae.
1383 2729 1609 2798 Etiam
1658 2730 1977 2821 baptizati
2027 2734 2281 2799 retine-

719 2863 873 2908 mus
903 2841 1329 2920 servitutem,
1365 2837 1474 2904 Ad
1494 2836 1789 2905 Roman.
1825 2860 1943 2916 vn,
1987 2839 2073 2907 23
2110 2859 2125 2904 ε
2180 2838 2281 2903 Vi-

717 2951 840 3019 deo
881 2950 1099 3016 aliam
1136 2949 1354 3038 leqem
1389 2948 1461 3015 in
1507 2946 1834 3016 membris
1863 2950 2030 3016 meis
2067 2969 2276 3038 repu-

709 3070 1036 3149 9nantem
1113 3057 1256 3147 leqi
1342 3057 1591 3123 mentis
1671 3078 1858 3125 meoe.
1927 3055 2272 3134 Secunde,

711 3175 988 3257 propter
1007 3172 1446 3255 peccatorum
1469 3160 1842 3231 actualium
1881 3162 2277 3255 superaddi-

712 3277 993 3354 tionem,
1055 3270 1078 3338 l
1128 3271 1334 3338 Joan.
1390 3293 1436 3347 ι,
1517 3272 1560 3338 8
1635 3293 1651 3338 :
1731 3272 1815 3341 Si
1890 3271 2275 3340 dixerimus

708 3381 1036 3471 quoniam
1086 3387 1448 3469 peccatum
1498 3400 1636 3445 non
1709 3376 2062 3458 habemus,
2139 3376 2277 3467 ipsi

706 3508 829 3552 nos
871 3484 1285 3564 seducimus,
1343 3494 1409 3551 et
1459 3485 1713 3551 veritas
1761 3485 1833 3552 in
1887 3484 2084 3552 nobis
2131 3506 2267 3551 non

705 3601 826 3660 cst.
865 3592 1116 3667 Tertio,
1171 3599 1452 3682 propter
1506 3589 1890 3659 additurum
1947 3591 2267 3659 multitu-

704 3700 959 3776 dinem,
993 3698 1051 3765 11
1098 3698 1398 3789 l'aralip.
1434 3700 1505 3765 in
1543 3700 1855 3767 oratione
1885 3697 2260 3768 Manassae:

700 3808 984 3875 Peccavi
1034 3828 1244 3897 super
1293 3826 1663 3873 numerum
1710 3828 1936 3873 arcnae
1990 3807 2206 3874 maris
2234 3827 2258 3873 .·

699 3915 1182 4009 nmltiplicatoe
1207 3923 1373 3981 sunt
1396 3914 1801 4006 iniquitates
1821 3938 2006 3984 meae.
2043 3914 2263 3995 Quar-

696 4030 794 4103 to,
821 4033 1097 4114 propter
1125 4019 1451 4113 peccandi
1480 4021 2031 4107 continuitatem,
2058 4024 2257 4099 Osee,

697 4156 790 4212 tv,
839 4135 918 4201 10
952 4155 967 4202 ε
1002 4132 1364 4200 Fornicati
1411 4139 1599 4212 sunt,
1670 4142 1734 4199 et
1790 4155 1926 4199 non
1963 4155 2266 4202 cessat-e-

695 4251 879 4310 runt.
907 4239 1188 4320 Quinta,
1218 4246 1367 4308 esto
1388 4238 1575 4329 quod
1606 4238 1873 4307 nullum
1904 4249 2261 4330 peccatum

694 4348 1051 4426 habemus,
1123 4348 1283 4438 quia
1351 4346 1701 4415 beneficiis
1762 4346 1911 4416 Deo
1952 4372 2091 4417 non
2153 4371 2261 4415 ro·

693 4457 1137 4549 spondemus„
1175 4454 1339 4539 Job,
1392 4477 1487 4533 xx,
1524 4455 1563 4522 3
1609 4476 1626 4524 :
1666 4456 1749 4524 Si
1766 4456 2062 4525 voluerit
2107 4480 2262 4524 con-

692 4564 962 4634 tcndere
986 4584 1142 4632 cum
1166 4586 1272 4640 eo,
1291 4585 1432 4630 non
1465 4564 1725 4655 poterit
1753 4566 1818 4632 ei
1853 4563 2259 4655 respondere

693 4695 908 4742 unum
931 4671 1322 4776 protmillc.
1396 4668 1638 4750 Sexte,
1692 4673 1854 4763 quia
1891 4675 1945 4741 si
1982 4695 2258 4765 respon-

689 4778 1033 4853 deremus,
1068 4777 1337 4845 nullum
1384 4783 1621 4846 tamen
1667 4776 1922 4847 bonum
1965 4804 2004 4849 a
2055 4779 2255 4849 nobis

689 4885 1123 4966 haberemus,
1163 4883 1282 4953 sed
1335 4892 1558 4953 totum
1618 4895 1720 4953 est
1768 4909 1854 4955 ex
1902 4888 2073 4969 Dec,
2111 4886 2256 4955 lad

688 4992 995 5064 Corinth.
1034 5015 1124 5071 tv,
1159 4993 1199 5059 7
1237 5015 1254 5061 ι
1291 4990 1485 5076 Quid
1516 4991 1725 5060 habes
1749 4996 1940 5085 quod
1968 5019 2107 5065 non
2138 5019 2252 5062 ae·

686 5103 923 5193 cepisti
951 5100 993 5170 ?
1022 5100 1314 5190 Propter
1332 5095 1467 5166 hoc
1497 5097 1768 5181 dicitur,
1799 5101 1958 5187 Job,
2001 5125 2096 5181 ιν,
2130 5103 2246 5169 17:

684 5209 1047 5300 Numquid
1062 5209 1295 5288 homo,
1334 5206 1464 5274 Dei
1480 5211 2018 5299 comparatione,
2031 5211 2252 5300 justi-

683 5312 1070 5404 ficabitur?
1107 5313 1217 5393 Et,
1258 5333 1426 5396 xxv,
1484 5313 1524 5380 3
1560 5334 1576 5382 ε
1640 5314 2009 5408 Numquid
2021 5318 2253 5407 justi-

687 5426 890 5515 ficari
910 5432 1135 5517 potest
1185 5424 1391 5491 homo
1438 5435 1884 5515 comparatus
1910 5431 2056 5496 Deo
2095 5426 2137 5494 ?
2167 5426 2251 5493 Et

683 5534 881 5613 infra,
922 5540 987 5609 5.
1022 5533 1063 5601 5
1097 5551 1114 5599 t
1149 5533 1354 5599 Luna
1397 5554 1532 5598 non
1566 5532 1904 5623 splendet,
1937 5545 2002 5605 et
2026 5533 2248 5604 stella·

1733 195 1819 261 D.
1871 196 2072 262 ALB.
2129 190 2347 260 MAG.
2398 189 2602 259 om).
2656 190 2951 261 PRAED.

2390 386 2523 430 non
2549 375 2708 431 sunt
2737 366 3010 435 mundae
3051 371 3122 436 in
3170 383 3522 462 conspeetu
3564 375 3742 461 ejus.
3776 375 3937 454 Job,

2390 494 2483 550 lx,
2519 471 2603 538 30
2634 480 2699 538 et
2740 474 2814 540 31
2859 497 2874 541 ε
2911 476 2992 543 Si
3042 476 3221 544 lotus
3257 480 3454 566 sucro
3503 482 3707 567 quasi
3738 483 3943 570 aquis

2389 581 2677 657 nivi5‚...
2712 593 2938 648 tamen
2966 585 3283 652 sordibus
3324 588 3615 678 intinqes
3637 611 3765 654 me.

2477 929 2509 967 α
2549 905 2728 988 Quia
2751 918 3140 995 persecutus
3168 919 3284 974 est.
3318 935 3350 970 »
3372 909 3498 977 Hic
3529 911 3932 989 secundum,

2387 1011 2456 1076 in
2522 1033 2657 1100 quo
2733 1014 3078 1101 praemissa
3157 1017 3503 1104 petitione,
3584 1017 3940 1109 subjungit

2389 1121 2851 1186 necessitatem
2882 1124 3256 1211 petitionis»,
3290 1124 3665 1192 secundum
3707 1127 3942 1216 dupli-

2385 1248 2532 1292 cem
2564 1226 3068 1295 tribulationem
3116 1253 3130 1296 :
3203 1234 3606 1300 exteriorem
3666 1234 3752 1301 ab
3802 1235 3939 1300 ini-

2387 1332 2561 1398 mico
2605 1332 2882 1409 illatam,
2917 1345 2984 1401 et
3013 1335 3402 1405 interiorem
3435 1361 3518 1405 ex
3550 1339 3938 1408 meditatio·

2386 1461 2468 1504 ne
2492 1447 2901 1507 aeternorum
2933 1454 3377 1524 contractam,
3410 1445 3528 1522 ibi,
3571 1454 3638 1523 ὴ.
3674 1448 3715 1513 4
3741 1469 3757 1514 t
3783 1472 3818 1512 ι
3841 1450 3939 1516 Et

2384 1548 2711 1614 anxiatus
2748 1558 2845 1615 est
2879 1572 3086 1640 super
3116 1573 3244 1619 me.
3275 1576 3307 1616 ιο

2475 1653 2775 1720 Primam
2843 1666 3070 1725 autem
3120 1657 3631 1728 tribulationem
3685 1685 3940 1753 aggra-

2383 1767 2499 1826 vat
2536 1782 2575 1827 a
2605 1771 2791 1849 parte
2823 1763 3034 1851 ipsius
3055 1767 3547 1854 persequentia,
3588 1776 3653 1834 et
3687 1790 3725 1833 a
3750 1778 3937 1857 parte

2384 1871 2529 1956 ejus
2561 1869 2743 1960 quod
2774 1875 3225 1961 persequitur,
3268 1873 3389 1953 ibi,
3440 1899 3475 1939 ι
3508 1877 3938 1947 Ilumiliavit

2384 1976 2693 2043 animam
2721 2000 2968 2045 meam.
3007 2005 3041 2041 n

2473 2082 2557 2150 Et
2578 2083 2662 2152 ab
2712 2085 3089 2155 intentione
3110 2092 3691 2179 persequentium,
3728 2115 3939 2182 quam

2388 2192 2604 2280 tangit
2634 2191 2997 2281 duplicem.
3052 2192 3276 2262 Prima
3307 2205 3408 2265 est
3462 2207 3537 2264 ut
3576 2197 3942 2293 immergat

2387 2301 2456 2366 in
2485 2321 2787 2367 amorem
2820 2309 3269 2370 terrenorum.
3307 2305 3648 2388 Secunda,
3691 2317 3767 2376 ut
3795 2311 3943 2399 spi-

2391 2407 2701 2476 ritualem
2742 2412 2966 2477 visum
2997 2411 3281 2492 auferat,
3315 2413 3436 2494 ibi,
3484 2443 3518 2478 «
3556 2416 3944 2486 Collocavit

2385 2516 2588 2582 mein
2619 2514 2944 2584 obscuris.
2985 2543 3017 2582 n

2472 2622 2651 2691 Dicit
2711 2646 2874 2714 ergo
2920 2646 2936 2693 ε
2994 2624 3132 2704 Sic,
3210 2626 3530 2708 Domine,
3609 2654 3807 2723 rogo,
3878 2643 3946 2703 et

2386 2730 2632 2808 clamo,
2678 2741 2745 2799 et
2773 2732 3149 2823 compellor
3190 2756 3205 2802 ε
3259 2763 3290 2795 α
3321 2737 3487 2826 quia
3528 2738 3873 2819 inimicus,
3898 2766 3929 2804 ιι

2387 2838 2451 2904 id
2483 2847 2606 2918 est,
2655 2838 2991 2921 diabolus,
3048 2869 3081 2904 α
3113 2855 3506 2933 persecutus
3554 2856 3677 2924 est,
3714 2875 3747 2909 »
3801 2871 3940 2915 non

2383 2969 2628 3038 corpus
2660 2957 2961 3032 tantum,
3016 2951 3131 3019 sed
3183 2979 3219 3015 ι
3251 2954 3560 3023 animam
3609 2980 3859 3025 meam.
3900 2983 3933 3024 ι

2386 3051 2444 3119 ll
2481 3052 2648 3146 Reg.
2685 3077 2849 3132 xvu,
2891 3058 2915 3122 1
2954 3064 3022 3124 et
3048 3059 3087 3124 2
3123 3079 3139 3124 :
3178 3059 3379 3126 Dia-it
3414 3061 3828 3155 Achitopltel
3847 3064 3946 3135 ad

2386 3160 2739 3240 Absalom,
2794 3161 3104 3233 diabolus
3146 3164 3231 3234 ad
3286 3169 3627 3238 carnalem
3679 3194 3939 3242 concu-

2380 3269 2781 3358 piscentiam
2818 3291 2834 3336 ε
2869 3272 3157 3364 Eliqam
3188 3274 3361 3341 mihi
3387 3275 3746 3347 duodecim
3778 3280 3939 3350 mil-

2381 3375 2479 3442 lia
2545 3376 2883 3455 virorum,
2953 3387 3016 3446 et
3088 3402 3496 3472 consurqens
3555 3408 3938 3479 persequar

2377 3483 2614 3550 David
2635 3484 2764 3552 hac
2792 3494 3006 3563 nocte,
3059 3496 3122 3553 et
3160 3488 3427 3557 irruens
3482 3513 3695 3584 super
3748 3518 3930 3578 eum,

2374 3593 2632 3684 quippe
2668 3594 2791 3684 qui
2831 3593 3054 3662 lassus
3081 3604 3179 3662 est
3207 3608 3272 3664 et
3298 3598 3548 3667 solutis
3579 3603 3928 3684 manibus,

2367 3701 2754 3786 percutiam
2792 3721 2973 3778 eum,
3025 3710 3090 3769 et
3120 3703 3416 3771 aninnam
3459 3706 3630 3796 ejus.
3679 3707 3929 3781 GeneS.

2375 3825 2513 3881 xiv,
2547 3807 2626 3873 21
2668 3827 2684 3872 :
2728 3808 2841 3875 Da
2900 3808 3075 3875 mihi
3129 3812 3421 3891 animas,
3474 3823 3715 3884 cetera
3758 3818 3934 3887 tolle

2375 3911 2525 3979 tibi.
2562 3914 2931 4005 Gregorius
2974 3937 2991 3982 ε
3038 3946 3068 3979 «
3107 3916 3358 3986 Parum
3400 3942 3472 3989 se
3520 3922 3759 3994 fecisse
3806 3948 3931 3995 ωε-

2376 4045 2409 4086 e
2453 4021 2672 4100 timat,
2714 4045 2870 4091 cum
2909 4024 3210 4093 animam
3241 4049 3380 4095 non
3414 4033 3699 4100 sauciat.
3744 4061 3779 4097 ι»

2465 4152 2498 4192 α
2543 4130 2991 4201 Ilumiliavit.
3037 4157 3073 4194 ιι
3126 4131 3296 4202 Ecce
3354 4135 3668 4207 intentio.
3716 4138 3929 4220 Quasi

2373 4231 2623 4302 diceret
2660 4255 2676 4305 ε
2722 4234 2835 4304 Sic
2881 4238 3180 4305 animam
3237 4251 3634 4330 persecutus
3682 4254 3809 4327 est,
3859 4254 3927 4317 et

2370 4352 2705 4431 quantum
2745 4344 2815 4412 in
2844 4368 2917 4413 se
2947 4355 3072 4426 est,
3119 4376 3151 4410 «
3176 4347 3577 4419 humiliavit
3607 4356 3922 4424 animam

2369 4471 2590 4517 meam
2639 4452 2708 4518 in
2765 4461 2972 4530 terra,
3019 4477 3052 4518 ι
3106 4456 3319 4545 ipsam
3382 4456 3775 4531 inclinando
3834 4462 3922 4530 ad

2371 4565 2660 4626 terrena.
2727 4557 2860 4627 lsa.
2911 4582 3098 4643 xxix,
3131 4562 3171 4628 4
3206 4584 3222 4630 :
3272 4564 3804 4649 Ilumiliaberis,
3838 4572 3924 4640 de

2365 4673 2548 4731 terra
2594 4664 3003 4757 loqueris....
3066 4680 3130 4736 et
3194 4669 3279 4738 de
3328 4671 3539 4742 humo
3588 4675 3920 4746 audietur

2364 4769 2715 4862 eloquium
2791 4784 3016 4845 tuum.
3066 4775 3314 4845 Tlnren.
3379 4801 3449 4862 ιι,
3507 4783 3590 4849 10
3635 4804 3652 4851 ε
3699 4784 3919 4854 Sede-

2363 4892 2527 4948 runt
2557 4882 2627 4949 in
2655 4893 2863 4962 terra,
2896 4884 3363 4954 conticuerunt
3385 4910 3575 4957 senes
3599 4891 3775 4980 filia!
3790 4897 3919 4964 Ju-

2363 4988 2478 5056 da.
2523 4988 2665 5059 Nec
2693 4997 2792 5059 est
2846 4994 3261 5061 contrarium
3317 4995 3374 5063 si
3412 5000 3804 5082 mussitant,
3848 5010 3918 5071 et

2361 5094 2740 5186 loquuntur
2768 5096 2849 5165 de
2883 5101 3196 5177 terrenis,
3232 5110 3297 5171 et
3324 5107 3793 5177 conticescunt
3828 5108 3910 5179 de

2359 5205 2627 5272 aeternis
2660 5226 2677 5272 ε
2721 5207 2861 5274 imo
2893 5229 3107 5274 unum
3152 5231 3444 5301 sequens
3483 5220 3586 5281 est
3614 5235 3698 5283 ex
3738 5215 3913 5286 alte-

2361 5332 2462 5378 ro.

2452 5564 2486 5600 α
2546 5537 2924 5608 Collocavit
3005 5565 3132 5613 me.
3185 5570 3218 5605 »ι
3287 5543 3416 5614 Hic
3494 5551 3903 5639 secundum,
