5008 6329
1991 348 2699 419 COMMENTARIUS
2752 351 2840 417 lN
2890 349 3335 419 PSALMPM
3384 353 3697 422 CXVIII.

1844 970 2006 1013 mvn
2039 934 2172 1034 (D)

1316 1382 1349 1423 α
1402 1358 1667 1445 Defecit
1707 1357 1775 1423 in
1824 1357 2135 1424 salutare
2181 1366 2406 1426 tuum.
2444 1382 2479 1421 υ
2523 1356 2601 1424 ln
2640 1357 2771 1425 hec

1233 1468 1584 1534 octenario
1633 1470 1831 1536 tertie
1871 1469 2095 1559 agitur
2140 1467 2221 1535 de
2274 1469 2516 1536 merite
2560 1469 2771 1559 prefi-

1225 1571 1551 1638 cientium
1596 1573 1662 1638 in
1706 1574 2094 1665 cognitione
2142 1572 2346 1651 tertii,
2382 1573 2640 1641 scilicet
2674 1573 2771 1642 di-

1225 1679 1404 1747 vinae
1441 1680 1766 1748 veritatis.
1820 1683 2065 1750 Actum
2115 1689 2215 1748 est
2260 1682 2440 1749 enim
2489 1680 2574 1750 de
2632 1704 2770 1750 me-

1228 1786 1354 1854 rite
1388 1788 1456 1854 in
1487 1789 1876 1879 cognitione
1900 1787 2147 1856 divinoe
2170 1787 2492 1856 bonitatis
2515 1789 2758 1879 prime,

1225 1903 1458 1986 postea
1522 1896 1604 1964 de
1669 1899 2058 1986 cognitione
2104 1896 2351 1965 divinae
2399 1898 2759 1988 aequitatiS‚

1222 1997 1332 2067 hic
1381 2000 1604 2090 agitur
1656 1998 1737 2068 de
1785 2002 2025 2069 merite
2073 2009 2139 2067 et
2195 2000 2459 2070 fervere
2516 2024 2765 2094 eogno-

1221 2108 1486 2177 scendoe
1526 2110 1857 2178 veritatiS.

1311 2216 1650 2285 Dividitur
1689 2229 1915 2287 autem
1957 2219 2081 2286 ista
2125 2241 2281 2309 pars
2312 2221 2381 2287 in
2429 2228 2564 2289 tres
2603 2245 2763 2314 par-

1219 2331 1341 2391 tes.
1401 2324 1633 2392 l‘rime
1693 2325 1987 2394 ostendit
2043 2325 2361 2394 ass'ectum
2426 2350 2629 2396 suum
2689 2329 2760 2397 in

1217 2432 1677 2522 cognitionem
1710 2443 2010 2524 apertam
2042 2435 2367 2501 veritatis.
2415 2434 2756 2520 Secunde,

1220 2538 1290 2605 in
1368 2541 1871 2609 attestationem
1938 2542 2148 2631 ipsius
2227 2543 2557 2626 veritatis»,
2639 2545 2756 2628 ihi,

1220 2654 1281 2721 ς.
1305 2650 1432 2715 813:
1471 2675 1504 2714 a
1543 2650 1794 2719 Omnia
1818 2650 2149 2717 mandata
2173 2660 2317 2721 tua.
2346 2677 2378 2717 x·
2409 2652 2662 2735 Tertio,
2690 2656 2759 2722 in

1219 2752 1774 2845 adimpletionem
1815 2757 2114 2824 veritatis
2154 2758 2221 2824 in
2262 2780 2490 2848 opere,
2537 2760 2655 2842 ibi,
2688 2763 2758 2829 in

1220 2860 1446 2929 medie
1494 2872 1556 2940 ς.
1601 2866 1682 2931 87
1721 2886 1736 2931 ε
1783 2890 1819 2929 ιι
1862 2866 2011 2956 Eyo
2050 2875 2279 2933 aulem
2334 2889 2470 2934 uon
2518 2868 2761 2937 dereli-

1217 2969 1364 3060 qui.
1408 2996 1444 3035 n

1298 3076 1376 3143 ln
1417 3079 1635 3169 prima
1686 3077 1822 3145 due
1869 3101 1885 3146 ε
1930 3080 2043 3171 qui
2105 3080 2287 3148 enim
2328 3080 2600 3153 affectat
2644 3107 2759 3153 ve·

1204 3184 1497 3262 ritatem,
1551 3184 1783 3276 procul
1842 3185 2049 3253 dubio
2092 3190 2522 3279 persequitur
2559 3213 2758 3261 erro-

1196 3313 1372 3362 rem.
1416 3292 1568 3360 Due
1600 3316 1763 3383 erge
1811 3293 2149 3361 dicuntur.
2205 3293 2463 3375 Primo,
2526 3307 2750 3367 esten-

1190 3398 1287 3467 dit
1326 3400 1646 3470 ess'ectum
1690 3425 1892 3471 suum
1931 3403 2015 3471 ad
2053 3403 2515 3494 cognitionem
2564 3410 2751 3476 veri-

1186 3508 1366 3575 tatis.
1405 3509 1746 3591 Secundo,
1793 3510 1878 3578 ad
1917 3510 2430 3581 detestationem
2461 3516 2738 3603 erroris»,

1194 3613 1321 3699 ibi,
1357 3624 1421 3692 5.
1460 3619 1545 3684 85
1580 3639 1596 3684 :
1632 3642 1665 3682 α
1697 3618 2172 3687 Narraverunt
2197 3620 2395 3687 milei.
2432 3647 2466 3682 n

1280 3721 1356 3790 ln
1387 3725 1606 3815 prima
1637 3724 1796 3793 due.
1835 3725 2092 3805 l‘rime,
2124 3727 2442 3818 exprimit
2471 3726 2736 3800 deside·

1186 3829 1364 3899 rium
1398 3832 1580 3923 qued
1610 3831 1815 3902 habet
1852 3832 1935 3902 ‹le
1984 3834 2456 3927 cognoscenda
2493 3838 2743 3907 verita·

1182 3945 1271 4006 te.
1309 3938 1656 4021 Secunde,
1711 3941 2152 4012 idoneitatem
2191 3952 2259 4013 et
2296 3948 2738 4037 praeparatio·

1179 4067 1366 4125 nem,
1403 4070 1555 4139 quae
1596 4058 1696 4117 est
1748 4050 1815 4117 in
1863 4074 1934 4118 se
1971 4049 2054 4118 ad
2093 4052 2603 4141 suscipiendum
2644 4054 2734 4123 il-

1177 4150 1341 4232 lam,
1382 4153 1503 4236 ibi,
1536 4164 1599 4232 5.
1644 4158 1730 4223 83
1766 4179 1783 4225 :
1815 4186 1849 4219 α
1886 4159 2068 4243 Quia
2102 4163 2336 4247 lactus
2369 4182 2552 4228 sum.
2597 4186 2632 4228 s

1267 4258 1343 4328 ln
1377 4263 1594 4353 prima
1624 4262 1787 4345 duo,
1829 4264 2199 4335 secundum
2231 4266 2368 4335 duo
2406 4290 2534 4361 per
2572 4292 2728 4362 quae

1173 4369 1495 4460 exprimit
1526 4371 1838 4442 desiderii
1887 4375 2379 4465 cognoscendae
2427 4377 2736 4447 veritatis

1177 4478 1752 4569 magnitudinem.
1791 4479 2097 4550 Primum
2128 4489 2231 4551 est
2264 4483 2531 4553 duratio
2562 4483 2736 4554 desi·

1171 4582 1379 4669 derii,
1432 4608 1642 4677 quam
1698 4590 1918 4679 prime
1968 4592 2205 4682 tangit.
2256 4590 2599 4672 Secunde,
2632 4593 2734 4662 in-

1168 4693 1390 4761 tentio
1434 4696 1649 4786 ipsius
1712 4696 2052 4781 desiderii,
2104 4721 2309 4791 quam
2356 4702 2574 4793 tangit
2617 4725 2733 4771 se-

1173 4799 1430 4880 cunde,
1490 4803 1612 4885 ibi,
1667 4812 1730 4880 ς.
1774 4808 1858 4872 82
1921 4827 1938 4876 :
2000 4831 2036 4870 ι
2085 4808 2498 4897 Defecerant
2543 4811 2732 4879 oculi

1177 4909 1335 4976 mei.
1369 4935 1399 4971 ι

1265 5014 1344 5083 ln
1375 5017 1595 5108 prima
1623 5017 1784 5087 due.
1819 5017 2078 5103 Primo,
2110 5022 2427 5113 exprimit
2456 5022 2728 5095 deside-

1173 5121 1253 5190 rii
1313 5121 1769 5195 durationem.
1833 5125 2173 5210 Secunde,
2227 5153 2420 5221 spem
2475 5130 2727 5202 nihile-

1172 5229 1404 5298 minus
1443 5254 1650 5322 quam
1680 5232 1887 5303 habet
1923 5234 2005 5305 de
2046 5236 2532 5331 adimpletione
2562 5262 2727 5332 spe-

1169 5339 1332 5418 rati,
1368 5337 1488 5420 ibi,
1532 5371 1564 5404 ιι
1599 5343 1694 5410 ΕΙ
1733 5345 1803 5412 in
1835 5343 2029 5412 verbo
2067 5355 2208 5414 tuo.
2257 5373 2292 5414 ι

1254 5707 1274 5744 ¹
1304 5706 1390 5766 Cf.
1441 5708 1464 5766 1
1493 5706 1569 5765 ad
1595 5707 1862 5768 Corinth.
1898 5726 1962 5784 n,
1991 5713 2046 5773 9.
2119 5681 2125 5688 ’

4323 355 4453 421 285

2975 520 3156 586 Dicit
3190 543 3356 611 erge
3389 544 3405 588 ε
3454 522 3595 604 Sic,
3634 524 3949 604 Domine,
4001 525 4291 615 cognovi
4320 525 4450 592 be-

2886 626 3196 706 nitatem,
3225 635 3294 694 et
3316 630 3742 718 aequitatem,
3777 641 3844 699 et
3873 635 4104 710 etiam,
4142 655 4181 699 o
4214 632 4446 699 Demi-

2883 756 2993 811 ne,
3043 761 3075 795 «
3130 737 3372 803 anima
3423 761 3600 817 mea,
3639 766 3675 802 »
3731 742 3827 807 sic
3884 740 4227 831 loquendo
4277 741 4446 808 affe-

2882 843 3179 909 ctionem
3204 847 3553 934 exprimit,
3590 872 3622 912 «
3659 848 3907 936 dejecit
3938 872 3959 914 :
3996 872 4027 912 »
4060 870 4201 937 prae
4233 850 4446 915 nimia

2883 953 3417 1039 exspectatione,
3497 979 3530 1018 α
3594 956 3665 1021 in
3731 955 4044 1022 salutare
4107 965 4332 1034 tuum,
4403 984 4431 1021 n

2881 1054 3146 1145 supple,
3206 1058 3600 1127 intendens.
3662 1061 3750 1129 Et
3804 1062 4054 1154 legitur
4098 1064 4321 1153 prime
4364 1063 4445 1131 de

2882 1161 3181 1249 Christe,
3226 1167 3345 1255 qui
3378 1174 3519 1233 tam
3577 1168 3786 1259 longa
3816 1172 4319 1260 exspectatione
4361 1172 4445 1238 ab
4565 1227 4568 1231 .

2879 1271 3177 1360 antiquis
3216 1273 3531 1362 patribus
3562 1285 3664 1343 est
3694 1285 4146 1367 exspectatus,
4170 1286 4246 1345 ut
4272 1300 4445 1368 pene

2878 1380 3269 1449 delicerent.
3329 1384 3663 1455 Proverb.
3707 1409 3850 1464 xm,
3906 1390 3980 1455 12
4026 1410 4041 1454 :
4085 1390 4256 1480 Spes
4293 1412 4445 1480 quae

2877 1491 3226 1581 differtur,
3273 1498 3537 1587 affliqit
3567 1500 3902 1566 animam.
3952 1498 4066 1567 Sic
4092 1500 4447 1569 deficiebat

2878 1600 2991 1667 illa
3020 1603 3278 1688 anima,
3342 1628 3495 1696 quae
3551 1607 3845 1689 dicebat,
3908 1608 4167 1677 Cantic.
4215 1633 4279 1689 v,
4334 1611 4375 1678 8
4420 1633 4436 1678 ε

2872 1707 3151 1795 Adjuro
3202 1734 3345 1789 vos,
3388 1713 3564 1800 filiee
3590 1716 4009 1800 Jerusalem,
4066 1717 4129 1783 si
4177 1717 4440 1783 invene-

2872 1817 3026 1883 ritis
3054 1817 3393 1887 dilectum
3424 1843 3678 1899 meum,
3715 1834 3794 1891 ut
3822 1825 4152 1891 nuntietis
4180 1825 4244 1891 ei
4270 1825 4439 1914 quia

2872 1947 3105 1991 amore
3153 1926 3479 2016 lanqueO.
3529 1928 3645 1998 Sic
3694 1929 4051 1999 deficiebat
4097 1931 4211 2021 qui
4251 1929 4440 1999 dice-

2872 2034 2984 2100 bat
3023 2036 3296 2118 anxiuS,
3344 2036 3474 2104 Isa.
3523 2060 3666 2119 xvi,
3699 2041 3727 2106 1
3771 2061 3787 2107 :
3828 2042 4092 2108 Emitte
4126 2042 4433 2130 Aquam,

2869 2139 3190 2219 Domine,
3234 2141 3744 2211 dominatorem
3784 2154 4002 2212 terrae.
4048 2144 4132 2212 Et
4171 2168 4430 2226 rursuS,

2869 2273 3048 2328 mv,
3102 2253 3123 2316 l
3197 2273 3214 2317 ε
3274 2254 3561 2321 Utinam
3618 2256 4044 2348 dirumperes
4101 2257 4327 2342 coelos,
4373 2268 4438 2325 et

2870 2359 3327 2438 descenderes,
3390 2385 3433 2431 o
3500 2362 3799 2433 salutare
3859 2365 4009 2433 Dei.
4075 2366 4275 2445 lllud,
4341 2370 4441 2435 in·

2870 2490 3100 2559 quam,
3147 2467 3233 2537 de
3266 2492 3408 2560 que
3456 2469 3700 2551 Jacob,
3757 2472 4003 2541 Genes.
4058 2497 4240 2556 κως,
4302 2479 4431 2544 18;

2865 2575 3203 2643 Salutare
3294 2588 3497 2646 tuum
3588 2580 4016 2671 exspectabo,
4114 2585 4433 2652 Domine.

2870 2682 3050 2752 l‘sal.
3097 2707 3384 2764 nxxxm,
3439 2687 3478 2754 3
3531 2710 3548 2755 ε
3617 2689 4052 2782 Concupiscit
4098 2700 4162 2758 et
4208 2693 4438 2782 deficit

2868 2793 3106 2859 anima
3138 2815 3293 2859 mea
3327 2795 3395 2860 in
3438 2796 3624 2863 atria
3670 2799 3984 2883 Domini,
4032 2809 4436 2890 exspectans

2868 2900 3012 2988 ejus
3056 2899 3499 2987 beneficium,
3565 2904 3824 2973 scilicet
3881 2907 4201 2985 salutare,
4263 2908 4440 2977 sicut

2864 3029 3124 3097 pauper
3155 3010 3222 3075 in
3267 3008 3442 3076 atrio
3474 3010 3731 3080 divitis.
3767 3011 3921 3090 vet,
3978 3040 4006 3076 α
4058 3016 4128 3081 in
4166 3015 4437 3084 salula-

2863 3138 2936 3183 νε
2962 3125 3187 3193 tuum,
3223 3140 3255 3181 n
3297 3119 3746 3209 premissum,
3781 3119 3913 3190 hoc
3943 3130 4068 3202 est,
4104 3123 4175 3191 in
4205 3123 4434 3193 verbis

2862 3226 2996 3295 tuis
3041 3228 3610 3316 promittentibus
3664 3230 3958 3301 salutem
3998 3233 4222 3315 nobis,
4282 3258 4434 3325 quae

2860 3333 3000 3401 scio
3041 3355 3203 3400 vera
3247 3358 3423 3415 esse,
3460 3345 3535 3405 ut
3564 3337 3815 3406 vellem
3847 3350 4074 3431 aperte
4103 3340 4336 3411 videre
4366 3352 4436 3412 et

2858 3458 3303 3527 cognoscere.
3359 3439 3617 3508 Jerem.
3669 3464 3785 3526 xx,
3827 3448 3868 3509 9
3915 3466 3930 3510 ε
3991 3445 4247 3513 Factus
4306 3457 4428 3525 est,

2857 3544 3112 3613 scilicet
3167 3568 3399 3615 sermo
3459 3547 3739 3618 Domini
3807 3554 4266 3641 promittentis
4330 3562 4433 3623 tot

2856 3650 3061 3738 bena,
3085 3654 3157 3720 in
3179 3655 3385 3722 corde
3406 3677 3555 3725 meo
3576 3660 3784 3749 quasi
3804 3662 3986 3752 iqnis
4013 3672 4424 3743 exastuans,

2858 3769 3007 3829 ...et
3061 3760 3311 3852 defeci,
3375 3786 3518 3834 non
3546 3766 3790 3836 videns
3853 3767 4076 3837 adhuc
4129 3770 4423 3862 impleri,

2848 3870 3035 3958 serre
3059 3894 3198 3938 non
3227 3873 3598 3942 sustinens.

2942 4108 2978 4147 ιι
3028 4085 3125 4150 Ee
3172 4085 3246 4152 in
3286 4085 3573 4155 verbum
3613 4099 3845 4159 tuum.
3899 4118 3935 4155 n
3967 4092 4141 4161 Ecce
4179 4116 4423 4164 secun·

2846 4188 3034 4257 dum.
3082 4189 3301 4271 Quasi
3361 4193 3622 4264 diceret
3677 4219 3694 4265 :
3740 4196 3858 4268 Sic
3922 4202 4150 4268 anima
4190 4200 4418 4271 deficit

2845 4320 2983 4389 proe
3016 4297 3229 4390 longa
3272 4303 3788 4393 exspectatione
3863 4328 3881 4374 τ
3929 4336 3963 4372 α
3997 4316 4065 4375 et
4103 4334 4138 4375 ι
4185 4317 4418 4380 tamen

2849 4431 2883 4472 e
2915 4411 3427 4500 supersperavi,
3468 4438 3502 4473 »
3538 4410 3606 4482 id
3654 4420 3785 4493 est,
3846 4415 4212 4508 plusquam
4250 4442 4422 4511 spe-

2846 4514 3014 4590 ravi,
3049 4514 3157 4583 vel
3193 4520 3591 4608 exspectavi
3620 4518 3986 4612 plusquam
4011 4526 4223 4614 possit
4253 4526 4415 4608 dici,

2843 4620 2953 4689 vel
2992 4623 3314 4712 cogitari,
3359 4652 3393 4685 «ι
3430 4627 3504 4693 in
3536 4626 3818 4696 verbum
3860 4639 4086 4710 tuum,
4123 4657 4159 4696 n
4200 4635 4422 4703 sciens

2839 4730 3249 4808 certissime,
3285 4735 3619 4824 quoniam
3668 4759 3811 4806 nen
3843 4740 3970 4807 erit
4017 4763 4311 4821 cassum,
4356 4750 4422 4813 et

2840 4859 3125 4905 vanum.
3165 4836 3305 4909 Isa.
3352 4863 3539 4922 nxrv,
3582 4844 3626 4910 4
3671 4866 3688 4912 :
3734 4846 3999 4915 Oculus
4036 4871 4170 4917 nou
4219 4851 4420 4932 vidit,

2840 4947 3054 5025 Deus,
3088 4944 3356 5038 absque
3392 4959 3483 5032 le,
3523 4974 3680 5042 quae
3705 4960 4129 5046 praeparasti
4182 4981 4423 5051 exspe-

2839 5054 3189 5122 ctantibus
3216 5067 3286 5124 le
3326 5058 3370 5125 ⁸.

2931 5384 2965 5425 e
3008 5362 3432 5453 Defeceruut
3460 5365 3651 5433 oculi
3688 5370 3848 5437 mei.
3906 5397 3940 5432 ι»
3982 5370 4113 5442 llic
4158 5396 4404 5443 secun·

2838 5466 3027 5548 dum,
3061 5471 3133 5538 in
3168 5493 3314 5563 quo
3344 5480 3772 5544 monstratur
3813 5478 4248 5551 vehementia
4284 5483 4404 5553 de-
