5008 6329
682 306 810 372 278

777 501 811 542 α
844 480 939 545 Et
1001 481 1075 544 in
1142 477 1445 544 bonitate
1513 487 1660 544 tua.
1709 503 1742 543 »
1787 478 1962 546 Ecce
1993 500 2242 546 secun-

686 582 873 651 dum.
932 583 1140 662 Quasi
1199 582 1451 652 diceret
1487 608 1502 652 :
1555 584 1793 653 Bonus
1834 609 1905 653 es
1943 607 1958 651 :
1999 610 2031 649 α
2070 594 2157 664 et,
2205 610 2237 645 n

689 713 882 780 rogo,
944 716 977 755 ι
1008 691 1171 757 doce
1217 714 1325 760 me
1363 691 1917 782 justificationes
1976 701 2158 766 tuaS,
2209 714 2240 753 n

690 819 896 888 opera
919 798 1173 867 scilicet
1201 801 1510 889 justitiae,
1547 823 1700 890 quae
1740 807 1856 865 tua
1888 806 2071 865 sunt.
2109 795 2240 862 Isa.

688 925 876 985 xxm,
926 905 1003 971 12
1035 927 1051 973 :
1092 906 1345 975 Omnia
1385 929 1593 997 opera
1633 913 1875 971 nostra
1924 912 2247 994 operatus

687 1029 755 1073 es
808 1007 1027 1089 nobis,
1069 1013 1388 1078 Domine.
1426 1008 1514 1076 Et
1542 1007 1703 1088 hoc,
1770 1036 1806 1072 α
1843 1009 1913 1074 in
1945 1007 2250 1075 bonitate

690 1123 837 1195 tua,
875 1144 909 1181 ιο
941 1140 1082 1186 non
1121 1119 1191 1184 in
1241 1116 1634 1184 austeritate
1675 1115 2002 1184 Mosaica.
2054 1115 2250 1206 Apo-

690 1222 816 1291 cal.
874 1247 1013 1302 x1x,
1045 1225 1128 1292 8:
1169 1226 1435 1291 Datum
1476 1234 1572 1291 est
1617 1224 1735 1291 illi
1782 1234 1860 1291 ut
1908 1223 2253 1315 cooperiat

687 1354 758 1399 se
813 1329 1082 1419 byssino
1118 1330 1508 1422 splendenti
1548 1343 1611 1400 et
1642 1332 1965 1400 candido.
2011 1330 2254 1422 Byssi-

691 1460 859 1505 num
881 1438 1066 1506 enim
1088 1439 1612 1529 justificationes
1634 1447 1797 1507 sunt
1825 1444 2250 1506 sanctorum.

695 1542 899 1612 Mich.
933 1568 1028 1624 v1,
1053 1547 1094 1614 8
1129 1568 1144 1612 :
1178 1545 1510 1614 Indicabo
1542 1545 1696 1627 tibi,
1731 1568 1769 1611 ο
1816 1546 2048 1625 homo,
2083 1542 2258 1635 quid

693 1653 783 1720 sit
814 1652 1092 1733 bonum,
1124 1663 1190 1721 et
1231 1654 1408 1744 quid
1467 1654 1816 1722 Dominus
1872 1654 2181 1744 requirat
2211 1675 2254 1717 a

698 1769 803 1827 te:
848 1760 1097 1851 Utique
1139 1763 1372 1850 facere
1413 1760 1803 1850 judicium,
1851 1769 1916 1827 et
1963 1760 2257 1851 diliqere

698 1868 1265 1948 misericordiam,
1302 1891 1509 1960 quam
1557 1869 1885 1960 praedicat
1932 1867 2258 1959 Evange-

697 1975 826 2044 lica
854 1976 1180 2056 suavitaS,
1216 1974 1467 2046 Christi
1498 1974 1795 2045 bonitas,

792 2329 826 2370 α
885 2303 1370 2395 Multiplicata
1425 2311 1525 2370 est
1579 2323 1789 2393 super
1854 2322 1983 2368 me.
2033 2328 2065 2363 n
2128 2299 2256 2368 Hic

701 2413 999 2495 tertium,
1059 2414 1130 2479 in
1171 2434 1307 2503 quo
1339 2410 1784 2500 subjungitur
1821 2407 2096 2500 petendi
2129 2431 2256 2476 ne-

696 2522 996 2599 cessitas,
1040 2542 1191 2612 quae
1238 2519 1543 2611 tangitur
1589 2516 1868 2609 duplex.
1917 2516 2255 2586 Adversa-

698 2628 952 2697 riorum
984 2626 1488 2718 multiplicatio,
1542 2635 1611 2694 et
1641 2627 1710 2693 in
1751 2648 1851 2709 se,
1897 2634 1963 2692 et
2000 2625 2072 2693 in
2114 2648 2255 2693 ma-

692 2736 859 2804 litia.
906 2734 1250 2818 Secundo,
1296 2757 1675 2803 cousensus
1724 2741 1791 2802 et
1838 2734 2251 2803 coadunatio

693 2844 965 2914 illorum
1004 2853 1242 2914 contra
1308 2867 1406 2923 se,
1453 2843 1572 2923 ibi,
1606 2851 1671 2921 ὰ.
1708 2845 1840 2911 70:
1888 2868 1922 2909 ι
1971 2844 2252 2933 Coaqu-

695 2956 918 3023 latum
966 2963 1086 3023 est.
1132 2981 1167 3017 n

783 3060 866 3129 Et
905 3063 973 3130 in
1008 3061 1310 3152 qualibet
1338 3067 1721 3151 tanguntur
1773 3058 1938 3128 duo.
1987 3058 2247 3144 Primo,

692 3192 968 3238 suarum
1033 3167 1581 3237 adversariorum
1652 3167 1835 3235 mala
1916 3164 2244 3236 conditio.

695 3279 1035 3365 Secundo,
1076 3279 1258 3349 bona
1287 3280 1421 3359 sui,
1485 3279 1607 3364 ibi,
1651 3304 1685 3345 ι
1719 3281 1875 3369 qu
1906 3290 2164 3347 autem.
2213 3304 2246 3344 ι)

779 3387 895 3454 Ait
922 3386 1151 3454 enim:
1198 3384 1313 3453 Sic
1342 3393 1529 3475 pet0,
1581 3393 1649 3453 et
1679 3405 1956 3453 necesse
1995 3382 2244 3463 habeo,

695 3493 854 3584 quia
906 3520 939 3555 «ι
974 3492 1305 3583 iniquitas
1330 3489 1815 3582 superborum,
1843 3517 1874 3554 ιι
1939 3492 2060 3582 qui
2108 3512 2249 3558 non

695 3606 854 3667 sunt
882 3596 1253 3679 humiliati,
1295 3599 1471 3667 sicut
1498 3620 1656 3689 ego,
1703 3625 1734 3663 ι
1771 3597 2251 3689 multiplicata

693 3716 814 3788 est,
850 3731 884 3770 ι
919 3705 1083 3797 ipsis
1120 3703 1616 3796 multiplicatis,
1668 3711 1735 3774 et
1776 3704 1847 3773 in
1886 3726 1985 3788 se,
2046 3710 2115 3773 et
2177 3703 2250 3771 in

692 3818 833 3884 suis
864 3814 1362 3907 iniquitatibus,
1404 3822 1473 3883 et
1503 3814 1574 3881 iu
1630 3813 1927 3883 robore:
1990 3822 2059 3883 et
2086 3810 2246 3893 hoc,

698 3946 732 3987 e
770 3944 976 4014 super
1002 3944 1131 3989 me.
1176 3949 1207 3982 ι
1270 3921 1500 4013 Super
1548 3918 1665 3990 hic
1728 3919 2249 4012 oppressionem

691 4037 907 4107 notat,
941 4026 1008 4095 id
1046 4033 1172 4112 est,
1208 4024 1293 4094 ad
1322 4026 1854 4118 opprimendum
1885 4049 2023 4096 me.
2057 4024 2243 4094 Psal.

693 4159 921 4214 ιιινιιι.
955 4137 1036 4204 5:
1079 4134 1549 4225 Multiplicati
1572 4142 1738 4202 sunt
1775 4156 1987 4227 super
2020 4132 2251 4225 capil-

694 4244 796 4313 los
823 4242 1068 4335 capitis
1104 4242 1263 4319 mei,
1297 4249 1426 4310 etc.
1461 4240 1803 4311 Ezechiel.
1839 4264 1937 4324 ιιι,
1993 4243 2119 4309 12:
2154 4242 2250 4308 Et

694 4351 1063 4443 assumpsit
1122 4371 1230 4418 me
1308 4349 1624 4441 spiritus,
1693 4347 1764 4418 id
1833 4357 1964 4430 est,
2024 4348 2108 4417 ad
2176 4371 2249 4419 se

693 4460 984 4551 sumpsit
1009 4459 1329 4551 spiritus:
1364 4467 1430 4526 et
1483 4457 1732 4526 audivi
1772 4468 1940 4552 post
1977 4481 2085 4526 me
2137 4480 2252 4526 vo·

692 4590 833 4635 cem
860 4564 1333 4634 commotionis
1350 4586 1646 4653 maqnae.
1673 4563 2043 4657 Impuguat
2062 4564 2248 4633 enim

694 4697 877 4754 caro,
908 4673 1265 4764 impugnat
1291 4672 1637 4740 inimicus.
1698 4670 1811 4740 Ad
1860 4670 2114 4764 Ephes.
2149 4694 2244 4753 vx,

701 4784 821 4851 ¹2:
877 4781 1030 4851 Non
1059 4779 1243 4848 enim
1289 4788 1386 4847 est
1451 4778 1648 4848 nobis
1683 4779 2090 4849 colluctatio
2128 4778 2251 4848 ad·

695 4915 924 4962 versus
976 4912 1277 4974 carnem,
1348 4898 1414 4957 et
1470 4891 1915 4983 sanquinem,
1975 4889 2244 4982 supple,

696 5008 989 5078 tantum,
1018 4997 1142 5066 sed
1164 4997 1492 5066 adversus
1524 4998 1903 5090 principes,
1944 5008 2008 5066 et
2051 5008 2252 5091 pote-

699 5117 933 5184 states,
955 5104 1275 5175 etc.Psal.
1303 5126 1398 5182 ιιι,
1415 5105 1456 5170 2
1478 5126 1495 5171 :
1516 5105 1841 5189 Domine,
1875 5105 2053 5197 quid
2071 5104 2254 5172 mul·

697 5217 1001 5309 tiplicati
1027 5225 1189 5283 sunt
1216 5214 1342 5305 qui
1377 5211 1726 5283 tribulant
1755 5237 1866 5283 me
1888 5214 1930 5283 P
1966 5223 2095 5283 etc.
2169 5213 2255 5281 Et

699 5335 770 5396 tu
812 5322 1029 5416 quid?
1069 5324 1273 5415 ‹1qu
1297 5329 1529 5390 autem
1570 5322 1643 5390 in
1675 5332 1817 5390 toto
1861 5322 2063 5390 corde
2106 5343 2251 5388 meo

695 5428 1053 5503 scrutabor
1087 5430 1424 5498 mandata
1453 5439 1606 5500 tua.
1642 5454 1677 5496 ι
1721 5428 1930 5517 Infra,
1961 5430 2035 5498 in
2064 5426 2249 5498 Psal.

698 5560 925 5618 cxvm,
958 5539 1044 5607 92
1070 5558 1088 5605 ε
1119 5538 1279 5606 Nisi
1313 5538 1508 5629 quod
1562 5538 1677 5607 lea:
1730 5546 1855 5606 tua
1892 5535 2254 5605 meditatio

701 5673 853 5721 mea
887 5655 1011 5734 est,
1042 5654 1205 5715 tunc
1227 5645 1433 5737 sorte,
1468 5653 1600 5715 etc.
1641 5643 1748 5714 lbi
1777 5646 1962 5716 enim
1991 5645 2256 5715 invenit

1684 304 1771 373 D.
1822 304 2026 371 ALB.
2077 304 2295 372 MAG.
2352 301 2554 370 ORD.
2607 297 2899 366 PRAED.

2347 474 2555 541 homo
2596 473 2799 540 finem
2827 471 3080 538 laboris
3135 469 3264 548 sui,
3318 476 3384 536 et
3455 468 3783 548 fructum,
3818 485 3883 531 et

2347 581 2631 646 sustinet
2660 580 3012 667 patienter.
3056 576 3081 643 l
3114 576 3292 643 Petr.
3331 598 3375 654 1,
3410 576 3448 642 9
3482 583 3548 640 et
3582 576 3702 642 10:
3747 574 3886 639 Re-

2343 694 2695 776 portantcs
2747 685 2964 772 finem,
3007 684 3173 772 fidei
3253 692 3509 765 vestrae,
3585 681 3885 746 salutem

2352 795 2767 860 animarum.
2812 795 2915 859 De
2948 815 3086 882 qua
3113 792 3337 859 salute
3385 789 3881 880 exquisierunt,

2351 913 2555 991 atque
2593 902 2881 968 scrutati
2931 910 3094 967 sunt
3139 899 3516 990 Prophetae.
3570 896 3656 963 Et
3720 917 3885 983 pro-

2352 1018 2500 1099 pter
2590 1007 2718 1075 hoc
2807 1008 3072 1086 dicitur,
3154 1005 3334 1074 Psal.
3414 1027 3596 1083 xcui,
3700 1004 3778 1068 12
3867 1025 3882 1068 ;

2354 1118 2611 1182 Beatus
2672 1116 2872 1183 homo
2931 1138 3129 1206 quem
3186 1124 3261 1182 tu
3316 1113 3672 1192 erudieriS,
3756 1114 3891 1178 Do-

2355 1225 2558 1301 mine,
2593 1233 2656 1289 et
2694 1222 2775 1290 de
2831 1223 2979 1314 leqe
3041 1233 3162 1290 tua
3219 1222 3524 1290 docueris
3580 1243 3759 1288 eum.
3807 1219 3892 1286 Et

2356 1331 2688 1411 subditur,
2722 1337 2782 1406 ὲ.
2827 1332 2946 1399 13;
3016 1332 3104 1398 Ut
3151 1332 3419 1420 mitiqes
3477 1330 3539 1396 ei
3579 1353 3621 1394 a
3653 1326 3892 1395 diebus

2358 1438 2588 1505 malt'S.

2453 1779 2484 1817 c
2523 1752 2986 1844 Coaqiaelatunt
3043 1764 3161 1822 est.
3202 1779 3234 1819 x·
3297 1754 3421 1821 llic
3485 1753 3884 1834 secundum,

2361 1862 2544 1953 quod
2571 1862 2726 1929 facit
2763 1862 2846 1929 ad
2894 1863 3386 1941 necessitatem,
3449 1861 3632 1952 quod
3671 1864 3890 1952 tangit

2361 1970 2531 2038 sicut
2560 1969 2812 2038 dictum
2844 1979 2967 2049 est,
3016 1971 3391 2061 adjungens
3428 1971 3888 2040 conditionem

2363 2078 2612 2148 bonam
2644 2088 2973 2171 quantum
3003 2080 3089 2149 ad
3125 2101 3223 2150 se.

2447 2188 2563 2256 Ait
2600 2189 2782 2257 enim
2818 2212 2833 2256 ε
2915 2186 3028 2257 Sic
3092 2187 3514 2279 multiplicati
3583 2196 3765 2268 sunt,
3828 2195 3895 2256 et

2360 2296 2563 2363 etiam
2597 2322 2630 2361 ι
2663 2319 2777 2363 cor
2819 2318 3078 2376 eorum,
3122 2324 3157 2360 n
3198 2295 3612 2366 malitiosum
3654 2305 3891 2364 contra

2361 2425 2493 2482 me,
2541 2428 2574 2469 α
2615 2403 3060 2494 coaqulatum
3098 2414 3193 2472 est
3222 2427 3245 2471 .·
3268 2429 3303 2470 ι
3335 2412 3402 2472 et
3436 2402 3593 2483 hoc,
3657 2431 3688 2469 ι
3715 2405 3894 2470 sicut

2362 2516 2492 2595 lac,
2531 2541 2563 2581 x·
2606 2516 2787 2607 quod
2839 2517 3024 2607 prius
3079 2517 3557 2607 corrumpitur,
3608 2538 3896 2605 corrup-

2359 2632 2503 2690 tum
2533 2621 2968 2714 coagulatur:
3003 2625 3097 2692 sic
3135 2632 3200 2693 et
3226 2625 3430 2693 corda
3467 2647 3589 2691 sua
3620 2626 3807 2713 prius
3825 2624 3893 2689 in

2359 2733 2594 2822 seipsis
2632 2741 2971 2824 corrupta,
3010 2733 3251 2802 deinde
3289 2739 3523 2802 contra
3554 2754 3662 2799 me
3722 2733 3895 2799 fiunt

2356 2842 2570 2918 unita,
2604 2849 2673 2909 et
2699 2842 3238 2933 unumquodque
3267 2865 3339 2910 se
3369 2844 3438 2910 in
3470 2864 3542 2910 se
3570 2840 3897 2931 colligen-

2357 2949 2469 3027 do,
2513 2959 2579 3017 et
2605 2952 2824 3040 seipsa
2873 2950 2960 3017 ad
3017 2951 3306 3019 invicem
3344 2948 3667 3018 uniendo.
3714 2948 3893 3016 Boni

2356 3057 2537 3125 enim
2576 3055 2829 3126 habent
2863 3057 3068 3126 corda
3097 3056 3357 3139 mollia,
3391 3066 3457 3127 et
3484 3056 3888 3136 tractabilia,

2352 3164 2509 3249 Job,
2552 3190 2741 3245 xxm,
2791 3168 2870 3234 1ss
2901 3189 2918 3238 ε
2950 3170 3136 3236 Deus
3164 3167 3467 3237 mollivit
3491 3191 3606 3237 cor
3634 3189 3886 3236 meum.

2360 3273 2495 3343 Sed
2534 3274 2690 3343 mali
2720 3275 2889 3343 dura
2915 3285 2983 3345 et
3010 3276 3391 3368 coagulata,
3424 3275 3758 3345 Ezechiel.
3815 3299 3886 3357 ιι,

2358 3384 2396 3451 3
2417 3392 2482 3452 et
2503 3384 2542 3450 4
2569 3406 2585 3452 ε
2611 3386 2851 3453 Patres
2869 3407 3101 3453 eorum
3116 3387 3556 3477 praevaricati
3580 3394 3745 3454 sunt
3766 3409 3894 3477 pa·

2352 3499 2536 3558 ctum
2566 3513 2816 3575 meum,
2849 3491 3102 3561 scilicet
3129 3492 3347 3584 legem
3377 3514 3627 3572 meam,
3679 3514 3895 3583 usque

2354 3599 2452 3667 ad
2469 3599 2647 3668 diem
2674 3601 2850 3669 hanc
2869 3624 2892 3669 .·
2922 3611 2985 3669 et
3008 3601 3152 3691 filii
3178 3602 3354 3670 dura
3380 3604 3563 3692 facie
3599 3612 3663 3670 et
3692 3601 3892 3670 iudo·

2353 3708 2601 3776 mobili
2626 3710 2824 3777 corde
2856 3720 3041 3780 sunt.
3089 3710 3249 3790 Job,
3309 3733 3595 3792 xxxviii,
3646 3711 3892 3779 30:121

2352 3816 2881 3885 similitudinem
2945 3817 3202 3911 lapidis
3257 3841 3452 3910 aqua!
3518 3819 3887 3887 durantur.

2350 3922 2603 3992 Jerem.
2637 3946 2706 4002 ν,
2771 3926 2853 3994 3;
2903 3925 3412 3994 Induraverunt
3463 3927 3681 4015 facies
3725 3948 3893 3994 suas

2348 4053 2562 4123 supra
2583 4042 2883 4123 petram.
2925 4032 3011 4101 Et
3037 4039 3110 4101 tu
3139 4032 3302 4124 quid
3321 4034 3356 4102 2
3378 4058 3412 4099 ι
3435 4035 3590 4124 qu
3617 4057 3773 4102 vero
3795 4033 3889 4102 le·

2348 4159 2501 4228 qem
2533 4148 2725 4206 tuam
2751 4138 3121 4208 meditatus
3144 4162 3323 4208 sum.
3346 4164 3378 4204 s
3411 4139 3496 4207 Et
3525 4140 3596 4208 in
3617 4139 3734 4208 illa
3755 4162 3895 4208 me·

2354 4243 2680 4314 ditatione
2733 4245 3222 4315 accendebatur
3276 4247 3452 4338 ignis
3510 4247 3784 4316 divinus
3821 4247 3895 4316 in

2353 4352 2580 4423 corde.
2625 4350 2700 4421 lu
2732 4351 2911 4423 Psal.
2942 4375 3227 4434 xxxviii,
3260 4354 3328 4440 4,
3370 4376 3615 4447 supra:
3677 4356 3775 4423 Et
3821 4356 3896 4423 in

2356 4460 2795 4530 meditatione
2866 4483 3016 4530 mea
3081 4461 3466 4532 exardescet
3539 4465 3749 4555 iqnis.
3808 4461 3895 4532 Et

2357 4576 2515 4637 tunc
2552 4568 2778 4637 anima
2813 4590 2969 4637 mea
3023 4590 3161 4637 non
3217 4567 3556 4649 indurata,
3626 4569 3746 4638 sed
3803 4569 3898 4638 li-

2355 4675 2661 4767 quefacta
2724 4683 2847 4744 est.
2909 4676 3164 4746 Cantic.
3210 4699 3280 4763 v,
3311 4678 3403 4745 ti:
3447 4678 3702 4746 Anima
3739 4699 3893 4748 mea

2358 4783 2733 4874 liquefacta
2777 4792 2898 4867 est,
2959 4793 3035 4853 ut
3100 4784 3365 4852 locutus
3429 4795 3551 4871 est,
3601 4784 3890 4855 dilectus

2356 4888 2609 4959 scilicet
2654 4888 2740 4958 ad
2803 4912 2913 4958 me
2976 4912 3100 4981 per
3162 4889 3569 4982 Scripturas.
3630 4891 3889 4961 Jerem.

2356 5021 2548 5082 xxm,
2580 4999 2706 5065 29:
2738 4997 3101 5088 Numquid
3150 5021 3286 5066 non
3314 4997 3515 5067 verba
3544 5022 3695 5067 mea
3733 5009 3897 5069 sunt

2356 5106 2557 5197 quasi
2611 5105 2816 5196 iqnis,
2881 5103 3132 5175 scilicet
3183 5105 3270 5174 ad
3323 5106 3893 5198 liquefaciendum

2357 5213 2678 5296 animam,
2712 5222 2777 5279 et
2801 5213 3005 5303 quasi
3031 5213 3347 5294 malleus,
3398 5223 3739 5281 conterens
3770 5237 3899 5306 pe-

2360 5328 2566 5403 tram,
2595 5319 2680 5387 ad
2701 5321 3185 5390 conterendum
3209 5320 3447 5409 ipsam,
3474 5329 3549 5389 ut
3590 5323 3788 5391 citius
3819 5323 3900 5391 li-

2361 5428 2655 5519 quefiat?

4010 1802 4134 1867 10
