5008 6329
913 3401 1023 3468 n

1969 196 2676 267 COMMENTARIUS
2728 198 2821 265 IN
2867 197 3301 267 PSALMUM
3352 196 3526 267 CVI.

1151 367 1393 445 cund0,
1458 391 1497 435 a
1564 367 1792 439 labore
1879 394 1993 440 eos
2069 371 2495 446 humiliante,
2561 370 2679 447 ibi,

1150 485 1209 552 >⁸³-
1263 478 1335 542 17
1375 501 1388 544 :
1430 504 1465 539 «
1499 478 1809 571 Suscepit
1848 505 1978 549 eOS.
2020 506 2051 546 ιι

1237 585 1310 651 ln
1353 587 1576 676 prima
1625 588 1786 656 duo.
1848 590 2105 669 Primo,
2166 597 2519 678 portarum
2581 587 2697 653 de·

1149 695 1452 775 structi0,
1488 696 1734 786 quihus
1764 696 2186 764 tenebantur.
2227 693 2695 772 Secundo,ve·

1147 802 1358 869 etium
1427 803 1678 893 quibus
1707 811 1917 894 portae
1959 802 2539 884 sustentabantur,
2576 803 2691 882 ibi,

1151 935 1182 974 «
1219 913 1315 978 Ee
1349 921 1587 979 vectes,
1626 934 1657 974 ι

1232 1018 1411 1084 Dicit
1450 1038 1664 1106 ergo:
1748 1015 1861 1086 Sic
1918 1017 2391 1100 confiteantur,
2456 1028 2523 1086 et
2585 1018 2692 1086 di-

1143 1146 1352 1213 gnum
1414 1133 1517 1192 est
1575 1151 1607 1190 α
1677 1128 1868 1218 quia,
1929 1153 1963 1189 n
2016 1126 2281 1217 supple,
2349 1126 2693 1194 Dominus

1146 1257 1177 1296 «
1210 1234 1535 1302 contrivit
1555 1246 1797 1326 portas
1829 1258 2064 1315 oereas,
2116 1259 2148 1298 n
2210 1233 2456 1325 quibus
2499 1245 2698 1303 tene-

1144 1340 1388 1407 bantur
1435 1342 1672 1420 clausi‚
1711 1368 1743 1407 α
1777 1352 1842 1410 et
1894 1343 2230 1431 confreqit
2287 1352 2494 1409 vectes
2548 1344 2696 1430 fer-

1139 1471 1308 1527 reos,
1347 1475 1379 1510 n
1453 1450 1701 1540 quibus
1767 1458 1980 1540 portae
2033 1448 2482 1517 vehebantur.
2559 1448 2689 1516 lsa.

1137 1580 1290 1636 xw,
1325 1559 1366 1623 2
1403 1578 1418 1622 :
1458 1559 1708 1625 Portas
1734 1581 1943 1625 “ereas
1988 1568 2356 1639 conteram,
2390 1567 2454 1624 et
2483 1568 2693 1625 vectes

1135 1667 1394 1754 ferreos
1422 1668 1887 1756 confrinqam.
1921 1664 2000 1733 In
2032 1666 2294 1747 eodem,
2329 1688 2514 1743 xmu,
2557 1667 2635 1732 14
2672 1689 2686 1732 :

1133 1774 1433 1841 Detraxi
1498 1785 1708 1842 vectes
1773 1776 2141 1850 universos,
2202 1784 2267 1841 et
2329 1774 2693 1843 Chaldaeos

1136 1882 1205 1947 iu
1246 1880 1543 1950 navibus
1596 1883 1742 1950 suis
1790 1882 2195 1972 ylen-lantes,
2263 1881 2397 1948 Per
2459 1891 2692 1972 portas

1133 2011 1368 2069 aereas,
1414 1989 1943 2058 consuetudines
1980 1992 2309 2057 vitiorum
2357 2013 2371 2055 :
2418 2013 2541 2080 per
2570 2013 2693 2058 ve-

1138 2106 1277 2164 ctes
1309 2097 1589 2180 ferreoS,
1633 2107 1698 2166 et
1727 2098 2152 2167 defensiones
2193 2107 2256 2164 et
2304 2100 2686 2167 excusatio·

1139 2223 1279 2273 nes.
1344 2203 1790 2274 Cassiodorus
1845 2229 1861 2273 τ
1914 2234 1947 2270 α
2002 2204 2223 2274 Portae
2282 2228 2475 2273 zereae
2532 2215 2689 2275 sunt

1139 2339 1172 2376 α
1213 2314 1743 2381 consuetudines
1783 2322 2211 2405 peccatorum
2245 2315 2532 2390 vitiosae,
2564 2337 2691 2382 ve-

1144 2450 1176 2483 «
1204 2432 1345 2489 ctes
1383 2421 1610 2500 ferrei,
1652 2423 1927 2512 spiritus
1960 2421 2320 2499 immundi.
2374 2424 2490 2515 qui
2534 2422 2687 2490 illas

1145 2561 1175 2592 α
1220 2531 1472 2619 J‘anuas
1538 2538 1994 2622 peccatorum,
2067 2553 2149 2598 ne
2233 2529 2688 2598 circumdatos

1139 2669 1171 2703 α
1206 2641 1390 2707 exire
1421 2639 1646 2718 liceat,
1691 2638 2009 2708 obserare
2061 2641 2392 2707 nituntur.
2440 2668 2471 2701 υ
2550 2638 2687 2707 Sed

1139 2747 1475 2814 Dominus
1503 2756 1723 2814 totum
1773 2747 2080 2816 destruit.
2110 2746 2364 2815 Jerem.
2401 2769 2487 2823 ιι,
2537 2747 2621 2814 30
2666 2771 2682 2816 :

1134 2857 1557 2924 Deum-atam
1605 2863 1702 2920 est
1727 2852 1938 2921 robur
1992 2876 2338 2923 εονιιηιι...
2407 2855 2687 2922 contriti

1130 2973 1295 3032 sem!
1348 2971 1562 3031 vectes
1606 2961 1785 3051 ejus.
1827 2962 2070 3044 Amos,
2098 2983 2145 3042 1,
2178 2964 2219 3029 5
2263 2984 2279 3028 :
2318 2963 2681 3032 Conteram

1135 3080 1382 3140 vectem
1408 3070 1765 3139 Damasci.

1229 3420 1264 3462 ι
1296 3395 1613 3487 Suscepit
1647 3416 1757 3462 eos
1779 3392 1863 3462 de
1879 3394 2017 3462 via.
2055 3422 2088 3456 »ι
2123 3393 2249 3463 llic
2276 3394 2679 3477 secundum,

1137 3526 1175 3571 a
1231 3524 1372 3594 quo
1423 3508 1588 3569 sunt
1629 3500 1916 3579 liberati,
1984 3502 2143 3592 quia
2187 3523 2227 3568 a
2275 3500 2509 3572 labore
2564 3527 2684 3575 eos

1139 3611 1567 3681 humiliante.
1612 3609 1694 3678 Et
1722 3609 2038 3679 dicuntur
2063 3609 2223 3678 duo.
2274 3609 2538 3695 Primo,
2595 3613 2686 3683 li-

1136 3719 1421 3788 beratio.
1468 3716 1808 3795 Secundo,
1843 3717 2017 3785 ratio
2047 3739 2258 3809 quare
2285 3729 2478 3789 erant
2508 3721 2684 3790 arni-

1136 3830 1223 3898 cti
1255 3827 1515 3905 laboro,
1549 3827 1842 3909 additur,
1912 3825 2039 3906 ibi,
2076 3854 2110 3891 α
2144 3828 2440 3921 Propter
2485 3830 2687 3921 inju-

1135 3936 1390 4004 stitias.
1426 3961 1464 3998 ιο

1223 4041 1403 4112 Dicit
1439 4063 1607 4133 ergo
1651 4062 1667 4108 z
1723 4039 1837 4109 Sic
1893 4039 2205 4109 liberavit
2257 4041 2340 4111 de
2387 4065 2681 4126 carcere,

1135 4161 1200 4221 et
1229 4152 1437 4220 etiam
1481 4174 1516 4216 ι
1546 4149 1842 4241 suscepit
1876 4170 2011 4227 eos,
2072 4174 2107 4214 ι
2158 4171 2429 4218 sursum
2470 4151 2558 4221 ad
2610 4177 2683 4222 se

1135 4260 1337 4351 cepit,
1373 4281 1410 4325 ι
1443 4257 1530 4326 de
1555 4257 1697 4335 via,
1737 4283 1769 4317 ι
1815 4257 1977 4348 quia
2008 4254 2195 4325 ibant
2249 4255 2336 4325 ad
2410 4256 2683 4329 labores

1135 4377 1277 4437 tota
1312 4367 1449 4451 die,
1489 4364 1627 4448 via,
1688 4363 1993 4455 inquam,
2032 4392 2065 4430 α
2127 4365 2520 4456 iniquitatis
2569 4391 2688 4436 eo·

1134 4498 1315 4554 rum,
1353 4501 1388 4537 n
1418 4473 1530 4543 vel
1579 4475 1741 4565 quia
1781 4473 2092 4564 nequiter
2143 4480 2209 4541 et
2277 4474 2427 4543 irati
2496 4476 2681 4547 ibant

1135 4585 1219 4654 ad
1278 4583 1576 4668 labores,
1646 4580 1754 4650 vel
1815 4582 1974 4673 quia
2037 4582 2358 4674 iniquitas
2442 4605 2680 4654 eorum

1137 4690 1312 4761 hanc
1339 4690 1525 4758 viam
1556 4697 1919 4765 meruerat,
1952 4690 2125 4757 sicut
2157 4689 2394 4780 probat
2448 4695 2679 4761 statim

1136 4799 1360 4869 littera
1387 4817 1711 4888 sequens.
1769 4793 1993 4864 Exod.
2026 4817 2096 4879 v,
2135 4797 2210 4864 17
2252 4805 2320 4865 et
2365 4798 2443 4866 ¹8
2488 4819 2507 4867 τ
2545 4799 2685 4882 Qui

1135 4910 1261 4989 ait,
1302 4905 1561 4977 scilicet
1596 4901 1867 4973 Pharao
1902 4924 1918 4971 ε
1965 4903 2230 4973 Vacatis
2256 4907 2420 4983 otio,
2480 4916 2547 4974 ee
2584 4907 2684 4976 id·

1135 5018 1310 5087 circo
1365 5013 1597 5084 dicitis
1626 5036 1650 5081 .·
1678 5014 1969 5095 Eamus,
2018 5012 2087 5080 in
2144 5012 2485 5082 desertum
2545 5016 2684 5084 sci-

1138 5122 1323 5204 licet,
1377 5131 1444 5191 et
1499 5119 1965 5209 sacrificemus
2010 5119 2335 5189 Domino.
2395 5122 2502 5190 Ite
2572 5147 2684 5190 er-

1137 5256 1247 5326 qo,
1301 5241 1366 5301 el
1389 5231 1830 5325 operamini:
1867 5226 2093 5322 palea!
2127 5252 2262 5298 non
2326 5229 2682 5301 dabuntur

1142 5341 1350 5427 vobis,
1415 5351 1482 5409 et
1517 5338 1812 5409 reddetis
1865 5348 2256 5408 consuetum
2316 5362 2678 5410 numeram

1217 5580 1235 5614 ⁸
1261 5573 1349 5634 ct.
1378 5573 1518 5631 Luc.
1547 5587 1645 5642 xv,
1671 5573 1742 5628 22
1763 5577 1828 5630 et
1855 5589 1983 5646 seq.

4239 204 4359 269 117

2814 371 3132 438 laterum.
3152 399 3186 432 «
3212 375 3507 461 Propter
3527 374 3596 438 in
3590 371 3921 460 justitias
3944 374 4155 449 enim,
4181 381 4350 439 etc.»

2811 475 2935 544 Vel
2965 480 3059 545 sic
3093 504 3108 545 ι
3147 477 3463 568 Suscepit
3520 502 3638 547 eos
3687 480 3769 546 de
3820 481 3932 547 via
3992 479 4245 547 laboris
4295 480 4360 545 ἰιι

2808 607 2939 671 qua
2969 593 3160 651 erant
3186 594 3462 675 propter
3490 570 3921 676 iniquitatem
3959 609 3973 653 :
4022 614 4056 648 a
4091 588 4295 662 enim,
4326 614 4356 644 υ

2807 694 2963 782 quia
2998 718 3030 757 α
3057 704 3340 785 propter
3368 695 3758 784 injustitias
3795 719 3959 763 suas
3998 695 4362 762 humiliati

2803 810 2986 884 sunt,
3057 831 3088 862 n
3154 803 3459 870 vilificati
3524 802 3782 871 scilicet
3817 803 4167 893 etdejecti.
4216 803 4362 868 Ba-

2807 908 2995 993 ruch,
3030 933 3101 990 11,
3146 913 3229 979 5:
3275 913 3479 979 Facti
3514 935 3761 979 sumus
3784 911 4055 990 subtus,
4118 922 4181 979 et
4222 935 4357 978 non

2801 1039 3037 1109 supra,
3097 1020 3266 1109 quia
3330 1022 3773 1110 peccavimus
3842 1021 4143 1088 Domino
4215 1022 4355 1088 Deo

2802 1135 3053 1192 nostro,

2891 1231 3348 1323 spiritualiter
3387 1236 3705 1305 laborant
3737 1236 3967 1304 miseri
4010 1237 4080 1303 in
4113 1257 4357 1325 pecea-

2805 1343 2903 1407 tis.
2942 1340 3195 1410 Jerem.
3230 1366 3325 1422 lx,
3372 1345 3410 1411 ὃ
3452 1367 3464 1409 :
3503 1345 3590 1411 Ul
3623 1346 3858 1433 inique
3914 1353 4219 1434 aqerent,
4260 1343 4359 1409 la·

2803 1446 3232 1518 boraverunl.
3271 1448 3619 1517 Laborant
3651 1451 3719 1517 in
3761 1451 3971 1517 variis
4028 1460 4094 1517 et
4125 1473 4360 1541 super·

2802 1556 2952 1622 ssuis
2980 1558 3203 1625 rebus.
3243 1555 3549 1649 Sapient.
3597 1582 3697 1637 ιιι,
3769 1560 3841 1625 11
3884 1581 3898 1624 :
3980 1559 4206 1626 Vacua
4263 1569 4357 1624 est

2797 1687 2944 1755 spes
2983 1664 3296 1742 illorum,
3339 1678 3405 1732 et
3435 1666 3705 1734 labores
3738 1668 3890 1733 sine
3937 1671 4200 1756 sraela.
4271 1665 4356 1732 Et

2802 1783 3028 1841 tamen
3053 1774 3106 1839 si
3160 1773 3405 1841 volunt
3467 1775 3763 1843 clamare
3832 1781 3899 1844 et
3968 1775 4211 1842 reverti
4267 1774 4351 1842 ad

2801 1883 3197 1967 Dominum,
3243 1882 3533 1951 libenter
3562 1884 3848 1975 suscipit
3878 1882 4059 1962 illos,
4092 1882 4346 1951 Jerem.

2797 2011 2890 2067 ιιι,
2941 1989 2963 2054 1
3013 2011 3028 2055 z
3074 1989 3171 2055 Tu
3199 1989 3552 2078 fornicata
3582 2014 3650 2059 es
3706 2013 3864 2059 cum
3923 1988 4354 2057 amatoribus

2795 2093 3035 2159 midlis
3066 2116 3089 2160 .·
3141 2103 3369 2160 tamen
3419 2105 3749 2162 revertere
3819 2094 3918 2162 ad
3970 2118 4101 2175 me,
4181 2095 4347 2161 dici!

2794 2203 3160 2278 Dominus,
3205 2212 3268 2270 et
3297 2227 3420 2292 eqo
3449 2206 3826 2295 suscipiam
3887 2215 3951 2272 le
3983 2228 4005 2272 .·
4064 2213 4131 2272 et
4188 2227 4351 2293 gra-

2794 2320 3014 2379 tanter
3087 2310 3308 2390 valde,
3391 2322 3457 2380 et
3534 2311 3872 2390 laetanter,
3929 2315 4103 2378 sicut
4164 2321 4353 2402 pater

2794 2419 3007 2487 tilium
3041 2420 3405 2511 prodigum
3459 2423 3759 2512 suscepit
3802 2421 3846 2488 ¹.
3922 2421 4164 2489 Ezecb.
4228 2444 4344 2498 xx,

2805 2530 2866 2595 il
2906 2551 2921 2596 :
2958 2529 3035 2596 In
3066 2528 3340 2596 odorem
3379 2532 3755 2597 suavitatis
3799 2531 4171 2620 suscipiam
4208 2554 4345 2606 vos,

2790 2658 2943 2703 cam
2982 2637 3280 2705 eduxero
3313 2660 3429 2703 vos
3457 2636 3544 2705 de
3562 2636 3953 2729 populis.el
3980 2659 4348 2726 conqreqa-

2790 2767 2945 2811 vero
2982 2766 3097 2810 vos
3135 2743 3220 2810 de
3238 2745 3440 2812 terris
3481 2745 3551 2811 in
3599 2767 3777 2836 qaas
3819 2745 4111 2836 dispersi
4160 2748 4341 2813 estis.

2793 2847 2871 2917 ln
2901 2847 3031 2917 boc
3057 2851 3263 2917 etiam
3295 2858 3528 2918 monet
3569 2872 3698 2918 nos
3748 2862 4137 2942 peccatores
4213 2875 4350 2919 non

2792 2966 3253 3040 contemnere,
3295 2957 3415 3025 sed
3454 2960 3824 3048 suscipere.
3893 2959 3999 3025 Ad
4051 2957 4344 3026 Roman.

2791 3090 2906 3150 xv,
2941 3068 2978 3134 7
3025 3091 3041 3135 ε
3083 3067 3429 3159 suscipite
3468 3069 3783 3148 invicem,
3824 3069 4007 3137 sicut
4034 3077 4100 3136 e!
4159 3068 4345 3137 Cleri·

2788 3187 2935 3246 stus
2955 3178 3252 3270 suscepit
3289 3198 3434 3246 vos.

2888 3541 2919 3573 α
2956 3510 3241 3581 Omnem
3270 3534 3517 3579 escam.
3564 3538 3598 3573 a
3633 3509 3763 3579 Hic
3801 3509 4176 3580 secundum
4239 3521 4344 3577 to-

2792 3623 2924 3689 tius
2955 3619 3136 3688 illius
3165 3622 3403 3711 partis,
3439 3620 3509 3687 in
3539 3642 3676 3712 qua
3715 3621 3855 3711 agit
3886 3619 3969 3688 de
4011 3620 4342 3688 beneficio

2788 3726 3095 3796 exhibito
3133 3725 3585 3796 existentibus
3626 3727 3696 3795 in
3737 3729 3886 3819 ipsa
3960 3728 4338 3820 Babylone.

2788 3836 2986 3904 Dicto
3013 3836 3197 3904 enim
3237 3833 3321 3903 de
3366 3834 3704 3905 beneficio
3783 3836 4219 3905 incarceratis
4276 3840 4344 3906 in

2791 3944 2903 4013 illa
2957 3943 3289 4022 exhibito,
3351 3943 3464 4014 hic
3527 3945 3834 4015 secundo
3892 3945 3975 4014 de
4041 3945 4347 4014 exhibitu

2793 4077 2927 4123 non
2961 4055 3433 4122 incarceratis:
3471 4054 3542 4121 in
3598 4075 3740 4145 quo
3797 4052 4122 4121 dicuntur
4175 4055 4347 4121 sicut

2793 4165 2860 4231 in
2893 4160 3299 4252 praecedenti
3327 4170 3648 4252 quatuor.
3703 4160 3968 4241 Prim0,
4036 4163 4343 4253 ipsorum

2791 4294 3013 4363 pmna.
3086 4269 3434 4355 Secundo,
3529 4269 3944 4362 supplicatio
4041 4294 4166 4361 pro
4233 4270 4348 4338 illa

2788 4376 3193 4456 amovenda,
3229 4376 3350 4456 ibi,
3380 4383 3449 4454 5.
3487 4379 3570 4445 19
3601 4399 3618 4445 :
3652 4379 3751 4445 Ee
3777 4376 4281 4448 clamaverunt.
4314 4406 4344 4438 υ

2784 4487 3033 4564 Tertio,
3064 4484 3378 4555 liberatio
3408 4483 3685 4553 illorum
3717 4484 3805 4553 ab
3848 4507 3955 4566 ea,
3990 4485 4111 4566 ibi,
4170 4516 4204 4550 ιι
4256 4490 4351 4555 Ee

2787 4595 2870 4661 de
2905 4592 3437 4663 necessitatibus.
3481 4588 3776 4674 Quarto,
3820 4594 4202 4663 admonitio
4259 4596 4340 4663 de

2785 4704 3158 4793 gratiarum
3203 4701 3472 4770 actione
3517 4723 3646 4792 pro
3705 4700 3847 4780 illa,
3908 4700 4340 4785 liberatione,

2788 4811 2903 4891 ibi,
2933 4817 2998 4888 5.
3032 4812 3108 4878 21
3154 4832 3171 4877 :
3215 4832 3251 4874 ι
3287 4809 3768 4899 Confiteantur
3802 4809 4129 4877 Domino.
4173 4839 4206 4870 »ι

2875 4919 2951 4988 ln
2982 4919 3201 5010 prima
3238 4916 3377 4987 duo
3407 4914 3788 4987 secundum
3830 4914 4172 5007 duplicem
4204 4918 4343 4985 mi-

2785 5027 3058 5111 seriam,
3091 5025 3163 5093 in
3190 5047 3329 5118 qua
3358 5032 3578 5095 erant.
3621 5024 3857 5091 Altera
3889 5023 4199 5104 interior,
4250 5025 4342 5092 ci-

2788 5136 2852 5203 bi
2911 5133 3358 5218 abominatio,
3454 5130 3642 5225 quod
3700 5143 3802 5201 est
3879 5132 4215 5201 interius:
4279 5145 4346 5203 et

2787 5240 3091 5312 mortalis
3121 5242 3428 5320 afflictio,
3463 5239 3649 5331 quod
3679 5249 3781 5308 est
3823 5240 4082 5310 malum
4153 5250 4343 5309 exte·

2790 5353 2950 5429 riuS,
2983 5349 3103 5430 ibi,
3140 5377 3175 5412 α
3208 5351 3305 5418 Et
3333 5349 4090 5441 appropinquaverunt.
4132 5375 4163 5413 n

4462 3528 4587 3595 18
