5008 6329
703 334 830 402 374

1678 321 1764 388 D.
1817 317 2017 384 ALB.
2069 310 2292 380 MAG.
2348 310 2551 379 ORD.
2604 312 2907 382 PRAED.

697 506 810 591 do,
874 529 914 573 a
989 498 1361 570 remotione
1413 489 1603 567 mali,
1646 488 1765 567 ibi,
1812 511 1846 552 α
1879 487 2036 554 Non
2074 505 2243 551 con·
2352 483 2561 571 pient.
2599 504 2689 560 vt,
2730 484 2804 547 11
2837 502 2852 548 ε
2892 481 3028 565 Qui
3056 477 3422 545 didicerint
3454 477 3612 560 ista,
3645 475 3902 544 scilicet

695 613 1051 706 fundetur.
1090 632 1123 668 »

2345 590 2532 680 justa
2570 588 2680 658 vel
2701 588 3066 679 justitiam,
3126 585 3467 653 invenient
3541 584 3715 675 quid
3798 606 3905 649 re-

784 717 964 787 Dicit
1001 732 1198 802 ergo:
1237 708 1351 775 Sic
1388 705 1659 775 dabitur
1698 702 2058 773 haereditas
2087 704 2247 790 post
2352 700 2759 792 spondeant.
2790 696 2997 766 Eccli.
3031 719 3102 780 v,
3140 696 3263 763 15:
3317 694 3556 762 Honor
3585 701 3648 758 et
3673 691 3904 781 qloria

702 844 1021 895 somnum
1055 818 1215 886 satis
1245 814 1594 893 velociter,
1628 821 1695 882 et
1742 822 1905 880 tuno
1937 838 1970 874 «
2007 808 2247 875 beatus

702 934 832 1011 vir,
878 956 912 993 n
955 928 1061 997 cui
1093 925 1236 994 haec
1262 923 1616 992 haereditas
1639 920 1934 997 dabitur,
1969 944 2001 977 «
2032 914 2180 1005 qui,
2209 936 2243 977 »

704 1041 771 1108 id
801 1047 925 1123 est,
968 1037 1126 1129 quia
1182 1034 1295 1102 illa
1364 1060 1397 1095 «
1465 1028 1778 1119 implevit
1830 1022 2248 1092 desiderium

701 1169 932 1231 suum,
977 1170 1011 1211 »
1044 1152 1111 1212 et
1139 1141 1292 1218 hoc,
1329 1162 1363 1203 α
1387 1159 1473 1204 ex
1512 1135 1700 1225 ipsis,
1746 1158 1780 1194 n
1824 1130 1893 1198 id
1959 1135 2086 1204 est,
2128 1148 2254 1217 per

703 1257 887 1346 ipsos
946 1248 1456 1318 Praedioatores.
1535 1239 1687 1316 Vel,
1755 1263 1787 1303 α
1832 1260 1917 1304 ecc
1970 1234 2168 1326 ipsis,
2213 1258 2248 1295 n

700 1361 901 1430 bonis
966 1379 1006 1425 a
1069 1349 1638 1422 Praedioatoribus
1714 1344 2070 1421 nuntiatis,
2132 1339 2252 1431 qui

706 1475 863 1537 sunt
902 1467 1188 1557 sagittae.
1247 1459 1429 1528 Psal.
1500 1481 1611 1536 cn,
1682 1457 1750 1538 5,
1809 1472 2064 1543 supra:
2117 1448 2256 1534 Qui

704 1574 921 1667 replet
942 1576 1013 1640 in
1044 1571 1234 1639 bonis
1264 1566 1680 1635 desiderium
1711 1572 1935 1630 tuum.
1957 1554 2169 1625 Ecoli.
2203 1577 2249 1631 1,

714 1683 837 1750 20:
882 1675 1255 1748 Plenitudo
1309 1697 1352 1741 α
1405 1668 1752 1762 fructibus
1815 1665 2040 1732 illius.
2121 1661 2257 1729 Per

712 1787 845 1857 hoo
881 1786 1062 1855 enim
1102 1780 1282 1874 quod
1313 1777 1598 1847 audiunt
1636 1775 1722 1843 ab
1780 1773 1969 1863 ipsis»,
2040 1776 2109 1837 et
2172 1790 2257 1837 ex

713 1895 878 1986 ipsis
913 1891 1259 1968 hauriunt,
1294 1894 1452 1955 sunt
1478 1884 1685 1963 beati,
1720 1881 2044 1972 quoniam
2087 1873 2259 1943 illud

715 2010 817 2071 est
833 1999 1186 2091 sapientia,
1219 1996 1302 2064 de
1331 2016 1466 2086 qua
1496 1992 1763 2071 dicitur,
1795 1984 2127 2055 Proverb.
2157 2006 2252 2063 ιιι,

718 2109 797 2178 13
825 2130 840 2176 :
872 2109 1130 2174 Beatus
1151 2104 1351 2171 homo
1380 2101 1503 2192 qui
1529 2098 1786 2167 invenit
1811 2093 2251 2186 sapientiam,

709 2226 773 2287 et
834 2216 958 2306 qui
1030 2212 1279 2304 affluit
1337 2207 1737 2301 prudentio.
1784 2202 1891 2281 Et,
1948 2189 2096 2279 vni,
2142 2199 2254 2279 34,

709 2327 856 2415 ipsa
883 2322 1044 2391 dicit
1071 2317 1440 2411 sapientia:
1466 2317 1725 2382 Beatus
1751 2311 1954 2378 homo
1983 2308 2108 2400 qui
2135 2328 2261 2373 au-

710 2434 814 2502 dit
840 2456 968 2502 me.

807 2569 839 2603 «
872 2540 1025 2609 Non
1054 2534 1533 2626 confundetur.
1582 2557 1615 2594 a
1666 2529 1793 2597 Hic
1847 2523 2252 2595 secundum.

718 2648 925 2729 Quasi
958 2647 1208 2715 diceret
1248 2665 1263 2712 :
1299 2643 1551 2711 Beatus
1581 2646 1707 2722 est,
1743 2639 1904 2729 quia
1945 2631 2260 2725 implevit

2356 809 2431 874 in
2457 830 2761 875 sermone
2786 806 3066 874 sensati.
3109 805 3326 872 Datur
3394 801 3575 869 enim
3638 795 3906 865 intelle-

2359 926 2533 995 otus,
2559 923 2624 983 et
2642 916 2738 982 sio
2758 915 3064 1004 potentia
3090 908 3542 979 satisfaciendi
3564 905 3901 975 omnibus.

2358 1020 2566 1088 Ecoli.
2609 1044 2678 1098 v,
2717 1020 2840 1088 14:
2874 1021 2957 1089 Si
3005 1026 3101 1086 est
3138 1016 3267 1085 tibi
3322 1014 3729 1092 intellectus,
3799 1034 3908 1079 re-

2357 1127 2617 1219 sponde
2648 1126 2996 1217 prooeimo,
3035 1124 3290 1192 scilicet
3315 1129 3436 1190 tuo
3463 1144 3480 1191 t
3510 1122 3620 1188 sin
3647 1127 3903 1194 autem,

2360 1237 2452 1303 sit
2480 1258 2729 1303 monus
2767 1245 2890 1302 tua
2928 1256 3136 1325 super
3170 1256 3245 1300 os
3274 1242 3500 1299 tuum.

2452 1342 2583 1412 Vel
2639 1351 2842 1423 certe,
2902 1372 2936 1407 α
3004 1365 3141 1409 non
3204 1338 3689 1430 confundetur,
3739 1363 3768 1399 ι
3840 1339 3908 1404 in

2362 1453 2528 1538 fine,
2593 1476 2628 1518 a
2679 1475 2834 1520 cum
2905 1452 3223 1543 loquetur
3290 1449 3588 1517 inimicis
3649 1448 3816 1526 suis,
3871 1470 3905 1511 »

2367 1559 2791 1629 daemonibus
2871 1559 3125 1628 scilicet
3179 1556 3680 1640 accusantibus,
3743 1581 3777 1618 α
3839 1555 3911 1620 in

2359 1678 2591 1760 porto,
2627 1695 2659 1729 n
2700 1669 2769 1734 in
2791 1665 3048 1756 judicio
3079 1664 3333 1734 scilicet
3376 1688 3391 1732 :
3432 1663 3689 1754 judicia
3727 1661 3909 1730 enim

2366 1774 2679 1843 solebant
2715 1775 2786 1842 in
2817 1775 3027 1865 portis
3067 1772 3279 1842 fieri¹.
3331 1770 3661 1840 Proverb.
3718 1792 3904 1845 xxm,

2367 1886 2447 1953 31
2481 1907 2497 1952 ε
2557 1882 2870 1952 Laudent
2927 1904 3075 1949 com
3116 1883 3187 1949 in
3238 1882 3461 1971 portis
3484 1902 3690 1971 opera
3729 1877 3905 1966 ejus.

2366 1992 2499 2060 Isa.
2541 2013 2698 2069 va,
2738 1992 2816 2058 Π
2849 2012 2863 2057 :
2897 1991 3050 2059 Non
3080 1986 3627 2078 confundemini,
3688 1994 3753 2052 et
3776 2006 3910 2051 non

2366 2098 2764 2168 erubescetis
2841 2119 3050 2188 usque
3106 2095 3178 2162 in
3240 2093 3574 2163 soeculum
3645 2089 3904 2159 saeculi.

2366 2208 2502 2278 Isa.
2537 2230 2721 2287 xntx,
2754 2207 2881 2274 23:
2924 2207 3080 2296 qu
3109 2205 3478 2282 DominuS,
3517 2223 3725 2292 super
3776 2221 3911 2289 quo

2365 2339 2504 2384 non
2532 2312 3041 2404 confundentur
3094 2312 3219 2403 qui
3273 2316 3663 2402 exspectant
3727 2328 3905 2375 eum.

2365 2424 2622 2493 Jerem.
2661 2445 2828 2500 xva,
2874 2420 2994 2488 18:
3061 2417 3600 2509 Confundanlur
3636 2416 3760 2506 qui
3808 2436 3914 2482 me

2358 2540 2892 2627 persequuntur,
2926 2537 2989 2595 et
3016 2552 3150 2595 non
3191 2523 3585 2617 confundar
3611 2545 3757 2614 eqo.
3784 2520 3910 2590 Ec·

2366 2663 2442 2711 ce
2470 2637 2844 2722 beatitudo,
2888 2634 2973 2704 ad
3002 2658 3209 2727 quarn
3256 2655 3383 2702 nos
3423 2630 3766 2724 perducat,
3795 2629 3911 2721 qui

716 2756 1150 2832 desiderium,
1210 2759 1277 2821 et
1339 2750 1543 2819 eliam
1621 2771 1655 2812 ¹¹
1715 2767 1871 2814 cum
1937 2742 2261 2832 loquetur
2364 2758 2467 2819 est
2494 2746 2890 2817 benedictus
2945 2766 3066 2835 pet·
3103 2743 3338 2812 omnia
3393 2739 3638 2809 saecula
3694 2759 3913 2806 saecu-

712 2863 1035 2942 inimicis,
1064 2889 1094 2921 n
1134 2868 1200 2929 et
1225 2858 1357 2927 hoc
1398 2883 1430 2923 ι
1464 2857 1535 2924 in
1557 2863 1794 2947 porta,
1834 2878 1864 2915 n
1907 2847 1977 2917 id
2015 2855 2146 2927 est,
2188 2847 2258 2913 in

710 2968 1005 3053 Christo,
1036 2966 1155 3060 qui
1189 2973 1388 3058 porta
1462 2968 1564 3031 est
1618 2961 1763 3029 sive
1815 2956 2094 3027 ostium.
2134 2951 2259 3021 Sa·

2364 2856 2615 2925 lorum.
2646 2855 2892 2922 Amen.

1857 3444 1973 3520 PS
1984 3435 2328 3515 LAMUS
2377 3432 2751 3512 CXXVII.

1532 3755 2071 3832 Benedictiones
2097 3751 2527 3847 temporales
2555 3745 2712 3840 piis
2738 3742 3140 3837 promissoe.

743 4138 804 4187 t.
855 4111 1240 4188 Canticum
1269 4107 1652 4206 graduum.

874 4220 1072 4293 Beati
1131 4240 1387 4291 omnes
1460 4214 1585 4309 qui
1651 4213 1912 4284 timent
1980 4205 2244 4281 Domi-

959 4351 1168 4414 num,
1245 4325 1369 4419 qui
1464 4321 1841 4396 ambulant
1942 4317 2018 4388 in
2102 4315 2240 4387 viis

956 4436 1139 4528 ejus.
2051 4407 2068 4422 ⁰

734 4570 802 4619 2.
857 4544 1173 4617 Labores
1250 4563 1603 4615 manuum
1694 4555 1987 4610 tuarum
2061 4533 2235 4629 quia

950 4648 1451 4735 manducabis,
1505 4649 1756 4719 beatus
1803 4669 1907 4730 es,
1938 4662 2012 4717 et
2054 4644 2235 4714 bene

951 4758 1083 4832 tibi
1115 4759 1274 4832 erit.

731 4870 798 4941 3.
857 4869 1061 4941 Uxor
1090 4884 1211 4938 tua
1264 4864 1449 4936 sicut
1491 4863 1659 4935 vitis
1705 4862 2114 4944 abundans,
2156 4858 2230 4929 in

955 4972 1298 5045 lateribus
1327 4971 1594 5042 domus
1634 4988 1804 5041 tuae.

751 5236 771 5273 ¹
803 5233 886 5291 ct.
913 5234 1231 5294 Deuteron.
1251 5251 1387 5308 xvtt,
1417 5236 1474 5292 8.

2537 4091 2702 4165 Filii
2732 4089 2868 4171 tui,
2927 4087 3115 4159 sicut
3162 4081 3467 4156 novenae
3507 4076 3894 4162 olivarum,

2624 4222 2697 4271 tn
2746 4214 3049 4268 ctrcuttu
3080 4212 3350 4263 mensae
3390 4207 3558 4260 tuae.

2314 4353 2323 4362 ·
2393 4332 2465 4400 4.
2526 4309 2708 4379 Ecce
2747 4303 2851 4376 sic
2879 4300 3343 4374 benedicetur
3383 4297 3607 4367 homo
3636 4291 3762 4387 qui
3806 4289 3895 4362 ti·

2617 4429 2767 4486 met
2815 4408 3240 4482 Dominum.

2396 4533 2463 4601 5.
2522 4523 2908 4597 Benedicat
2945 4518 3076 4591 tibi
3131 4514 3491 4589 Dominus
3556 4534 3641 4583 ex
3686 4508 3889 4586 Sion.

2615 4652 2687 4704 et
2712 4630 2960 4703 videas
2991 4627 3178 4698 bona
3204 4623 3607 4696 Jerusalem
3662 4618 3894 4691 omni·

2617 4741 2754 4812 bus
2782 4736 3042 4810 dicbus
3071 4733 3238 4805 vitoe
3277 4748 3450 4803 tuae.

2389 4852 2459 4923 6.
2517 4848 2613 4920 Et
2657 4846 2906 4919 videas
2961 4842 3147 4914 filios
3192 4838 3514 4911 filiorum
3569 4852 3891 4912 tuorum.

2614 4973 2865 5049 pacem
2894 4971 3114 5045 super
3143 4946 3394 5019 Israel.
