5008 6329
1753 387 2467 459 COMMENTARIUS
2519 389 2613 456 IN
2661 385 3093 454 PSALMUM
3149 383 3597 455 CXXXVIII.

1081 553 1196 631 ihi,
1247 582 1276 614 «
1315 556 1671 646 Interroqa
1711 581 1840 625 me.
1882 584 1914 622 ι)
1972 558 2333 640 Quartum,
2395 558 2635 647 cogni-

1081 662 1173 726 tio
1235 664 1647 732 infirmitatis
1683 668 2002 755 propriae,
2049 675 2115 731 et
2181 665 2310 731 hoc
2359 672 2629 753 quarm,

4162 379 4290 446 457

2819 584 2850 616 «
2896 558 2990 621 Et
3041 577 3382 644 coquosce,
3425 582 3454 614 »
3527 554 3658 621 hoc
3715 562 3839 631 est,
3885 570 4291 642 cognoscere

2739 682 2849 727 me
2888 661 3014 740 sac,
3072 686 3103 724 «
3153 663 3432 727 semitas
3468 682 3674 736 meas,
3715 688 3744 719 »
3818 659 4289 748 cogitationes,

1079 767 1197 850 ibi,
1237 796 1269 834 α
1304 768 1397 838 Et
1435 794 1776 859 coquosce.
1821 797 1852 834 n
1913 770 2195 848 Quinto,
2251 770 2634 860 apprehen-
2740 776 2801 835 et
2878 770 3162 836 consilia
3224 770 3306 837 de
3365 768 3567 837 eorde
3653 789 3806 833 meo
3860 765 4287 856 pullulantia.

1077 877 1177 943 sio
1238 879 1618 967 iniquitatis
1677 884 1741 943 et
1799 876 2039 966 eulpae,
2105 879 2160 943 si
2229 877 2457 967 aliqua
2501 888 2625 962 est,

1076 994 1141 1050 et
1187 985 1316 1052 hoe
1375 987 1640 1073 quinto,
1710 985 1830 1066 ibi,
1867 992 1930 1060 δ’.
1967 986 2091 1053 24ε
2130 1014 2164 1050 α
2224 988 2319 1053 Et
2362 988 2514 1054 vide
2567 990 2631 1056 si

1074 1094 1209 1159 via.
1242 1120 1272 1153 »
1321 1091 1529 1158 Sexto
1560 1101 1626 1159 et
1664 1092 1934 1170 ultimo,
1971 1094 2287 1163 deductio
2319 1097 2401 1163 ad
2440 1105 2630 1163 aeter-

1076 1224 1234 1268 nam
1268 1195 1507 1279 vitam,
1553 1211 1614 1269 et
1648 1202 1780 1271 hoc
1838 1206 2007 1294 petit
2031 1213 2278 1287 ‚sext0,
2313 1205 2430 1287 ibi,
2467 1231 2499 1269 α
2538 1207 2627 1271 Et
2701 1293 2709 1305 '

1072 1308 1291 1376 deduc
1328 1333 1458 1376 me.
1493 1339 1522 1371 »a

1158 1415 1329 1503 Dic-it
1407 1440 1569 1507 ergo
1618 1440 1632 1484 :
1689 1416 1826 1492 Sic,
1901 1418 2219 1494 Domine,
2297 1419 2626 1508 quidquid

1071 1522 1369 1588 sentiant
1428 1521 1749 1598 haeretici,
1817 1524 1992 1590 inter
2066 1525 2285 1591 malos
2342 1547 2625 1592 manens

1067 1650 1374 1717 corpore,
1456 1638 1523 1697 et
1607 1640 1961 1728 separatus
2064 1640 2315 1710 mente,
2422 1656 2617 1723 rogn,

1073 1760 1104 1798 ι
1149 1735 1381 1803 Proba
1407 1760 1534 1816 me,
1574 1766 1605 1799 »
1654 1762 1772 1827 per
1827 1738 2008 1809 illos,
2069 1762 2190 1829 per
2236 1740 2624 1807 tribulatio-

1065 1864 1185 1908 nes
1227 1844 1479 1912 scilicet
1502 1844 1585 1911 ab
1632 1845 1764 1912 illis
1794 1847 2163 1914 immissas,
2194 1848 2294 1914 Ad
2328 1848 2614 1915 Roman.

1064 1973 1131 2034 v,
1169 1951 1207 2016 3
1239 1960 1301 2017 et
1334 1951 1415 2017 4:
1479 1952 1860 2019 7ribulatio
1908 1955 2322 2043 patientiam
2378 1977 2623 2045 opera-

1064 2069 1204 2134 tur,
1238 2060 1585 2149 patientia
1652 2071 1885 2127 autem
1934 2060 2438 2151 probationem,
2487 2071 2614 2130 etc.

1064 2162 1366 2253 Sapient.
1403 2188 1498 2238 ιιι.
1534 2167 1574 2231 6
1624 2192 1637 2232 z
1681 2168 2061 2258 Tamquam
2084 2191 2335 2236 aurum
2380 2169 2446 2235 in
2474 2170 2620 2257 sor-

1058 2295 1223 2339 uace
1247 2272 1570 2362 probavit
1601 2272 1789 2352 illos,
1852 2274 2111 2342 seilicet
2159 2275 2409 2343 electos
2460 2298 2619 2343 suos

1059 2367 1416 2443 Dominus.
1460 2377 1746 2468 Propter
1803 2377 1935 2446 hoc
1992 2379 2154 2447 dicit
2205 2381 2612 2472 Gregorius:

1058 2510 1087 2546 α
1128 2484 1201 2550 Si
1252 2506 1322 2549 se
1355 2483 1598 2551 salvari
1636 2486 1882 2553 melius
1923 2509 2045 2576 per
2104 2487 2615 2556 tribulationem

1056 2617 1086 2654 α
1161 2614 1297 2658 ιιοιι
1367 2601 1617 2666 nosset,
1691 2592 2057 2661 l‘salmista
2096 2617 2237 2661 non
2298 2594 2613 2663 diceret:

1065 2724 1093 2758 α
1136 2697 1365 2764 Proba
1397 2722 1524 2779 me,
1568 2708 1632 2765 et
1661 2710 1849 2768 tenta
1879 2723 2010 2779 me,
2037 2702 2224 2768 Deus
2264 2706 2309 2768 ¹.
2356 2730 2387 2764 ι»

1144 2835 1175 2865 u
1226 2807 1321 2871 Et
1384 2807 1575 2884 scito,
1646 2808 1996 2874 »scientia
2074 2807 2609 2898 approbationiS,

1053 2939 1086 2972 α
1128 2934 1245 2977 cor
1283 2933 1560 2977 meum:
1598 2942 1629 2972 n
1665 2912 1971 3003 approba
2006 2916 2227 3004 ipsum
2261 2922 2612 3005 tamquam

1056 3041 1175 3085 vas
1250 3029 1487 3109 aptum
1553 3019 1638 3086 ad
1706 3020 2179 3111 reponendum
2276 3021 2612 3112 liquorem

1050 3129 1387 3218 optimum
1432 3130 1668 3219 gratim
1711 3138 1875 3207 tute,
1922 3130 2062 3198 imo
2108 3134 2427 3222 teipsum.
2484 3130 2617 3198 Sa-

1047 3237 1256 3323 pient.
1304 3257 1402 3314 ιιι,
1445 3240 1511 3312 ti,
1565 3246 1932 3327 postquam
2011 3238 2274 3305 dixerat
2320 3258 2337 3307 ε
2404 3239 2612 3305 Tam-

1048 3365 1256 3432 quam
1307 3366 1559 3410 aurum
1618 3346 1687 3410 iu
1735 3348 2024 3434 fornace
2062 3345 2389 3436 probavit
2421 3345 2609 3427 illos,

1048 3450 1301 3517 scilicet
1351 3449 1625 3526 electos,
1679 3451 1861 3519 addit
1904 3471 1921 3519 :
1984 3453 2081 3518 Et
2133 3452 2388 3519 iuveni!
2446 3452 2609 3520 illos

1050 3555 1297 3646 (liquos
1334 3581 1428 3635 se,
1466 3556 1529 3624 id
1571 3567 1699 3635 est,
1734 3560 1802 3625 in
1835 3558 2090 3648 quibus
2142 3581 2265 3650 per
2318 3560 2606 3650 gratiam

1050 3687 1242 3731 suain
1288 3663 1642 3733 inhabitet.
1686 3666 1737 3732 E
1802 3668 2148 3735 contrario
2218 3668 2303 3737 de
2370 3668 2599 3736 fatuo:

1048 3770 1253 3840 Eccli.
1298 3794 1437 3845 xxi.
1483 3774 1599 3838 ¹7:
1640 3774 1778 3842 Cor
1822 3776 2018 3863 latui
2044 3777 2251 3865 quasi
2295 3799 2413 3842 vas
2441 3798 2606 3843 con-

1035 3883 1368 3969 lractum,
1404 3889 1467 3944 et
1507 3904 1774 3947 oannem
1802 3882 2223 3973 sapientiam
2263 3907 2397 3950 non
2428 3894 2599 3951 tene·

1040 3986 1160 4054 bit.

1139 4123 1168 4158 α
1226 4097 1583 4187 Interroqa
1646 4120 1775 4177 me,
1852 4127 1885 4160 ι»
1936 4097 2068 4166 hoc
2135 4107 2262 4183 est,
2316 4100 2599 4168 interius

1036 4205 1328 4283 discute,
1360 4205 1422 4272 id
1456 4214 1582 4286 est,
1642 4205 1980 4275 discutere
2028 4230 2139 4275 me
2182 4207 2285 4276 fac
2314 4207 2606 4299 diligen-

1041 4322 1168 4389 ter,
1206 4323 1267 4379 et
1313 4314 1695 4403 inquirere:
1734 4313 1862 4382 boc
1898 4325 1999 4382 est
2026 4318 2209 4382 euim
2241 4326 2460 4384 tutum
2495 4318 2604 4383 in-

1042 4430 1417 4512 terrogare.
1454 4420 1705 4511 Supra,
1743 4423 1810 4488 in
1866 4420 2051 4491 Psal.
2095 4445 2165 4500 x,
2201 4424 2282 4492 6:
2351 4425 2605 4492 Domi-

1038 4550 1169 4595 nus
1198 4530 1579 4617 interr-oya!
1595 4527 1904 4617 justum,
1932 4537 1997 4595 et
2014 4529 2333 4620 impium.
2359 4528 2443 4596 Et
2473 4528 2604 4598 hoc

1040 4634 1482 4724 facitoptime
1557 4634 2003 4703 tribulatione
2063 4635 2427 4704 mediante.
2478 4636 2604 4704 Sa-

1040 4743 1249 4832 pient.
1313 4764 1385 4820 ιι,
1462 4744 1582 4809 ¹9:
1651 4743 2089 4811 Contumelia
2147 4754 2213 4812 et
2268 4754 2605 4811 tormento

1048 4852 1542 4939 iaetterroqemus
1588 4872 1769 4917 eum.
1851 4849 2264 4940 Gregorius:
2309 4878 2342 4917 ι
2395 4851 2604 4920 Poena

1039 4990 1068 5018 u
1107 4959 1508 5046 interrogat,
1561 4958 1616 5024 si
1697 4958 1852 5048 quis
1885 4961 1953 5026 in
2008 4962 2453 5049 prosperitate
2482 4982 2604 5049 po·

1038 5094 1070 5129 α
1107 5065 1284 5133 situs
1326 5088 1435 5133 me
1467 5065 1800 5133 veraciter
1827 5074 2041 5135 amat.
2080 5094 2115 5129 n

1111 5332 1127 5367 ¹
1163 5329 1267 5386 liic
1300 5328 1556 5386 habetur
1585 5328 1647 5384 in
1669 5328 1961 5403 Vulgata:
1994 5328 2179 5386 Proba
2214 5347 2319 5397 me,
2358 5329 2521 5398 Deus,
2545 5336 2598 5387 et

1035 5419 1173 5474 scito
1218 5434 1315 5473 cor
1338 5434 1517 5474 meum
1543 5435 1561 5488 ς
1593 5416 1656 5473 in
1686 5415 1845 5473 Psal.
1864 5433 1995 5487 xxv,
2016 5417 2073 5485 2,
2098 5417 2389 5475 habetur:
2419 5418 2600 5475 Proba

2739 876 2899 945 Haec
2964 887 3124 945 sunt
3188 879 3476 952 semitae,
3526 875 3607 942 de
3640 874 3908 964 quibus,
3963 870 4285 938 Proverb.

2735 1009 2805 1063 11,
2840 988 2919 1053 8:
2957 988 3253 1054 Seri-ans
3302 987 3581 1052 semitas
3634 984 3959 1072 justitae,
4024 992 4085 1047 et
4141 981 4289 1047 vias

2731 1107 3128 1163 sanctorum
3159 1095 3568 1162 custodiens.

2824 1437 2856 1476 <1
2916 1414 3013 1478 Et
3079 1411 3233 1479 vide
3293 1413 3358 1478 si
3420 1412 3558 1478 via.
3625 1437 3653 1472 n
3744 1409 3869 1475 Hic
3934 1409 4271 1498 quintum.

2732 1518 2938 1596 Quasi
2984 1518 3238 1587 diceret
3297 1540 3311 1586 :
3379 1518 3493 1585 Sic
3548 1519 3823 1584 semitas
3867 1517 3968 1584 sae
4018 1539 4281 1606 cogno-

2731 1648 2939 1704 scere,
2979 1655 3010 1688 «
3044 1636 3107 1693 et
3141 1653 3172 1688 »
3209 1635 3361 1716 post
3393 1655 3428 1689 «
3487 1626 3664 1703 vide,
3716 1653 3744 1686 n
3790 1626 3856 1691 id
3893 1633 4015 1699 est,
4053 1624 4281 1690 videre

2731 1755 2838 1799 me
2871 1734 2998 1811 sac,
3039 1758 3072 1798 α
3112 1733 3177 1799 si
3213 1734 3284 1799 in
3315 1756 3444 1814 me,
3481 1759 3514 1793 »ι
3553 1735 3621 1798 in
3656 1732 3823 1798 meis
3852 1730 4283 1821 cogitationi-

2729 1839 2881 1918 bus,
2928 1849 2994 1908 et
3022 1840 3520 1919 affec-tionihm,
3553 1867 3583 1905 α
3632 1849 3729 1907 est
3777 1841 3888 1906 via
3938 1839 4281 1928 iniquita-

2730 1949 2844 2029 tis,
2881 1976 2912 2009 »
2946 1955 3010 2014 et
3042 1970 3258 2039 purga
3281 1947 3494 2024 illam,
3521 1958 3586 2015 et
3617 1947 3831 2037 dirige
3853 1944 4280 2036 pertribula-

2727 2054 3008 2121 tionem.
3048 2051 3125 2120 In
3170 2054 3347 2121 Psal.
3384 2077 3525 2134 xvi,
3563 2055 3627 2130 3,
3663 2075 3902 2143 supra:
3956 2050 4282 2119 Probas-ti

2724 2185 2839 2229 eor
2867 2186 3118 2245 meum,
3144 2173 3208 2231 et
3231 2165 3526 2230 visitasti
3549 2173 3739 2230 nocte
3760 2186 3781 2229 .·
3806 2164 3962 2252 ique
3982 2184 4087 2227 me
4109 2183 4280 2227 exa-

2724 2273 3032 2350 minasti,
3067 2281 3131 2338 et
3160 2273 3256 2339 sie
3292 2294 3427 2338 non
3459 2280 3556 2338 est
3584 2272 3855 2337 inventa
3889 2271 3960 2336 in
4007 2291 4115 2335 me
4144 2269 4277 2335 ini-

2724 2381 2980 2469 quitas,
3018 2401 3172 2469 quae
3202 2386 3302 2448 est
3333 2390 3512 2447 torta
3552 2382 3620 2447 in
3651 2381 3785 2454 via.
3840 2377 3958 2445 sed
3980 2379 4271 2464 justitia,

2724 2509 2873 2577 quae
2913 2497 3011 2554 est
3048 2497 3250 2556 recta.
3295 2487 3425 2554 Isa.
3470 2510 3654 2555 xxvr.
3701 2488 3739 2552 ’Ἰ
3768 2509 3782 2552 :
3811 2487 4074 2554 Semita
4089 2484 4279 2574 justi

2723 2605 2903 2662 recta
2933 2604 3055 2678 est,
3091 2604 3312 2663 rectus
3338 2595 3543 2662 callis
3560 2594 3752 2683 justi
3778 2593 3877 2660 ad
3901 2592 4280 2660 ambulan-

2722 2702 2913 2769 dum.

2815 2835 2846 2873 ι
2885 2812 2980 2876 Et
3010 2809 3229 2877 deduc
3255 2833 3385 2876 me.
3436 2839 3467 2871 »
3515 2809 3682 2877 Ecce
3712 2818 3981 2876 sextum
4014 2817 4080 2875 et
4121 2807 4283 2874 ulti-

2721 2940 2936 2985 mum.
2977 2916 3189 2997 Quasi
3224 2917 3480 2986 diceret
3525 2941 3539 2985 :
3577 2916 3691 2984 Sic
3721 2939 3964 3008 purga,
4033 2938 4278 3006 appro-

2721 3023 2829 3100 ba,
2867 3025 3155 3103 discute,
3199 3048 3614 3117 cognoscere
3654 3025 3758 3092 fac
3784 3024 4274 3104 intirmitatem,

2718 3138 2782 3200 et
2823 3154 3074 3209 mores,
3133 3160 3162 3196 α
3214 3141 3279 3200 et
3338 3161 3371 3197 α
3433 3134 3528 3201 sic
3585 3132 3889 3212 tandem,
3952 3156 3985 3196 ι
4062 3129 4281 3199 deduc

2717 3262 2845 3313 me,
2905 3266 2938 3301 ι»
3010 3239 3094 3306 ad
3145 3240 3357 3306 vitam
3416 3249 3773 3318 aeternam,
3840 3238 4036 3327 juxta
4113 3235 4279 3303 illud

2717 3345 3047 3413 Proverb.
3087 3368 3179 3424 iv,
3219 3347 3294 3413 ll
3345 3367 3362 3414 :
3402 3348 3673 3413 Ducam
3723 3356 3788 3412 te
3828 3367 3955 3435 per
4000 3345 4278 3411 semitas

2714 3453 3089 3542 aequitatis.
3144 3452 3229 3520 Et
3281 3474 3415 3530 me,
3478 3454 3784 3542 inquam,
3838 3451 4272 3531 existentem,

2718 3585 2751 3624 ι
2790 3562 2856 3625 iu
2899 3561 3013 3626 via
3051 3571 3331 3626 aeterna.
3382 3586 3413 3619 ι»
3449 3558 3706 3625 llabac.
3748 3581 3843 3633 ιιι,
3886 3559 3963 3624 19
4002 3579 4018 3624 :
4051 3560 4279 3647 Super

2712 3666 2978 3734 eoecelsa
3009 3667 3295 3734 deducet
3323 3688 3433 3732 me
3461 3668 3676 3733 victor
3723 3668 3793 3732 in
3826 3665 4128 3755 psalmis
4156 3687 4278 3731 ca-

2711 3785 3005 3842 nentem.

2799 3882 3080 3975 Legitur
3143 3892 3211 3952 et
3248 3882 3331 3951 de
3388 3885 3607 3973 capite
3675 3881 3973 3965 chrisio,
4046 3889 4111 3948 et
4175 3889 4279 3949 est

2710 3992 2916 4082 plana
2952 3991 3180 4058 littera
3221 3992 3289 4057 in
3330 3988 3599 4057 Glossa.
3638 3990 3891 4055 Secure
3921 3988 4106 4054 enim
4156 3985 4277 4053 ho-

2711 4121 2828 4167 mo
2860 4098 3172 4165 Christus
3215 4099 3431 4188 petiit,
3476 4105 3543 4163 et
3599 4107 3827 4186 petere
3877 4094 4099 4184 potuit
4140 4094 4278 4161 Pa-

2712 4216 2911 4282 trem.
2970 4215 3046 4273 ut
3092 4204 3523 4297 probaretur,
3597 4211 4148 4293 cognosceretur,
4208 4210 4275 4269 et

2713 4317 3190 4394 discuteretur,
3233 4317 3392 4407 quia
3434 4319 3503 4384 in
3546 4318 3696 4406 ipso
3735 4315 3848 4381 via
3897 4313 4275 4403 iniquitatis

2713 4450 2852 4495 non
2884 4435 3150 4516 poterat
3182 4425 3471 4493 inveniri
3519 4447 3535 4493 :
3568 4433 3637 4492 et
3677 4432 3750 4491 ut
3808 4445 3845 4490 a
3893 4421 4124 4490 Verbo
4163 4424 4272 4489 cui

2711 4534 3102 4612 uniebatur,
3174 4533 3451 4602 tandem
3536 4534 3605 4599 in
3689 4531 3969 4599 dextera
4052 4529 4275 4598 Patris

2710 4644 3187 4722 collocaretur,
3247 4645 3424 4711 sicut
3480 4651 3546 4710 et
3594 4642 3842 4710 factum
3898 4641 4106 4708 estin
4165 4639 4273 4708 die

2715 4755 3156 4823 Ascensionis
3211 4754 3385 4842 ejus,
3455 4774 3592 4844 quo
3649 4762 3716 4820 et
3792 4753 3934 4842 ipse
3984 4750 4273 4818 deducat

2711 4889 2863 4943 ῐιοε,
2908 4866 3024 4956 qui
3066 4874 3168 4933 est
3197 4864 3594 4934 benedictus
3621 4885 3742 4955 per
3759 4863 3993 4931 omnia
4020 4860 4272 4930 saecula

2711 4972 3150 5040 saeculorum.
3196 4972 3444 5039 Amen.

2707 5360 2814 5415 me,
2848 5344 3097 5415 Domine,
3127 5350 3183 5402 et
3212 5350 3364 5402 tenta
3393 5362 3500 5402 me.

4400 1431 4523 1500 24
