5008 6329
1865 456 2576 526 COMMENTARIUS
2626 456 2715 522 IN
2764 452 3201 522 PSALMUM
3253 452 3558 522 CXXVI.

1123 626 1579 693 severantiam
1620 626 1692 694 in
1723 627 1908 696 bono
1949 653 2097 699 esse
2139 652 2179 698 a
2215 629 2385 697 Deo.
2426 626 2682 695 Secun-

4209 464 4330 530 371

2783 633 3115 691 struentes
3154 634 3216 692 te
3237 649 3258 692 .·
3292 626 3537 716 quippe
3576 626 3908 697 aedisicant
3952 633 4020 698 in
4060 634 4339 722 sangui-

1123 730 1238 811 do,
1282 730 1366 798 ab
1408 733 1650 802 eodem
1708 738 2073 825 praemium
2150 731 2679 824 exspectandum
2787 755 2895 812 ne,
2932 742 2996 802 et
3035 736 3105 802 in
3145 757 3367 804 carne.
3411 735 3615 804 Mich.
3676 761 3771 822 111,
3812 741 3933 809 10:
3983 742 4337 831 JEdifica-

1121 838 1192 905 in
1223 839 1479 925 futuro,
1540 842 1663 926 ibi,
1723 850 1789 919 ἵ.
1851 846 1935 911 2;
2009 868 2043 909 α
2100 843 2362 911 Vanum
2412 849 2508 907 est
2561 862 2680 906 vo-
2784 842 2875 908 tis
2903 842 3075 911 Sion
3115 843 3187 909 in
3214 842 3691 933 sanquinibuS‚
3727 856 3792 912 et
3834 848 4226 916 Jerusalem
4259 852 4333 917 in

1122 945 1244 1014 bis.
1285 974 1317 1008 »

2782 952 3171 1041 iniquitate.
3210 950 3341 1029 Qui
3372 972 3532 1042 ergo
3564 951 3709 1021 sine
3777 952 3922 1023 Deo
3964 955 4327 1038 aedifi‘cant,

1207 1053 1285 1121 In
1333 1056 1554 1146 prima
1593 1056 1755 1125 duo.
1832 1055 2093 1134 Primo,
2163 1055 2289 1123 sub
2336 1064 2497 1146 typo
2565 1054 2676 1122 lo-
2779 1057 2852 1122 in
2877 1077 3133 1123 vanum
3161 1054 3491 1133 laborant,
3528 1056 3703 1125 sicut
3739 1059 4151 1129 aedificantes
4183 1071 4334 1130 tur-

1117 1185 1359 1254 quenS,
1398 1163 1696 1231 ostendit
1723 1185 2003 1231 omnem
2036 1162 2413 1253 profectum
2448 1166 2516 1231 in
2547 1162 2675 1231 ho-
2780 1165 2909 1230 rim
2952 1163 3164 1232 Babel
3201 1164 3247 1230 '.
3292 1163 3446 1233 Act.
3481 1189 3548 1243 v,
3596 1167 3680 1234 38
3722 1174 3790 1234 et
3817 1168 3901 1236 39
3939 1191 3955 1236 :
3998 1171 4082 1239 Si
4112 1180 4211 1237 est
4247 1196 4332 1238 ex

1116 1293 1206 1338 no
1240 1294 1387 1340 esse
1418 1294 1458 1340 a
1490 1273 1658 1340 Deo.
1737 1269 2081 1353 Secunde,
2116 1294 2392 1340 omnem
2438 1294 2672 1362 perse-

1111 1379 1494 1448 verantiam
1533 1380 1604 1445 in
1644 1376 1789 1458 illo,
1850 1378 1971 1459 ibi,
2046 1404 2080 1448 «
2109 1380 2294 1472 Ivi-⁹²²2
2326 1379 2671 1447 Dominus

1113 1487 1539 1556 custodierit.

1200 1811 1380 1879 Dicit
1406 1834 1611 1903 ergo:
1652 1811 1769 1881 Sic
1806 1812 2058 1880 firmati
2107 1834 2342 1880 sumus
2370 1812 2442 1878 in
2480 1812 2662 1879 bono

790 1934 924 1980 ·r1m·
966 1947 1081 1993 pm
1112 1920 1488 2011 proposito,
1536 1927 1603 1986 et
1640 1918 1713 1985 in
1770 1918 1954 1987 bono
1994 1918 2226 1997 laetati,
2270 1918 2386 1986 sed
2441 1925 2664 1986 totum

830 1991 890 2036 Pu
893 1989 1026 2039 alm!-

1109 2029 1194 2097 ad
1214 2028 1439 2097 Deum
1471 2027 1929 2107 referendum,
1964 2030 2126 2119 quia
2174 2029 2380 2096 «nisi
2422 2029 2661 2096 Domi-

1106 2160 1261 2216 nus,
1310 2164 1344 2200 n
1387 2137 1507 2227 qui
1536 2135 1725 2204 solus
1754 2139 1881 2205 scit
1947 2145 2015 2206 et
2070 2143 2318 2228 potest,
2383 2161 2417 2202 «t
2447 2137 2663 2227 aedifi-

1104 2245 1360 2312 caverit
1399 2243 1710 2323 domum,
1756 2269 1790 2310 »
1833 2244 2234 2324 Ecclesiam,
2296 2252 2361 2312 et
2425 2266 2664 2335 quam-

1099 2373 1394 2442 cumque
1421 2353 1752 2430 animam,
1787 2350 2029 2420 adhoc
2058 2359 2133 2418 ut
2170 2352 2256 2419 sit
2294 2374 2415 2419 sua
2458 2350 2661 2419 hahi-

1096 2458 1293 2538 tatio,
1370 2481 1404 2522 «t
1489 2457 1559 2522 in
1635 2479 1897 2524 vanum
1974 2456 2461 2525 laboraverunt
2537 2458 2660 2548 qui

1093 2566 1447 2655 aedifi'cant
1467 2587 1647 2635 eam.
1679 2592 1709 2629 n
1746 2565 2081 2635 Proverb.
2125 2589 2217 2645 ix,
2253 2568 2283 2633 1
2315 2566 2657 2658 :Sapien-

1094 2679 1195 2745 tia
1225 2677 1596 2767 aedificavit
1623 2675 1763 2745 sibi
1786 2676 2096 2756 domum,
2131 2676 2406 2759 excidit,
2441 2677 2511 2744 in
2540 2675 2656 2743 illa

1091 2784 1372 2866 scilicet,
1429 2784 1795 2854 columnas
1857 2795 2137 2877 septem.
2184 2784 2290 2864 Et,
2324 2808 2510 2863 xxw,
2558 2785 2648 2852 3:

1089 2894 1453 2987 Sapientia
1476 2891 1944 2983 aedificabitur
1974 2893 2244 2972 domus,
2268 2904 2331 2962 et
2354 2894 2654 2985 pruden-

1090 3003 1191 3070 tia
1221 3000 1683 3069 roborabitur.
1722 2999 2003 3069 Zachar.
2037 3024 2133 3081 v1,
2171 3002 2250 3068 12
2279 3023 2295 3069 ε
2342 3003 2518 3069 Ecce
2547 3003 2653 3069 vir

1092 3110 1333 3180 Oriens
1400 3131 1646 3177 nomen
1707 3107 1894 3200 ejus,
1935 3117 2002 3179 et
2037 3107 2271 3178 subter
2297 3130 2452 3179 eum
2481 3111 2652 3178 orie-

1087 3230 1228 3300 tur,
1298 3231 1364 3289 et
1445 3219 1825 3311 aedificabit
1889 3219 2227 3313 templum
2321 3223 2643 3291 Domino,

1087 3328 1380 3420 Propter
1417 3327 1551 3397 hoc
1591 3329 1864 3409 dicitur,
1924 3327 2167 3409 Amos»,
2202 3352 2319 3408 vu,
2363 3330 2430 3410 7,
2464 3330 2649 3422 quod

1083 3435 1363 3506 videbat
1400 3459 1560 3504 eum
1609 3459 1818 3527 super
1853 3459 2132 3505 murum
2173 3435 2397 3520 litum,
2456 3445 2525 3506 et
2577 3439 2647 3505 in

1086 3566 1296 3612 manu
1325 3566 1447 3612 sua
1480 3541 1757 3612 trullam
1817 3545 2231 3613 caementarii
2266 3549 2310 3614 ⁸.
2358 3544 2648 3636 Propter

1085 3653 1273 3744 quod
1310 3653 1519 3722 etiam
1548 3652 1713 3723 dicit
1779 3651 2064 3736 PauluS,
2106 3653 2136 3721 1
2194 3652 2280 3721 ad
2333 3652 2639 3722 Corinth.

1083 3783 1184 3841 111,
1228 3762 1269 3829 9
1299 3783 1315 3830 :
1347 3761 1486 3830 Dei
1515 3761 1959 3851 agricultura
2004 3761 2188 3842 estis,
2236 3762 2369 3829 Dei
2430 3761 2646 3851 aedifi·

1082 3871 1263 3938 catio
1312 3869 1498 3937 estis.
1531 3867 1642 3937 Ad
1671 3868 1923 3960 Ephos.
1970 3890 2042 3949 ιι,
2078 3870 2206 3939 2οε
2247 3869 2644 3962 Superaedi-

1082 3976 1281 4067 ficati
1314 3998 1524 4068 super
1556 3975 2099 4066 fundamentum
2152 3977 2642 4069 Apostolorum

1084 4092 1148 4152 et
1177 4082 1716 4175 Prophetarum.
1770 4080 2031 4152 Tamen
2088 4081 2431 4173 adjutores
2494 4085 2644 4155 vult

1083 4193 1156 4260 in
1224 4189 1357 4261 hoc
1422 4191 1713 4260 aedificio
1757 4213 1775 4259 :
1831 4190 2120 4284 quilibet
2185 4195 2369 4262 enim
2442 4194 2644 4265 dehet

1086 4323 1246 4372 eum
1304 4300 1631 4391 adjuvare
1687 4323 1815 4391 pro
1872 4299 2123 4391 seipso.
2169 4299 2303 4371 Sed
2361 4303 2639 4396 quidam

1084 4412 1203 4504 qui
1240 4409 1489 4479 volunt
1526 4408 1715 4503 quod
1743 4417 1968 4479 totum
2001 4410 2202 4480 faciat
2263 4411 2475 4493 DeuS,
2536 4414 2641 4482 di·

1080 4528 1356 4590 centes:
1392 4517 1598 4588 Orate
1636 4541 1763 4611 pro
1802 4542 1941 4600 me,
1981 4527 2212 4589 tamen
2275 4542 2399 4589 nec
2454 4521 2640 4613 digi-

1079 4637 1229 4699 tum
1251 4650 1533 4698 movere
1561 4626 1831 4712 volunt,
1856 4627 1941 4697 de
1962 4628 2236 4721 quibus,
2260 4628 2467 4700 Eccli.
2490 4653 2635 4713 xxi,

1080 4737 1121 4804 9
1150 4758 1168 4805 :
1205 4736 1348 4822 Qui
1380 4734 1686 4825 aedificat
1715 4734 2001 4803 domum
2043 4759 2246 4805 suam
2272 4737 2638 4824 stipendiis

1078 4842 1356 4927 alienis,
1390 4843 1599 4935 quasi
1625 4842 1753 4935 qui
1788 4840 2066 4933 colliqit
2094 4843 2360 4934 lapides
2389 4845 2461 4912 in
2488 4845 2641 4913 hie-

1080 4975 1212 5022 me.
1248 4949 1541 5043 Lapides
1570 4951 1641 5019 in
1670 4950 1901 5021 hieme
1940 4949 2231 5032 collecti,
2289 4950 2377 5021 ad
2412 4951 2639 5023 aedifi-

1076 5060 1265 5131 cium
1325 5067 1489 5129 sunt
1537 5059 1778 5152 inepti.
1848 5058 2216 5151 Adjutores
2254 5069 2483 5130 autem
2551 5062 2637 5132 ad

1075 5165 1210 5237 hoc
1248 5165 1617 5237 aedificium
1675 5165 1828 5249 Dei,
1872 5166 2121 5236 debent
2158 5189 2304 5237 esse
2335 5167 2629 5239 Praelati.

1073 5271 1102 5341 1
1144 5273 1234 5343 ad
1261 5270 1573 5342 Corinth.
1608 5296 1708 5353 ιιι,
1751 5276 1835 5344 9:
1870 5274 2006 5342 Dei
2051 5295 2291 5343 sumus
2342 5275 2637 5366 adjuto-

1073 5404 1202 5451 res.
1269 5379 1409 5451 Sed
1466 5382 1687 5473 magis
1752 5389 1914 5450 sunt
1951 5379 2424 5455 destructores,
2495 5384 2627 5453 Isa.

1072 5512 1259 5571 xux,
1307 5491 1433 5560 17:
1490 5493 1829 5559 Venerunt
1880 5500 2247 5560 structores
2313 5494 2443 5578 tui,
2515 5492 2633 5561 de-

1142 5744 1161 5780 ¹
1197 5744 1403 5808 Amos,
1430 5757 1527 5808 vu,
1555 5744 1623 5798 7:
1648 5742 1784 5798 Ecce
1813 5742 2076 5798 Dominus
2101 5747 2256 5798 stans
2294 5756 2461 5814 super
2506 5758 2628 5799 mu·

1065 5846 1195 5888 rum
1232 5828 1419 5900 litum,
1450 5837 1505 5888 ct
1534 5831 1595 5886 in
1626 5847 1801 5886 manu
1828 5829 1951 5902 ejus
1979 5829 2154 5889 trulla
2180 5832 2538 5889 comentur-ii.

2776 1272 3171 1340 hominibus
3199 1273 3562 1340 consilium
3592 1274 3741 1354 lzoc,
3784 1285 3910 1343 aut
3939 1300 4138 1369 opus,
4181 1278 4330 1346 dis-

2771 1379 3118 1447 solvetur:
3146 1381 3209 1448 si
3237 1404 3389 1448 vero
3415 1405 3500 1450 ea:
3526 1386 3671 1450 Deo
3711 1394 3834 1469 cst,
3855 1408 3992 1453 non
4010 1388 4330 1476 poteritis

2769 1488 3139 1559 dissolvere
3170 1488 3379 1559 illud.

2861 1728 2895 1769 «t
2917 1704 3076 1772 Nisi
3096 1704 3437 1773 Dominus
3454 1706 3917 1774 custodierit.»
3941 1707 4070 1778 Hic
4089 1732 4326 1779 secun·

2769 1810 2957 1895 dum,
3000 1812 3070 1878 in
3120 1835 3256 1903 quo
3324 1813 3641 1893 ostendit,
3704 1814 3887 1903 quod
3926 1839 4013 1884 ex
4044 1817 4190 1886 Deo
4232 1821 4319 1887 sit

2768 1920 2837 1986 in
2870 1918 3050 1987 hono
3083 1921 3587 2011 perseverantia
3613 1945 3736 2014 per
3754 1922 4001 1996 simile.

2853 2026 2968 2094 Ait
3008 2029 3190 2096 enim
3230 2052 3244 2096 ε
3305 2028 3452 2097 Nisi
3508 2031 3970 2112 aedisicaverit,
4005 2033 4177 2102 nihil
4205 2059 4320 2104 va·

2767 2131 2858 2201 let
2895 2157 2910 2202 ε
2945 2142 3011 2202 et
3041 2136 3245 2203 etiam
3279 2161 3313 2201 α
3349 2139 3485 2204 nisi
3529 2140 3869 2207 Dominus
3919 2142 4319 2210 custodierit

2763 2242 3134 2322 civitatem,
3210 2269 3242 2309 n
3330 2251 3405 2312 ut
3484 2247 3553 2313 in
3616 2245 3800 2314 bono
3898 2259 4312 2339 perseveret,

2765 2375 2799 2411 α
2831 2349 3100 2438 frustra
3121 2350 3370 2441 viqilat
3407 2353 3529 2443 qui
3554 2354 3851 2422 custodit
3881 2379 4055 2423 eam.
4094 2381 4128 2422 »
4163 2356 4316 2448 Ipse

2761 2459 2942 2525 enim
2975 2465 3203 2526 custos
3233 2468 3359 2538 est,
3429 2459 3511 2528 de
3571 2483 3734 2551 qun,
3777 2461 3909 2530 Isa.
3982 2486 4124 2547 xxi,
4175 2467 4247 2531 11
4293 2487 4309 2532 :

2764 2565 3032 2644 Custos,
3065 2566 3240 2657 quid
3275 2567 3358 2635 de
3384 2567 3637 2635 nocte?
3666 2568 3782 2659 qui
3835 2568 4042 2640 habet
4090 2581 4313 2640 custo·

2760 2673 2876 2741 des
2915 2672 3042 2742 sub
3071 2697 3170 2754 se,
3203 2674 3457 2744 scilicet
3501 2676 3805 2768 Angelos
3845 2686 3911 2746 et
3950 2678 4304 2750 Praelatos.

2758 2780 2888 2849 Isa.
2935 2804 3094 2861 mm,
3138 2784 3222 2850 6:
3283 2785 3509 2876 Super
3539 2806 3774 2852 muros
3812 2794 3989 2864 tuos,
4029 2789 4313 2856 Jerusa-

2762 2887 2922 2968 lem,
2955 2890 3283 2957 constitui
3318 2890 3648 2958 custodes.
3696 2890 3954 2960 Cautio.
3990 2917 4137 2976 vm,
4179 2897 4251 2963 11
4286 2918 4304 2964 ε

2766 2998 2972 3066 Vinea
3055 2997 3204 3087 suit
3282 2998 3692 3090 pacific0,...

2753 3103 3169 3176 custodibus.

3770 2999 4069 3070 tradidit
4152 3025 4305 3072 cam

2842 3214 2927 3283 Et
2955 3221 3144 3294 nota,
3178 3214 3361 3306 quod
3416 3214 3500 3283 ad
3571 3216 3951 3286 custodiam
4013 3219 4305 3288 cixitatis
4335 3232 4492 3334 ὣς
4491 3246 4653 3336 ⁰⁸⁸⁰}

2750 3322 3119 3414 perlectam
3176 3344 3445 3391 necesse
3501 3331 3600 3393 est
3671 3325 3800 3393 ista
3866 3349 4298 3397 concurrere.
4334 3346 4655 3443 &off-uu-

2750 3429 3006 3508 Primo,
3040 3437 3117 3498 ut
3143 3428 3279 3497 sint
3309 3428 3683 3521 ihivigilcs,
3719 3431 3801 3500 de
3834 3432 4108 3523 quibus,
4124 3433 4308 3502 Can-

2748 3539 2863 3607 tic.
2898 3560 2998 3618 ιιι,
3034 3539 3117 3609 3:
3143 3541 3553 3608 Iniencrunt
3581 3564 3689 3609 me
3742 3541 3987 3631 tiqiles
4016 3545 4139 3634 qui
4183 3567 4307 3613 cu-

2744 3646 3056 3715 stodiunt
3083 3646 3452 3715 civitatem.
3503 3645 3589 3715 Et
3629 3646 3862 3740 vigilia
3930 3651 4137 3718 etiam
4206 3660 4307 3721 est

2746 3756 3170 3826 necessaria:
3207 3755 3372 3847 quid
3402 3756 3584 3824 enim
3614 3767 3894 3849 agerent
3931 3760 4177 3852 vigiles
4206 3762 4306 3830 si-

2746 3887 2832 3934 ne
2863 3864 3154 3957 vigilia?
3199 3863 3407 3935 Marc.
3467 3889 3612 3947 xm,
3680 3869 3806 3937 37:
3861 3869 4068 3955 Quod
4114 3871 4304 3941 vobis

2747 3974 3268 4056 dico,omnibus
3321 3975 3498 4060 dico,
3549 3976 3860 4068 viqilate.
3931 3979 4302 4050 Portarum

2747 4082 3078 4164 custodia,
3121 4080 3419 4162 Nahum,
3464 4105 3536 4165 ιι,
3571 4084 3613 4153 6
3644 4092 3711 4153 et
3747 4087 3832 4155 'iz
3885 4089 4115 4156 Portoe
4149 4089 4305 4178 flu-

2746 4190 3016 4258 viorum
3047 4199 3299 4282 apertoe
3340 4200 3527 4276 sunt,
3569 4200 3636 4260 et
3672 4192 4011 4285 templum
4054 4194 4154 4262 ad
4183 4218 4303 4265 so-

2747 4299 2896 4368 lum
2926 4298 3241 4367 dirutum
3281 4321 3307 4367 .·
3362 4307 3427 4367 et
3471 4298 3671 4368 miles
3710 4301 4026 4392 captivus
4070 4301 4304 4372 abdu-

2744 4418 2893 4477 ctus
2947 4416 3068 4475 est.
3140 4406 3427 4499 Propter
3486 4407 3620 4478 hoc
3674 4407 3808 4479 Job
3849 4432 4011 4479 suas
4066 4420 4303 4504 portas

2745 4515 3129 4595 claudebat,
3189 4519 3445 4597 xxx1,1
3486 4539 3502 4585 :
3564 4519 3819 4611 Pepiqi
3863 4520 4098 4610 soedus
4142 4543 4300 4590 cum

2744 4624 2965 4694 oculis
3002 4626 3195 4713 meis,
3239 4634 3317 4694 ut
3366 4649 3452 4694 ne
3485 4628 3860 4716 coqitarem
3910 4628 4193 4721 quidem
4218 4629 4304 4698 de

2744 4734 3031 4825 virqitie.
3094 4732 3334 4814 Arma,
3390 4733 3501 4802 Ad
3547 4732 3799 4827 Ephes.
3860 4758 3957 4817 vx,
3997 4738 4073 4804 ss
4123 4738 4304 4807 :In-

2741 4842 2934 4909 duite
2961 4865 3078 4910 vos
3107 4850 3539 4911 armaturam
3559 4842 3712 4920 Dei,
3750 4853 3829 4910 ut
3839 4845 4124 4937 possitis
4148 4854 4303 4914 sta-

2742 4970 2815 5016 re
2869 4947 3194 5016 adversus
3253 4948 3544 5018 insidias
3640 4949 3933 5019 diaboli.
4025 4950 4297 5022 Civium

2688 5054 2693 5059 ’
2741 5056 3105 5126 concordia
3133 5064 3202 5125 et
3228 5057 3481 5139 unitas,
3506 5057 3749 5128 Matth.
3791 5082 3914 5141 xu,
3947 5063 4034 5132 25
4069 5084 4087 5130 ε
4136 5062 4299 5131 Om-

2738 5167 2847 5235 nis
2874 5168 3147 5253 civitas,
3188 5168 3300 5237 vel
3352 5169 3595 5239 domus
3649 5170 3872 5240 divisa
3929 5183 4169 5241 contra
4224 5197 4299 5243 se

2737 5298 2874 5343 non
2901 5273 3141 5346 stabit.
3206 5274 3316 5344 Ad
3359 5275 3609 5368 Ephe&
3669 5301 3763 5356 lv,
3816 5280 3913 5348 3:
3975 5279 4298 5349 Solliciti

2734 5403 3008 5450 servare
3043 5382 3379 5451 unitatem
3421 5384 3710 5476 spiritus
3743 5384 3816 5452 in
3845 5385 4124 5456 vinculo
4145 5410 4294 5480 pa-

2735 5490 2855 5561 cis.
2892 5487 3031 5559 Sed
3059 5488 3207 5559 haec
3233 5492 3468 5559 omnia
3510 5513 3651 5561 non
3687 5491 3944 5573 valent,
3988 5493 4125 5564 nisi
4170 5517 4295 5563 su-

2803 5737 2828 5773 ¹
2858 5735 2944 5795 Cf.
2977 5736 3190 5792 Genea.
3221 5751 3302 5808 xi,
3331 5737 3387 5794 8.
