5008 6329
1894 338 2609 409 COMMENTARIUS
2659 340 2752 406 IN
2799 340 3232 409 PSALMUM
3285 340 3592 410 CXVIII.

1152 524 1224 569 re
1262 514 1403 581 tuo,
1453 531 1486 568 ι)
1547 508 1813 600 supple,
1869 520 2086 596 casto,
2152 512 2222 580 id
2279 520 2408 592 est,
2451 495 2714 579 tantum

1150 609 1468 677 timorem
1499 623 1761 683 castum
1840 619 2027 685 cordi
2074 641 2230 686 meo
2271 617 2581 694 infunde,
2645 624 2717 682 ut

1150 716 1357 785 velim
1388 741 1545 788 cum
1602 722 1875 794 Christo
1917 726 2222 816 crucifigi
2262 734 2390 793 :et
2419 722 2714 792 carnalia

1151 826 1356 892 etiam
1380 829 1544 897 vitia
1569 854 1721 899 mea
1747 833 1993 900 timore
2024 840 2261 899 sancto
2293 854 2416 897 suo
2440 852 2580 896 non
2612 852 2717 896 so-

1149 931 1294 1000 lum
1333 933 1495 1027 liga,
1560 940 1699 1007 imo
1739 940 2029 1029 confiqe‚
2063 948 2141 1006 ut
2177 937 2307 1004 sim
2339 937 2420 1005 de
2451 937 2609 1020 illis,
2636 936 2716 1003 de

1153 1039 1402 1130 quibus
1495 1045 1774 1126 PauluS,
1837 1045 1924 1113 ad
1983 1043 2205 1112 Galat.
2275 1067 2345 1123 v,
2389 1045 2719 1130 24:01&

1145 1162 1310 1218 sunt
1351 1154 1634 1234 Christi,
1669 1177 1945 1223 carnem
1982 1177 2187 1222 suam
2218 1155 2714 1244 crucifixerunt

1149 1280 1302 1327 cum
1341 1261 1530 1328 vitiis
1559 1272 1622 1329 et
1660 1262 2250 1352 concupiscentiis.

1244 1389 1278 1430 α
1310 1366 1369 1434 Α
1397 1366 1699 1454 judiciis
1763 1368 1947 1434 enim
1988 1368 2151 1435 tuis.
2193 1392 2226 1433 n
2287 1366 2418 1434 Hic
2448 1375 2550 1433 est
2605 1389 2717 1434 se-

1147 1473 1475 1540 cundum.
1523 1472 1733 1553 Quasi
1773 1474 2067 1544 diceret:
2106 1475 2224 1543 Sic
2279 1483 2436 1565 peto
2479 1496 2713 1542 carnes

1149 1583 1392 1649 timore
1422 1589 1542 1650 tuo
1573 1584 1826 1674 configi
1854 1605 1868 1650 ε
1898 1593 1965 1652 et
1984 1583 2142 1670 hoc,
2170 1612 2205 1647 «
2229 1584 2437 1662 enim,
2463 1606 2494 1647 ι
2527 1583 2709 1672 quia,

1152 1714 1184 1749 «
1236 1709 1278 1753 α
1303 1685 1605 1774 judiciis
1636 1692 1774 1758 tuis
1841 1693 2075 1772 timui,
2120 1716 2154 1756 ι
2217 1714 2257 1757 a
2288 1689 2555 1766 futuris,
2619 1689 2711 1755 in·

1144 1814 1379 1883 quam,
1404 1795 1708 1885 judiciiS,
1754 1799 2007 1888 quibus
2040 1798 2131 1865 ita
2172 1798 2406 1866 stricte
2438 1795 2712 1886 judica-

1148 1899 1270 1969 bis.
1303 1901 1464 1983 Job,
1507 1927 1693 1988 xxxi,
1729 1906 1814 1973 23
1853 1926 1868 1972 :
1901 1905 2121 1990 Quasi
2152 1914 2489 1972 tumentes
2508 1925 2712 1995 super

1150 2031 1255 2077 me
1278 2010 1539 2098 fluctus
1569 2013 1778 2080 timui
1802 2015 2056 2081 Deum.

1238 2223 1407 2293 Vide
1452 2249 1641 2319 erg0‚
1688 2229 2042 2320 quomodo
2076 2230 2144 2296 in
2187 2228 2319 2298 hoc
2359 2230 2709 2297 octonario

1134 2333 1362 2420 justus
1428 2337 1719 2405 asseruit
1783 2361 1857 2406 se
1946 2347 2228 2429 propter
2290 2336 2517 2429 legem
2586 2337 2709 2405 Dei

1142 2463 1351 2532 quam
1390 2442 1638 2535 diligit,
1666 2445 1856 2513 odire
1891 2446 2191 2538 iniquos,
2230 2433 2550 2514 detestari
2574 2467 2711 2512 ma·

1143 2546 1389 2640 lignos,
1442 2552 1786 2643 despicere
1825 2555 2355 2646 praevaricantes
2385 2563 2451 2622 et
2479 2576 2711 2644 pecca·

1141 2663 1347 2741 toreS,
1391 2665 1457 2726 et
1478 2660 1675 2749 petiit
1709 2660 1959 2731 timore
1991 2662 2144 2743 Dei,
2179 2662 2376 2753 quasi
2410 2661 2707 2753 quodam

1139 2763 1333 2832 clavo
1373 2767 1654 2858 conligi,
1693 2776 1761 2835 et
1790 2770 2072 2860 reprimi
2114 2773 2351 2838 omnia
2384 2769 2704 2851 carnalia,

1137 2892 1258 2959 per
1295 2893 1445 2962 quae
1501 2874 1735 2940 omnia
1776 2875 2017 2943 firmus
2084 2884 2218 2944 stet
2265 2877 2333 2943 in
2374 2876 2523 2967 lege
2556 2876 2703 2942 llei.

1137 2976 1318 3069 Ergo
1405 2978 1564 3047 audi
1650 2980 1820 3070 justi
1879 2982 2011 3050 viri
2091 2983 2608 3051 firmamentum
2683 3004 2698 3048 ε

1136 3086 1232 3154 sic
1296 3089 1480 3155 enim
1548 3089 2038 3183 interpretatur
2104 3090 2331 3161 littera
2417 3091 2704 3159 llebraea

1138 3200 1505 3288 praeposita
1551 3196 1715 3269 huic
1770 3202 2154 3281 octonario,
2208 3224 2364 3293 quae
2405 3212 2509 3271 est
2575 3200 2705 3271 Ss-

1145 3326 1319 3372 uecn
1360 3306 1512 3401 (D),
1562 3327 1714 3397 quae
1762 3307 2274 3400 interpretatur,
2328 3308 2525 3391 audi,
2595 3307 2703 3378 vel

1138 3411 1684 3501 firmamentum.
1723 3414 1761 3483 J
1773 3438 1952 3506 unge
1973 3438 2167 3508 erge,
2210 3424 2277 3486 et
2307 3416 2490 3485 dices
2526 3440 2541 3484 ε
2576 3419 2679 3485 Au

1146 3515 1213 3584 di
1254 3518 1792 3589 firmamentum.

1770 3946 1914 4014 Am
1950 3943 2079 4044 e»

1157 4406 1312 4457 121.
1372 4380 1534 4454 Feci
1585 4378 1947 4473 judicium
2005 4396 2077 4451 et
2131 4378 2515 4470 justitiam,
2558 4402 2700 4451 uon

1414 4488 1657 4561 tradas
1722 4510 1842 4560 me
1899 4486 2518 4559 calumniantibus
2560 4508 2698 4558 me.

1161 4621 1315 4670 ηπ.
1368 4594 1673 4690 Suscipe
1703 4615 1999 4666 servum
2029 4612 2243 4665 tuum
2273 4594 2346 4665 in
2383 4594 2699 4666 bonum:

1412 4725 1558 4774 non
1605 4700 2151 4776 calumnientur
2205 4722 2324 4773 me
2380 4700 2701 4795 superbi.

1158 4813 1313 4884 123.
1367 4807 1583 4883 Oculi
1615 4806 1759 4880 mei
1799 4806 2223 4879 defecerunt
2272 4806 2344 4877 in
2396 4808 2704 4879 salutare

1410 4939 1647 5005 tuum,
1707 4935 1779 4990 et
1848 4918 1922 4989 in
1982 4916 2362 5012 eloquium
2412 4917 2705 5008 justitia:

1414 5041 1585 5095 ωε.

1157 5135 1511 5225 124.·Fac
1589 5154 1758 5204 cum
1817 5153 2029 5204 servo
2098 5150 2228 5205 tuo
2303 5132 2703 5204 secundum

1411 5237 1995 5311 misericordiam
2073 5256 2301 5319 tuam,
2338 5256 2409 5311 et
2457 5238 2707 5331 justiti·

1413 5346 1735 5418 cationes
1773 5364 1935 5417 tuas
1969 5346 2147 5417 doce
2182 5367 2326 5418 me.

1159 5459 1315 5527 125.
1370 5451 1646 5527 Servus
1694 5472 1867 5525 tuus
1919 5475 2088 5525 sum
2148 5475 2310 5547 ego,
2363 5454 2452 5524 da
2523 5453 2702 5525 mihi

1413 5559 1892 5647 intellectum,
1952 5578 2035 5630 ut
2094 5557 2319 5633 sciam
2387 5560 2709 5632 testimo-

1418 5690 1537 5739 ma
1584 5685 1733 5738 tua.

4240 341 4367 410 307

2838 513 2992 579 126.
3044 512 3368 601 Tempus
3398 509 3729 595 faciendi,
3769 510 4073 580 Domine
4120 511 4372 580 :dissi-

3095 636 3444 707 paverunt
3476 619 3706 711 legem
3756 637 3979 688 tuam.

2839 746 2989 814 127.
3049 724 3218 794 Ideo
3285 725 3497 796 dilexi
3567 726 3902 796 mandata
3955 744 4076 795 tua
4151 746 4372 815 super

3090 856 3351 904 aurum
3381 852 3451 903 et
3491 835 3846 925 topazion.

2836 940 2989 1010 128.
3047 940 3435 1030 Propterea
3475 940 3563 1009 ad
3596 939 3839 1009 omnia
3866 939 4208 1009 mandata
4238 955 4364 1009 tua

3090 1046 3452 1137 dirigebar
3476 1069 3801 1118 :omnem
3827 1047 4014 1117 viam
4037 1047 4368 1140 iniquam

3090 1150 3260 1221 odio
3296 1152 3541 1223 habui.

3631 1679 3749 1774 (Β)

2916 2140 2947 2172 α
2989 2112 3146 2179 Feci
3171 2110 3555 2201 judicium.
3594 2135 3625 2176 ι
3661 2109 3788 2178 llic
3827 2118 3927 2178 est
3956 2109 4361 2190 secundum,

2821 2217 2887 2284 in
2963 2241 3098 2309 quo
3159 2226 3519 2310 postquam
3601 2216 3890 2286 ostendit
3977 2216 4366 2284 dilectionis

2820 2324 3316 2394 vehementiam
3347 2324 3431 2394 ad
3473 2326 3690 2418 legem
3734 2324 3850 2393 Dei
3901 2325 4369 2416 comparatio-

2819 2456 2902 2500 ne
2941 2432 3028 2499 ad
3058 2431 3274 2501 malos
3312 2431 3730 2523 simpliciter,
3757 2430 3865 2500 hic
3920 2431 4373 2522 comparatio-

2819 2566 2902 2611 ne
2951 2544 3035 2611 ad
3102 2544 3524 2612 destruentes
3554 2542 3772 2634 legem
3829 2541 4236 2633 specialiter.
4284 2541 4370 2608 Et

2816 2654 3061 2743 primu,
3103 2654 3341 2743 petitio
3358 2651 3592 2719 auxilii
3624 2660 3856 2719 contra
3887 2650 4077 2719 tales.
4117 2649 4374 2719 Secun-

2818 2761 2928 2837 do,
2966 2760 3360 2828 lamentatio
3392 2784 3514 2850 pro
3546 2759 3999 2827 destructione
4022 2758 4247 2849 legisa
4273 2766 4375 2825 ta-

2817 2867 3019 2945 libus,
3056 2868 3173 2946 ibi,
3207 2875 3269 2943 ,ἐκ
3322 2869 3446 2934 126
3483 2890 3497 2933 :
3545 2893 3579 2932 ι
3627 2868 3911 2959 Tempus
3961 2865 4292 2956 faciendi.
4327 2894 4359 2927 ιο

2811 2978 3064 3056 Tertio,
3099 2978 3444 3069 expressio
3497 2977 3779 3045 fervoris
3809 3000 3884 3045 ac
3934 2975 4246 3043 desiderii
4283 2974 4371 3044 ad

2811 3084 3033 3176 legem
3103 3086 3251 3162 Dei,
3323 3085 3440 3162 ibi,
3513 3092 3574 3161 ᾗ.
3643 3085 3765 3152 12Ἱ
3847 3107 3863 3152 :
3927 3109 3961 3150 α
4035 3083 4197 3151 Ideo
4252 3083 4369 3151 di-

2816 3195 2982 3261 lexi.
3040 3224 3071 3256 n

2903 3299 2979 3367 ln
3044 3301 3264 3392 prima
3306 3300 3466 3369 duo.
3537 3299 3795 3380 Primo,
3855 3299 4093 3391 petitio
4125 3299 4366 3367 auxilii

2807 3418 3043 3478 contra
3074 3410 3594 3491 calumnianteS,
3653 3418 3719 3478 et
3761 3407 4184 3478 intendentes
4235 3408 4368 3476 de-

2811 3525 3070 3585 struere
3099 3516 3347 3609 legem.
3385 3514 3725 3593 Secundo,
3777 3515 4181 3607 supplicatio
4243 3537 4369 3606 pro

2808 3622 3106 3691 adventu
3162 3624 3333 3715 ejus,
3406 3646 3525 3715 per
3574 3646 3777 3715 quem
3807 3624 3933 3691 erit
3972 3643 4151 3691 verae
4191 3620 4365 3712 legis

2810 3728 3232 3820 adimpletio,
3276 3729 3394 3810 ibi,
3439 3737 3503 3806 5.
3545 3730 3666 3798 123
3701 3750 3718 3798 :
3756 3755 3789 3796 ι
3822 3727 4027 3799 Oculi
4078 3727 4215 3796 mei
4242 3726 4368 3795 de-

2808 3843 3138 3929 fecerunt.
3176 3869 3211 3904 n

2903 3947 2979 4016 ln
3012 3949 3230 4041 prima
3259 3948 3423 4027 duo,
3465 3947 3837 4016 secundum
3879 3947 4015 4014 duo
4048 3968 4198 4039 quae
4228 3968 4359 4038 pe-

2812 4057 2914 4125 tit.
2950 4056 3205 4141 l'rimo,
3266 4082 3349 4126 ne
3396 4057 3740 4150 permittat
3793 4080 3951 4125 eum
3990 4054 4077 4123 ab
4121 4055 4358 4146 impu-

2811 4175 3064 4254 gnante
3128 4165 3349 4256 legem
3388 4165 3723 4234 convinci.
3780 4161 4124 4243 Secundo,
4168 4161 4356 4255 quod

2811 4273 2964 4364 plus
3002 4282 3127 4352 est,
3163 4297 3246 4341 ne
3277 4275 3619 4365 permittat
3644 4296 3802 4342 eum
3834 4271 3902 4339 in
3922 4269 4359 4339 calumnian-

2812 4382 2900 4450 do
2930 4382 3407 4474 superari‚il›i,
3439 4390 3503 4459 5.
3553 4384 3676 4450 ¹22
3718 4404 3734 4449 :
3798 4411 3832 4446 ι
3891 4382 4177 4473 Suscipe
4208 4403 4358 4449 ser-

2811 4511 2999 4557 vum.
3043 4512 3078 4555 ι

2901 4597 2977 4665 ln
3011 4598 3231 4689 prima
3260 4596 3423 4665 duo.
3472 4595 3728 4680 l'rimo,
3760 4595 4076 4687 allegatio
4098 4602 4173 4663 ut
4202 4616 4362 4663 mo·

2809 4712 2963 4773 veat
2994 4705 3295 4794 judicem
3353 4706 3598 4771 merito
3653 4703 4027 4795 prudentiae
4061 4710 4131 4771 et
4148 4702 4362 4792 justi-

2810 4813 2947 4880 tice.
2988 4812 3333 4893 Secundo,
3384 4811 3644 4905 petitio,
3688 4810 3805 4896 ibi,
3867 4838 3900 4879 ι
3951 4812 4054 4881 Ne
4119 4810 4361 4880 tradas
4467 4899 4479 4914 Ι

2810 4943 2938 4989 me.
2984 4949 3016 4982 D

2902 5235 3076 5304 Dicit
3105 5257 3269 5325 ergo
3306 5257 3322 5302 ε
3384 5233 3522 5315 Sic,
3564 5232 4181 5325 Domine‚iniquos
4203 5234 4359 5303 odi-

2808 5344 2904 5422 vi.
2935 5341 3264 5436 superbos
3291 5341 3691 5431 contempsi,
3715 5348 3778 5408 et
3807 5340 4358 5430 praevaricatores

2807 5454 2979 5546 legis
3017 5460 3149 5521 tuae
3187 5450 3440 5544 sprevi,
3509 5457 3575 5518 et
3639 5449 3843 5518 etiam
3878 5473 3914 5514 ι
3953 5450 4093 5539 leci
4142 5448 4360 5539 juda·-

2811 5565 3022 5642 cium,
3043 5560 3381 5629 »interius
3410 5558 3772 5650 diligenter
3790 5557 3952 5650 quid
3969 5556 4228 5628 bonum
4254 5567 4359 5628 est

2694 5684 2697 5685 *
2812 5668 3265 5747 discutiendO.
3318 5675 3500 5759 quod
3553 5672 3654 5734 est
3713 5664 4143 5757 prudentioe:
4217 5694 4251 5730 α
4294 5676 4361 5736 et

4450 5259 4634 5324 12!
