<?xml version="1.0" encoding="UTF-8"?>
<!DOCTYPE html PUBLIC "-//W3C//DTD XHTML 1.0 Transitional//EN"
    "http://www.w3.org/TR/xhtml1/DTD/xhtml1-transitional.dtd">
<html xmlns="http://www.w3.org/1999/xhtml" xml:lang="en" lang="en">
 <head>
  <title>
</title>
<meta http-equiv="Content-Type" content="text/html;charset=utf-8" />
  <meta name='ocr-system' content='tesseract 3.04.00' />
  <meta name='ocr-capabilities' content='ocr_page ocr_carea ocr_par ocr_line ocrx_word'/>
</head>
<body>
  <div class='ocr_page' id='page_1' title='image "balbertimagnira02chgoog_0259.png"; bbox 0 0 5008 6329; ppageno 0'>
   <div class='ocr_carea' id='block_1_1' title="bbox 957 4200 1074 4266">
    <p class='ocr_par' dir='ltr' id='par_1_1' title="bbox 957 4200 1074 4266">
     <span class='ocr_line' id='line_1_1' title="bbox 957 4200 1074 4266; baseline -0.026 0"><span class='ocrx_word' id='word_1_1' title='bbox 957 4200 1074 4266; x_wconf 66' lang='lat'><strong>¹2</strong></span> 
     </span>
    </p>
   </div>
   <div class='ocr_carea' id='block_1_2' title="bbox 1966 214 3654 319">
    <p class='ocr_par' dir='ltr' id='par_1_2' title="bbox 1966 214 3654 319">
     <span class='ocr_line' id='line_1_2' title="bbox 1966 214 3654 319; baseline -0.004 -1"><span class='ocrx_word' id='word_1_2' title='bbox 1966 214 2674 319; x_wconf 84' lang='lat' dir='ltr'><strong>COMMENTARIUS</strong></span> <span class='ocrx_word' id='word_1_3' title='bbox 2722 248 2814 313; x_wconf 79' lang='lat' dir='ltr'><strong>IN</strong></span> <span class='ocrx_word' id='word_1_4' title='bbox 2859 245 3294 315; x_wconf 80' lang='lat' dir='ltr'>PSALMUM</span> <span class='ocrx_word' id='word_1_5' title='bbox 3345 242 3654 314; x_wconf 84' lang='lat' dir='ltr'>CXVIII.</span> 
     </span>
    </p>
   </div>
   <div class='ocr_carea' id='block_1_3' title="bbox 1213 418 2782 3935">
    <p class='ocr_par' dir='ltr' id='par_1_3' title="bbox 1227 418 2781 1049">
     <span class='ocr_line' id='line_1_3' title="bbox 1231 418 2776 510; baseline -0.002 -26"><span class='ocrx_word' id='word_1_6' title='bbox 1231 426 1563 506; x_wconf 87' lang='lat' dir='ltr'><strong>quantum</strong></span> <span class='ocrx_word' id='word_1_7' title='bbox 1601 428 1828 510; x_wconf 88' lang='lat' dir='ltr'><strong>potest</strong></span> <span class='ocrx_word' id='word_1_8' title='bbox 1859 423 1929 488; x_wconf 88' lang='lat' dir='ltr'><strong>in</strong></span> <span class='ocrx_word' id='word_1_9' title='bbox 1950 421 2080 490; x_wconf 88' lang='lat' dir='ltr'><strong>hac</strong></span> <span class='ocrx_word' id='word_1_10' title='bbox 2107 424 2277 501; x_wconf 87' lang='lat' dir='ltr'><strong>vita,</strong></span> <span class='ocrx_word' id='word_1_11' title='bbox 2311 421 2423 489; x_wconf 91' lang='lat' dir='ltr'><strong>hic</strong></span> <span class='ocrx_word' id='word_1_12' title='bbox 2460 428 2613 487; x_wconf 89' lang='lat' dir='ltr'><strong>sunt</strong></span> <span class='ocrx_word' id='word_1_13' title='bbox 2645 418 2776 483; x_wconf 91' lang='lat' dir='ltr'><strong>duo</strong></span> 
     </span>
     <span class='ocr_line' id='line_1_4' title="bbox 1229 528 2780 620; baseline -0.001 -30"><span class='ocrx_word' id='word_1_14' title='bbox 1229 528 1586 594; x_wconf 79' lang='lat' dir='ltr'><strong>octonarii.</strong></span> <span class='ocrx_word' id='word_1_15' title='bbox 1653 528 1729 595; x_wconf 90' lang='lat' dir='ltr'><strong>In</strong></span> <span class='ocrx_word' id='word_1_16' title='bbox 1795 528 2489 620; x_wconf 84' lang='lat' dir='ltr'><strong>primo‚supplicatio</strong></span> <span class='ocrx_word' id='word_1_17' title='bbox 2548 534 2780 592; x_wconf 85' lang='lat' dir='ltr'><strong>contra</strong></span> 
     </span>
     <span class='ocr_line' id='line_1_5' title="bbox 1229 632 2780 716; baseline 0 -18"><span class='ocrx_word' id='word_1_18' title='bbox 1229 635 1609 704; x_wconf 78' lang='lat' dir='ltr'><strong>naturalem</strong></span> <span class='ocrx_word' id='word_1_19' title='bbox 1652 638 2148 716; x_wconf 79' lang='lat' dir='ltr'><strong>infirmitatem,</strong></span> <span class='ocrx_word' id='word_1_20' title='bbox 2194 644 2261 702; x_wconf 89' lang='lat' dir='ltr'><strong>et</strong></span> <span class='ocrx_word' id='word_1_21' title='bbox 2290 633 2666 702; x_wconf 74' lang='lat' dir='ltr'><strong>trahentem</strong></span> <span class='ocrx_word' id='word_1_22' title='bbox 2697 632 2780 698; x_wconf 91' lang='lat' dir='ltr'><strong>ad</strong></span> 
     </span>
     <span class='ocr_line' id='line_1_6' title="bbox 1229 740 2781 832; baseline -0.003 -23"><span class='ocrx_word' id='word_1_23' title='bbox 1229 751 1581 832; x_wconf 89' lang='lat' dir='ltr'><strong>peccatum</strong></span> <span class='ocrx_word' id='word_1_24' title='bbox 1638 744 1937 811; x_wconf 90' lang='lat' dir='ltr'><strong>turbam.</strong></span> <span class='ocrx_word' id='word_1_25' title='bbox 2019 741 2097 807; x_wconf 89' lang='lat' dir='ltr'><strong>In</strong></span> <span class='ocrx_word' id='word_1_26' title='bbox 2174 740 2502 818; x_wconf 78' lang='lat' dir='ltr'><strong>secunde,</strong></span> <span class='ocrx_word' id='word_1_27' title='bbox 2546 748 2781 807; x_wconf 89' lang='lat' dir='ltr'><strong>contra</strong></span> 
     </span>
     <span class='ocr_line' id='line_1_7' title="bbox 1228 850 2776 944; baseline -0.002 -25"><span class='ocrx_word' id='word_1_28' title='bbox 1228 853 1794 921; x_wconf 89' lang='lat' dir='ltr'><strong>consuetudinem</strong></span> <span class='ocrx_word' id='word_1_29' title='bbox 1826 850 2150 944; x_wconf 90' lang='lat' dir='ltr'><strong>peccandi</strong></span> <span class='ocrx_word' id='word_1_30' title='bbox 2180 860 2622 931; x_wconf 86' lang='lat' dir='ltr'><strong>contractam,</strong></span> <span class='ocrx_word' id='word_1_31' title='bbox 2663 851 2776 931; x_wconf 91' lang='lat' dir='ltr'><strong>ibi,</strong></span> 
     </span>
     <span class='ocr_line' id='line_1_8' title="bbox 1227 961 2413 1049; baseline -0.001 -23"><span class='ocrx_word' id='word_1_32' title='bbox 1227 966 1291 1036; x_wconf 61' lang='grc' dir='ltr'><strong>ᾗ.</strong></span> <span class='ocrx_word' id='word_1_33' title='bbox 1326 962 1412 1028; x_wconf 74' lang='grc'><strong>25</strong></span> <span class='ocrx_word' id='word_1_34' title='bbox 1448 983 1464 1027; x_wconf 90' lang='lat'>:</span> <span class='ocrx_word' id='word_1_35' title='bbox 1511 990 1541 1022; x_wconf 77' lang='grc' dir='ltr'><strong>α</strong></span> <span class='ocrx_word' id='word_1_36' title='bbox 1577 961 1887 1028; x_wconf 54' lang='lat' dir='ltr'><strong>Adhaesit</strong></span> <span class='ocrx_word' id='word_1_37' title='bbox 1908 961 2338 1049; x_wconf 83' lang='lat' dir='ltr'><strong>pavimento.</strong></span> <span class='ocrx_word' id='word_1_38' title='bbox 2379 986 2413 1025; x_wconf 81' lang='grc' dir='ltr'><strong>ιι</strong></span> 
     </span>
    </p>

    <p class='ocr_par' dir='ltr' id='par_1_4' title="bbox 1227 1064 2782 1885">
     <span class='ocr_line' id='line_1_9' title="bbox 1320 1064 2782 1156; baseline -0.003 -24"><span class='ocrx_word' id='word_1_39' title='bbox 1320 1064 1423 1133; x_wconf 82' lang='lat' dir='ltr'><strong>Ex</strong></span> <span class='ocrx_word' id='word_1_40' title='bbox 1450 1066 1583 1133; x_wconf 90' lang='lat' dir='ltr'><strong>hoc</strong></span> <span class='ocrx_word' id='word_1_41' title='bbox 1611 1067 1758 1154; x_wconf 88' lang='lat' dir='ltr'><strong>jam</strong></span> <span class='ocrx_word' id='word_1_42' title='bbox 1798 1073 1983 1156; x_wconf 89' lang='lat' dir='ltr'><strong>patet</strong></span> <span class='ocrx_word' id='word_1_43' title='bbox 2026 1065 2275 1135; x_wconf 88' lang='lat' dir='ltr'><strong>divisio</strong></span> <span class='ocrx_word' id='word_1_44' title='bbox 2334 1067 2574 1155; x_wconf 87' lang='lat' dir='ltr'><strong>primae</strong></span> <span class='ocrx_word' id='word_1_45' title='bbox 2622 1086 2782 1154; x_wconf 88' lang='lat' dir='ltr'><strong>par-</strong></span> 
     </span>
     <span class='ocr_line' id='line_1_10' title="bbox 1228 1172 2779 1264; baseline -0.002 -24"><span class='ocrx_word' id='word_1_46' title='bbox 1228 1173 1343 1241; x_wconf 78' lang='lat' dir='ltr'><strong>tis.</strong></span> <span class='ocrx_word' id='word_1_47' title='bbox 1394 1172 1630 1240; x_wconf 87' lang='lat' dir='ltr'><strong>Primo</strong></span> <span class='ocrx_word' id='word_1_48' title='bbox 1688 1173 1870 1240; x_wconf 90' lang='lat' dir='ltr'><strong>enim</strong></span> <span class='ocrx_word' id='word_1_49' title='bbox 1938 1177 2109 1264; x_wconf 89' lang='lat' dir='ltr'><strong>petit</strong></span> <span class='ocrx_word' id='word_1_50' title='bbox 2165 1173 2497 1242; x_wconf 86' lang='lat' dir='ltr'><strong>auxilium</strong></span> <span class='ocrx_word' id='word_1_51' title='bbox 2550 1173 2779 1262; x_wconf 63' lang='lat' dir='ltr'><strong>gratiae</strong></span> 
     </span>
     <span class='ocr_line' id='line_1_11' title="bbox 1229 1279 2779 1371; baseline -0.003 -25"><span class='ocrx_word' id='word_1_52' title='bbox 1229 1287 1467 1346; x_wconf 90' lang='lat' dir='ltr'><strong>contra</strong></span> <span class='ocrx_word' id='word_1_53' title='bbox 1529 1279 2000 1349; x_wconf 76' lang='lat' dir='ltr'><strong>infirmitatem</strong></span> <span class='ocrx_word' id='word_1_54' title='bbox 2078 1288 2360 1371; x_wconf 88' lang='lat' dir='ltr'><strong>propter</strong></span> <span class='ocrx_word' id='word_1_55' title='bbox 2432 1285 2779 1369; x_wconf 82' lang='lat' dir='ltr'><strong>pecc-atum</strong></span> 
     </span>
     <span class='ocr_line' id='line_1_12' title="bbox 1227 1383 2782 1476; baseline -0.001 -25"><span class='ocrx_word' id='word_1_56' title='bbox 1227 1386 1612 1475; x_wconf 88' lang='lat' dir='ltr'><strong>primorum</strong></span> <span class='ocrx_word' id='word_1_57' title='bbox 1642 1395 2008 1476; x_wconf 87' lang='lat' dir='ltr'><strong>parentum</strong></span> <span class='ocrx_word' id='word_1_58' title='bbox 2040 1395 2485 1455; x_wconf 88' lang='lat' dir='ltr'><strong>contractam.</strong></span> <span class='ocrx_word' id='word_1_59' title='bbox 2533 1383 2782 1451; x_wconf 85' lang='lat' dir='ltr'><strong>Secun-</strong></span> 
     </span>
     <span class='ocr_line' id='line_1_13' title="bbox 1231 1492 2779 1583; baseline -0.002 -23"><span class='ocrx_word' id='word_1_60' title='bbox 1231 1492 1345 1578; x_wconf 90' lang='lat' dir='ltr'><strong>de,</strong></span> <span class='ocrx_word' id='word_1_61' title='bbox 1369 1502 1608 1561; x_wconf 89' lang='lat' dir='ltr'><strong>contra</strong></span> <span class='ocrx_word' id='word_1_62' title='bbox 1628 1495 1899 1563; x_wconf 89' lang='lat' dir='ltr'><strong>turbam</strong></span> <span class='ocrx_word' id='word_1_63' title='bbox 1925 1494 2293 1571; x_wconf 87' lang='lat' dir='ltr'><strong>malorum,</strong></span> <span class='ocrx_word' id='word_1_64' title='bbox 2320 1493 2406 1562; x_wconf 90' lang='lat' dir='ltr'><strong>ad</strong></span> <span class='ocrx_word' id='word_1_65' title='bbox 2435 1500 2779 1583; x_wconf 88' lang='lat' dir='ltr'><strong>peccatum</strong></span> 
     </span>
     <span class='ocr_line' id='line_1_14' title="bbox 1236 1599 2775 1681; baseline 0.001 -16"><span class='ocrx_word' id='word_1_66' title='bbox 1236 1599 1704 1681; x_wconf 88' lang='lat' dir='ltr'><strong>inclinantem,</strong></span> <span class='ocrx_word' id='word_1_67' title='bbox 1765 1612 1834 1671; x_wconf 92' lang='lat' dir='ltr'><strong>et</strong></span> <span class='ocrx_word' id='word_1_68' title='bbox 1888 1602 2299 1681; x_wconf 80' lang='lat' dir='ltr'><strong>trahentem,</strong></span> <span class='ocrx_word' id='word_1_69' title='bbox 2342 1600 2459 1679; x_wconf 91' lang='lat' dir='ltr'><strong>ibi,</strong></span> <span class='ocrx_word' id='word_1_70' title='bbox 2519 1609 2578 1677; x_wconf 59' lang='grc' dir='ltr'><strong>δι’.</strong></span> <span class='ocrx_word' id='word_1_71' title='bbox 2631 1601 2714 1664; x_wconf 80' lang='grc'><strong>22</strong></span> <span class='ocrx_word' id='word_1_72' title='bbox 2759 1621 2775 1666; x_wconf 89' lang='lat'><strong>:</strong></span> 
     </span>
     <span class='ocr_line' id='line_1_15' title="bbox 1233 1709 2774 1802; baseline -0.001 -29"><span class='ocrx_word' id='word_1_73' title='bbox 1233 1733 1266 1773; x_wconf 72' lang='lat' dir='ltr'><strong>e</strong></span> <span class='ocrx_word' id='word_1_74' title='bbox 1297 1709 1522 1799; x_wconf 82' lang='lat' dir='ltr'><strong>Aufer</strong></span> <span class='ocrx_word' id='word_1_75' title='bbox 1539 1733 1584 1777; x_wconf 90' lang='lat' dir='ltr'><strong>a</strong></span> <span class='ocrx_word' id='word_1_76' title='bbox 1614 1733 1721 1777; x_wconf 87' lang='lat' dir='ltr'><strong>mc</strong></span> <span class='ocrx_word' id='word_1_77' title='bbox 1739 1710 2189 1802; x_wconf 82' lang='lat' dir='ltr'><strong>opprobrium</strong></span> <span class='ocrx_word' id='word_1_78' title='bbox 2209 1720 2274 1778; x_wconf 87' lang='lat' dir='ltr'><strong>et</strong></span> <span class='ocrx_word' id='word_1_79' title='bbox 2294 1717 2774 1799; x_wconf 72' lang='lat' dir='ltr'><strong>contemptum,</strong></span> 
     </span>
     <span class='ocr_line' id='line_1_16' title="bbox 1232 1823 1554 1885; baseline -0.009 -1"><span class='ocrx_word' id='word_1_80' title='bbox 1232 1823 1359 1885; x_wconf 87' lang='lat' dir='ltr'><strong>etc.</strong></span> <span class='ocrx_word' id='word_1_81' title='bbox 1409 1843 1444 1881; x_wconf 85' lang='grc' dir='ltr'><strong>ιι</strong></span> <span class='ocrx_word' id='word_1_82' title='bbox 1542 1864 1554 1874; x_wconf 87' lang='grc'><strong>.</strong></span> 
     </span>
    </p>

    <p class='ocr_par' dir='ltr' id='par_1_5' title="bbox 1222 1922 2781 2336">
     <span class='ocr_line' id='line_1_17' title="bbox 1313 1922 2776 2017; baseline -0.003 -25"><span class='ocrx_word' id='word_1_83' title='bbox 1313 1922 1395 1992; x_wconf 92' lang='lat' dir='ltr'><strong>In</strong></span> <span class='ocrx_word' id='word_1_84' title='bbox 1429 1923 1654 2015; x_wconf 89' lang='lat' dir='ltr'><strong>prima</strong></span> <span class='ocrx_word' id='word_1_85' title='bbox 1699 1924 1862 1992; x_wconf 91' lang='lat' dir='ltr'><strong>duo.</strong></span> <span class='ocrx_word' id='word_1_86' title='bbox 1929 1924 2196 2006; x_wconf 90' lang='lat' dir='ltr'><strong>Primo,</strong></span> <span class='ocrx_word' id='word_1_87' title='bbox 2254 1925 2492 2017; x_wconf 84' lang='lat' dir='ltr'><strong>petitio</strong></span> <span class='ocrx_word' id='word_1_88' title='bbox 2549 1922 2776 1991; x_wconf 81' lang='lat' dir='ltr'><strong>auxilii</strong></span> 
     </span>
     <span class='ocr_line' id='line_1_18' title="bbox 1225 2028 2781 2111; baseline 0 -14"><span class='ocrx_word' id='word_1_89' title='bbox 1225 2037 1465 2098; x_wconf 89' lang='lat' dir='ltr'><strong>contra</strong></span> <span class='ocrx_word' id='word_1_90' title='bbox 1512 2031 2009 2100; x_wconf 77' lang='lat' dir='ltr'><strong>infirmitatem.</strong></span> <span class='ocrx_word' id='word_1_91' title='bbox 2075 2029 2419 2111; x_wconf 87' lang='lat' dir='ltr'><strong>Secunde,</strong></span> <span class='ocrx_word' id='word_1_92' title='bbox 2489 2028 2781 2098; x_wconf 84' lang='lat' dir='ltr'><strong>ostendit</strong></span> 
     </span>
     <span class='ocr_line' id='line_1_19' title="bbox 1225 2135 2773 2228; baseline -0.002 -24"><span class='ocrx_word' id='word_1_93' title='bbox 1225 2135 1407 2204; x_wconf 90' lang='lat' dir='ltr'><strong>illius</strong></span> <span class='ocrx_word' id='word_1_94' title='bbox 1433 2137 1851 2204; x_wconf 76' lang='lat' dir='ltr'><strong>infirmitatis</strong></span> <span class='ocrx_word' id='word_1_95' title='bbox 1880 2137 2279 2228; x_wconf 86' lang='lat' dir='ltr'><strong>multiplicis</strong></span> <span class='ocrx_word' id='word_1_96' title='bbox 2325 2159 2628 2220; x_wconf 86' lang='lat' dir='ltr'><strong>causam,</strong></span> <span class='ocrx_word' id='word_1_97' title='bbox 2657 2137 2773 2213; x_wconf 89' lang='lat' dir='ltr'><strong>ibi,</strong></span> 
     </span>
     <span class='ocr_line' id='line_1_20' title="bbox 1222 2242 2412 2336; baseline -0.001 -26"><span class='ocrx_word' id='word_1_98' title='bbox 1222 2251 1287 2321; x_wconf 55' lang='grc' dir='ltr'><strong>ᾗ.</strong></span> <span class='ocrx_word' id='word_1_99' title='bbox 1322 2244 1402 2311; x_wconf 88' lang='grc'><strong>21</strong></span> <span class='ocrx_word' id='word_1_100' title='bbox 1442 2264 1458 2310; x_wconf 89' lang='lat'><strong>:</strong></span> <span class='ocrx_word' id='word_1_101' title='bbox 1506 2271 1539 2306; x_wconf 76' lang='grc' dir='ltr'><strong>α</strong></span> <span class='ocrx_word' id='word_1_102' title='bbox 1570 2244 1956 2335; x_wconf 81' lang='lat' dir='ltr'><strong>Increpasti</strong></span> <span class='ocrx_word' id='word_1_103' title='bbox 1986 2242 2338 2336; x_wconf 79' lang='lat' dir='ltr'><strong>superbos.</strong></span> <span class='ocrx_word' id='word_1_104' title='bbox 2380 2269 2412 2308; x_wconf 90' lang='grc' dir='ltr'><strong>ιι</strong></span> 
     </span>
    </p>

    <p class='ocr_par' dir='ltr' id='par_1_6' title="bbox 1216 2350 2779 2766">
     <span class='ocr_line' id='line_1_21' title="bbox 1307 2350 2776 2443; baseline -0.001 -25"><span class='ocrx_word' id='word_1_105' title='bbox 1307 2350 1384 2419; x_wconf 90' lang='lat' dir='ltr'><strong>In</strong></span> <span class='ocrx_word' id='word_1_106' title='bbox 1415 2350 1636 2443; x_wconf 88' lang='lat' dir='ltr'><strong>prima</strong></span> <span class='ocrx_word' id='word_1_107' title='bbox 1679 2350 1843 2419; x_wconf 91' lang='lat' dir='ltr'><strong>duo.</strong></span> <span class='ocrx_word' id='word_1_108' title='bbox 1897 2350 2160 2430; x_wconf 82' lang='lat' dir='ltr'><strong>Primo,</strong></span> <span class='ocrx_word' id='word_1_109' title='bbox 2210 2352 2615 2443; x_wconf 81' lang='lat' dir='ltr'><strong>supplicatio</strong></span> <span class='ocrx_word' id='word_1_110' title='bbox 2657 2371 2776 2441; x_wconf 86' lang='lat' dir='ltr'><strong>pro</strong></span> 
     </span>
     <span class='ocr_line' id='line_1_22' title="bbox 1224 2458 2770 2530; baseline -0.002 -2"><span class='ocrx_word' id='word_1_111' title='bbox 1224 2458 1481 2528; x_wconf 86' lang='lat' dir='ltr'><strong>auxilio</strong></span> <span class='ocrx_word' id='word_1_112' title='bbox 1538 2468 1779 2529; x_wconf 88' lang='lat' dir='ltr'><strong>contra</strong></span> <span class='ocrx_word' id='word_1_113' title='bbox 1845 2460 2317 2530; x_wconf 72' lang='lat' dir='ltr'><strong>infirmitatem</strong></span> <span class='ocrx_word' id='word_1_114' title='bbox 2377 2459 2770 2528; x_wconf 85' lang='lat' dir='ltr'><strong>humanam.</strong></span> 
     </span>
     <span class='ocr_line' id='line_1_23' title="bbox 1228 2565 2779 2659; baseline -0.002 -25"><span class='ocrx_word' id='word_1_115' title='bbox 1228 2565 1573 2649; x_wconf 86' lang='lat' dir='ltr'><strong>Secundo,</strong></span> <span class='ocrx_word' id='word_1_116' title='bbox 1607 2567 1988 2659; x_wconf 80' lang='lat' dir='ltr'><strong>persuasiO,</strong></span> <span class='ocrx_word' id='word_1_117' title='bbox 2023 2566 2144 2654; x_wconf 85' lang='lat' dir='ltr'><strong>ibi,</strong></span> <span class='ocrx_word' id='word_1_118' title='bbox 2176 2575 2240 2644; x_wconf 68' lang='lat'><strong>5.</strong></span> <span class='ocrx_word' id='word_1_119' title='bbox 2276 2569 2361 2634; x_wconf 83' lang='lat'><strong>20</strong></span> <span class='ocrx_word' id='word_1_120' title='bbox 2396 2590 2411 2634; x_wconf 91' lang='lat'>:</span> <span class='ocrx_word' id='word_1_121' title='bbox 2454 2596 2484 2630; x_wconf 70' lang='lat' dir='ltr'><strong>«a</strong></span> <span class='ocrx_word' id='word_1_122' title='bbox 2524 2567 2779 2637; x_wconf 71' lang='lat' dir='ltr'><strong>Concu·</strong></span> 
     </span>
     <span class='ocr_line' id='line_1_24' title="bbox 1216 2675 1763 2766; baseline -0.005 -25"><span class='ocrx_word' id='word_1_123' title='bbox 1216 2675 1397 2766; x_wconf 85' lang='lat' dir='ltr'><strong>pivit</strong></span> <span class='ocrx_word' id='word_1_124' title='bbox 1423 2676 1689 2743; x_wconf 87' lang='lat' dir='ltr'><strong>anima.</strong></span> <span class='ocrx_word' id='word_1_125' title='bbox 1728 2700 1763 2738; x_wconf 99' lang='grc' dir='ltr'><strong>ιι</strong></span> 
     </span>
    </p>

    <p class='ocr_par' dir='ltr' id='par_1_7' title="bbox 1216 2779 2777 3398">
     <span class='ocr_line' id='line_1_25' title="bbox 1318 2779 2775 2872; baseline -0.001 -26"><span class='ocrx_word' id='word_1_126' title='bbox 1318 2779 1395 2846; x_wconf 85' lang='lat' dir='ltr'><strong>Iu</strong></span> <span class='ocrx_word' id='word_1_127' title='bbox 1424 2781 1651 2872; x_wconf 83' lang='lat' dir='ltr'><strong>prima</strong></span> <span class='ocrx_word' id='word_1_128' title='bbox 1686 2779 1852 2849; x_wconf 91' lang='lat' dir='ltr'><strong>duo.</strong></span> <span class='ocrx_word' id='word_1_129' title='bbox 1896 2780 2162 2864; x_wconf 84' lang='lat' dir='ltr'><strong>Primo,</strong></span> <span class='ocrx_word' id='word_1_130' title='bbox 2191 2780 2365 2872; x_wconf 90' lang='lat' dir='ltr'><strong>petit</strong></span> <span class='ocrx_word' id='word_1_131' title='bbox 2399 2779 2529 2848; x_wconf 89' lang='lat' dir='ltr'><strong>sibi</strong></span> <span class='ocrx_word' id='word_1_132' title='bbox 2576 2779 2775 2846; x_wconf 89' lang='lat' dir='ltr'><strong>tribui</strong></span> 
     </span>
     <span class='ocr_line' id='line_1_26' title="bbox 1224 2887 2777 2978; baseline 0.001 -24"><span class='ocrx_word' id='word_1_133' title='bbox 1224 2887 1649 2978; x_wconf 88' lang='lat' dir='ltr'><strong>spiritualem</strong></span> <span class='ocrx_word' id='word_1_134' title='bbox 1688 2889 1931 2969; x_wconf 80' lang='lat' dir='ltr'><strong>vitam,</strong></span> <span class='ocrx_word' id='word_1_135' title='bbox 1976 2896 2216 2959; x_wconf 90' lang='lat' dir='ltr'><strong>contra</strong></span> <span class='ocrx_word' id='word_1_136' title='bbox 2264 2911 2541 2958; x_wconf 86' lang='lat' dir='ltr'><strong>omnem</strong></span> <span class='ocrx_word' id='word_1_137' title='bbox 2586 2888 2777 2956; x_wconf 81' lang='lat' dir='ltr'><strong>intir-</strong></span> 
     </span>
     <span class='ocr_line' id='line_1_27' title="bbox 1222 2994 2773 3088; baseline -0.001 -24"><span class='ocrx_word' id='word_1_138' title='bbox 1222 2996 1531 3065; x_wconf 88' lang='lat' dir='ltr'><strong>mitatem</strong></span> <span class='ocrx_word' id='word_1_139' title='bbox 1553 2994 1979 3088; x_wconf 85' lang='lat' dir='ltr'><strong>simpliciter.</strong></span> <span class='ocrx_word' id='word_1_140' title='bbox 2018 2996 2364 3077; x_wconf 87' lang='lat' dir='ltr'><strong>Secundo,</strong></span> <span class='ocrx_word' id='word_1_141' title='bbox 2397 2995 2773 3088; x_wconf 81' lang='lat' dir='ltr'><strong>spiritualia</strong></span> 
     </span>
     <span class='ocr_line' id='line_1_28' title="bbox 1220 3104 2776 3198; baseline 0 -25"><span class='ocrx_word' id='word_1_142' title='bbox 1220 3104 1402 3174; x_wconf 89' lang='lat' dir='ltr'><strong>bona</strong></span> <span class='ocrx_word' id='word_1_143' title='bbox 1443 3111 1687 3174; x_wconf 83' lang='lat' dir='ltr'><strong>contra</strong></span> <span class='ocrx_word' id='word_1_144' title='bbox 1736 3104 2128 3198; x_wconf 73' lang='lat' dir='ltr'><strong>spirituales</strong></span> <span class='ocrx_word' id='word_1_145' title='bbox 2165 3104 2617 3184; x_wconf 67' lang='lat' dir='ltr'><strong>infirmitates,</strong></span> <span class='ocrx_word' id='word_1_146' title='bbox 2653 3128 2776 3173; x_wconf 82' lang='lat' dir='ltr'><strong>ex-</strong></span> 
     </span>
     <span class='ocr_line' id='line_1_29' title="bbox 1219 3210 2770 3304; baseline -0.003 -22"><span class='ocrx_word' id='word_1_147' title='bbox 1219 3212 1687 3292; x_wconf 68' lang='lat' dir='ltr'><strong>caecationem,</strong></span> <span class='ocrx_word' id='word_1_148' title='bbox 1721 3219 1789 3281; x_wconf 88' lang='lat' dir='ltr'><strong>et</strong></span> <span class='ocrx_word' id='word_1_149' title='bbox 1831 3212 2162 3282; x_wconf 77' lang='lat' dir='ltr'><strong>exsilium</strong></span> <span class='ocrx_word' id='word_1_150' title='bbox 2222 3213 2598 3304; x_wconf 83' lang='lat' dir='ltr'><strong>spirituale,</strong></span> <span class='ocrx_word' id='word_1_151' title='bbox 2651 3210 2770 3294; x_wconf 89' lang='lat' dir='ltr'><strong>ibi,</strong></span> 
     </span>
     <span class='ocr_line' id='line_1_30' title="bbox 1216 3320 2183 3398; baseline -0.008 -6"><span class='ocrx_word' id='word_1_152' title='bbox 1216 3328 1281 3398; x_wconf 65' lang='lat'><strong>5.</strong></span> <span class='ocrx_word' id='word_1_153' title='bbox 1320 3322 1403 3391; x_wconf 89' lang='grc'><strong>18</strong></span> <span class='ocrx_word' id='word_1_154' title='bbox 1436 3342 1453 3389; x_wconf 86' lang='lat'>:</span> <span class='ocrx_word' id='word_1_155' title='bbox 1492 3349 1526 3385; x_wconf 79' lang='grc' dir='ltr'><strong><em>κ</em></strong></span> <span class='ocrx_word' id='word_1_156' title='bbox 1569 3320 1825 3390; x_wconf 80' lang='lat' dir='ltr'><strong>Revela</strong></span> <span class='ocrx_word' id='word_1_157' title='bbox 1853 3321 2112 3390; x_wconf 90' lang='lat' dir='ltr'><strong>oculos.</strong></span> <span class='ocrx_word' id='word_1_158' title='bbox 2151 3349 2183 3384; x_wconf 89' lang='grc' dir='ltr'><strong>ιι</strong></span> 
     </span>
    </p>

    <p class='ocr_par' dir='ltr' id='par_1_8' title="bbox 1213 3429 2770 3935">
     <span class='ocr_line' id='line_1_31' title="bbox 1306 3429 2770 3524; baseline -0.001 -24"><span class='ocrx_word' id='word_1_159' title='bbox 1306 3430 1388 3500; x_wconf 88' lang='lat' dir='ltr'><strong>ln</strong></span> <span class='ocrx_word' id='word_1_160' title='bbox 1438 3429 1660 3524; x_wconf 87' lang='lat' dir='ltr'><strong>prima</strong></span> <span class='ocrx_word' id='word_1_161' title='bbox 1717 3430 1871 3500; x_wconf 88' lang='lat' dir='ltr'><strong>tria.</strong></span> <span class='ocrx_word' id='word_1_162' title='bbox 1962 3429 2222 3508; x_wconf 84' lang='lat' dir='ltr'><strong>Primo,</strong></span> <span class='ocrx_word' id='word_1_163' title='bbox 2282 3431 2451 3521; x_wconf 90' lang='lat' dir='ltr'><strong>petit</strong></span> <span class='ocrx_word' id='word_1_164' title='bbox 2506 3440 2582 3500; x_wconf 90' lang='lat' dir='ltr'><strong>ut</strong></span> <span class='ocrx_word' id='word_1_165' title='bbox 2643 3430 2770 3499; x_wconf 83' lang='lat' dir='ltr'><strong>sibi</strong></span> 
     </span>
     <span class='ocr_line' id='line_1_32' title="bbox 1214 3536 2770 3632; baseline -0.001 -24"><span class='ocrx_word' id='word_1_166' title='bbox 1214 3538 1452 3632; x_wconf 81' lang='lat' dir='ltr'><strong>gratis,</strong></span> <span class='ocrx_word' id='word_1_167' title='bbox 1497 3547 1565 3608; x_wconf 86' lang='lat' dir='ltr'><strong>et</strong></span> <span class='ocrx_word' id='word_1_168' title='bbox 1601 3538 1847 3608; x_wconf 86' lang='lat' dir='ltr'><strong>iterato</strong></span> <span class='ocrx_word' id='word_1_169' title='bbox 1886 3537 2111 3607; x_wconf 89' lang='lat' dir='ltr'><strong>detur.</strong></span> <span class='ocrx_word' id='word_1_170' title='bbox 2147 3536 2491 3619; x_wconf 86' lang='lat' dir='ltr'><strong>Secunde,</strong></span> <span class='ocrx_word' id='word_1_171' title='bbox 2551 3540 2770 3632; x_wconf 80' lang='lat' dir='ltr'><strong>speci-</strong></span> 
     </span>
     <span class='ocr_line' id='line_1_33' title="bbox 1215 3645 2765 3740; baseline 0 -25"><span class='ocrx_word' id='word_1_172' title='bbox 1215 3647 1372 3717; x_wconf 83' lang='lat' dir='ltr'><strong>ficat</strong></span> <span class='ocrx_word' id='word_1_173' title='bbox 1426 3645 1593 3740; x_wconf 86' lang='lat' dir='ltr'><strong>quid</strong></span> <span class='ocrx_word' id='word_1_174' title='bbox 1654 3645 1786 3715; x_wconf 80' lang='lat' dir='ltr'><strong>sibi</strong></span> <span class='ocrx_word' id='word_1_175' title='bbox 1829 3645 1993 3715; x_wconf 79' lang='lat' dir='ltr'><strong>velit</strong></span> <span class='ocrx_word' id='word_1_176' title='bbox 2029 3646 2204 3727; x_wconf 88' lang='lat' dir='ltr'><strong>dari,</strong></span> <span class='ocrx_word' id='word_1_177' title='bbox 2240 3645 2361 3733; x_wconf 90' lang='lat' dir='ltr'><strong>ibi,</strong></span> <span class='ocrx_word' id='word_1_178' title='bbox 2399 3674 2435 3712; x_wconf 77' lang='grc' dir='ltr'><strong>ι</strong></span> <span class='ocrx_word' id='word_1_179' title='bbox 2489 3650 2765 3737; x_wconf 78' lang='lat' dir='ltr'><strong>I&#39;irifica</strong></span> 
     </span>
     <span class='ocr_line' id='line_1_34' title="bbox 1214 3754 2770 3847; baseline 0 -21"><span class='ocrx_word' id='word_1_180' title='bbox 1214 3780 1345 3826; x_wconf 88' lang='lat' dir='ltr'><strong>me.</strong></span> <span class='ocrx_word' id='word_1_181' title='bbox 1401 3781 1437 3824; x_wconf 71' lang='lat' dir='ltr'><strong>s</strong></span> <span class='ocrx_word' id='word_1_182' title='bbox 1490 3756 1748 3835; x_wconf 86' lang='lat' dir='ltr'><strong>Tertio,</strong></span> <span class='ocrx_word' id='word_1_183' title='bbox 1811 3755 1898 3825; x_wconf 87' lang='lat' dir='ltr'><strong>ad</strong></span> <span class='ocrx_word' id='word_1_184' title='bbox 1949 3756 2142 3847; x_wconf 85' lang='lat' dir='ltr'><strong>quid,</strong></span> <span class='ocrx_word' id='word_1_185' title='bbox 2187 3754 2305 3833; x_wconf 89' lang='lat' dir='ltr'><strong>ibi,</strong></span> <span class='ocrx_word' id='word_1_186' title='bbox 2354 3782 2387 3822; x_wconf 72' lang='grc' dir='ltr'><strong>ι</strong></span> <span class='ocrx_word' id='word_1_187' title='bbox 2419 3759 2515 3826; x_wconf 80' lang='grc' dir='ltr'><strong>ΕΙ</strong></span> <span class='ocrx_word' id='word_1_188' title='bbox 2540 3768 2770 3826; x_wconf 85' lang='lat' dir='ltr'><strong>eusto-</strong></span> 
     </span>
     <span class='ocr_line' id='line_1_35' title="bbox 1213 3864 1511 3935; baseline -0.003 -2"><span class='ocrx_word' id='word_1_189' title='bbox 1213 3864 1438 3935; x_wconf 86' lang='lat' dir='ltr'><strong>diam.</strong></span> <span class='ocrx_word' id='word_1_190' title='bbox 1475 3889 1511 3932; x_wconf 71' lang='lat' dir='ltr'><strong>s</strong></span> 
     </span>
    </p>
   </div>
   <div class='ocr_carea' id='block_1_4' title="bbox 1212 4186 2774 5676">
    <p class='ocr_par' dir='ltr' id='par_1_9' title="bbox 1212 4186 2774 5676">
     <span class='ocr_line' id='line_1_36' title="bbox 1302 4186 2769 4281; baseline 0 -22"><span class='ocrx_word' id='word_1_191' title='bbox 1302 4190 1484 4261; x_wconf 88' lang='lat' dir='ltr'><strong>Dicit</strong></span> <span class='ocrx_word' id='word_1_192' title='bbox 1509 4210 1729 4281; x_wconf 85' lang='lat' dir='ltr'><strong>ergo:</strong></span> <span class='ocrx_word' id='word_1_193' title='bbox 1791 4186 1909 4257; x_wconf 91' lang='lat' dir='ltr'><strong>Sic</strong></span> <span class='ocrx_word' id='word_1_194' title='bbox 1937 4187 2100 4279; x_wconf 89' lang='lat' dir='ltr'><strong>petii</strong></span> <span class='ocrx_word' id='word_1_195' title='bbox 2150 4188 2336 4258; x_wconf 80' lang='lat' dir='ltr'><strong>viam</strong></span> <span class='ocrx_word' id='word_1_196' title='bbox 2399 4212 2648 4271; x_wconf 85' lang='lat' dir='ltr'><strong>meam,</strong></span> <span class='ocrx_word' id='word_1_197' title='bbox 2702 4199 2769 4260; x_wconf 92' lang='lat' dir='ltr'><strong>et</strong></span> 
     </span>
     <span class='ocr_line' id='line_1_37' title="bbox 1213 4297 2768 4390; baseline 0 -21"><span class='ocrx_word' id='word_1_198' title='bbox 1213 4299 1395 4369; x_wconf 90' lang='lat' dir='ltr'><strong>mala</strong></span> <span class='ocrx_word' id='word_1_199' title='bbox 1441 4297 1902 4390; x_wconf 65' lang='lat' dir='ltr'><strong>praecedentia</strong></span> <span class='ocrx_word' id='word_1_200' title='bbox 1956 4298 2208 4389; x_wconf 81' lang='lat' dir='ltr'><strong>corrigi</strong></span> <span class='ocrx_word' id='word_1_201' title='bbox 2268 4320 2286 4368; x_wconf 74' lang='grc' dir='ltr'><strong><em>ε</em></strong></span> <span class='ocrx_word' id='word_1_202' title='bbox 2351 4298 2473 4368; x_wconf 87' lang='lat' dir='ltr'><strong>sed</strong></span> <span class='ocrx_word' id='word_1_203' title='bbox 2534 4298 2768 4369; x_wconf 76' lang='lat' dir='ltr'><strong>volens</strong></span> 
     </span>
     <span class='ocr_line' id='line_1_38' title="bbox 1212 4402 2764 4499; baseline 0.001 -25"><span class='ocrx_word' id='word_1_204' title='bbox 1212 4427 1569 4497; x_wconf 76' lang='lat' dir='ltr'><strong>assurgere</strong></span> <span class='ocrx_word' id='word_1_205' title='bbox 1609 4404 1694 4473; x_wconf 87' lang='lat' dir='ltr'><strong>ad</strong></span> <span class='ocrx_word' id='word_1_206' title='bbox 1725 4402 1909 4472; x_wconf 89' lang='lat' dir='ltr'><strong>bona</strong></span> <span class='ocrx_word' id='word_1_207' title='bbox 1938 4403 2271 4482; x_wconf 78' lang='lat' dir='ltr'><strong>facienda,</strong></span> <span class='ocrx_word' id='word_1_208' title='bbox 2317 4428 2513 4499; x_wconf 86' lang='lat' dir='ltr'><strong>rogo,</strong></span> <span class='ocrx_word' id='word_1_209' title='bbox 2546 4431 2587 4475; x_wconf 92' lang='lat' dir='ltr'><strong>o</strong></span> <span class='ocrx_word' id='word_1_210' title='bbox 2620 4406 2764 4475; x_wconf 81' lang='lat' dir='ltr'><strong>Do-</strong></span> 
     </span>
     <span class='ocr_line' id='line_1_39' title="bbox 1214 4501 2766 4597; baseline 0.001 -16"><span class='ocrx_word' id='word_1_211' title='bbox 1214 4513 1427 4597; x_wconf 85' lang='lat' dir='ltr'><strong>mine,</strong></span> <span class='ocrx_word' id='word_1_212' title='bbox 1472 4538 1508 4576; x_wconf 77' lang='lat'>«</span> <span class='ocrx_word' id='word_1_213' title='bbox 1564 4509 1890 4589; x_wconf 74' lang='lat' dir='ltr'><strong>retribue,</strong></span> <span class='ocrx_word' id='word_1_214' title='bbox 1952 4535 1986 4576; x_wconf 73' lang='grc' dir='ltr'><strong>ι</strong></span> <span class='ocrx_word' id='word_1_215' title='bbox 2024 4501 2262 4580; x_wconf 72' lang='lat' dir='ltr'><strong>&#39;tribue</strong></span> <span class='ocrx_word' id='word_1_216' title='bbox 2321 4536 2527 4595; x_wconf 88' lang='lat' dir='ltr'><strong>nunc,</strong></span> <span class='ocrx_word' id='word_1_217' title='bbox 2596 4516 2766 4583; x_wconf 85' lang='lat' dir='ltr'><strong>sicut</strong></span> 
     </span>
     <span class='ocr_line' id='line_1_40' title="bbox 1213 4616 2768 4701; baseline 0.001 -10"><span class='ocrx_word' id='word_1_218' title='bbox 1213 4620 1384 4692; x_wconf 87' lang='lat' dir='ltr'><strong>alias</strong></span> <span class='ocrx_word' id='word_1_219' title='bbox 1409 4619 1738 4701; x_wconf 78' lang='lat' dir='ltr'><strong>tribuisti,</strong></span> <span class='ocrx_word' id='word_1_220' title='bbox 1781 4616 1871 4687; x_wconf 84' lang='lat' dir='ltr'><strong>ad</strong></span> <span class='ocrx_word' id='word_1_221' title='bbox 1910 4618 2140 4688; x_wconf 87' lang='lat' dir='ltr'><strong>minus</strong></span> <span class='ocrx_word' id='word_1_222' title='bbox 2189 4621 2260 4689; x_wconf 90' lang='lat' dir='ltr'><strong>in</strong></span> <span class='ocrx_word' id='word_1_223' title='bbox 2296 4620 2518 4690; x_wconf 80' lang='lat' dir='ltr'><strong>Adam</strong></span> <span class='ocrx_word' id='word_1_224' title='bbox 2565 4624 2768 4692; x_wconf 91' lang='lat' dir='ltr'><strong>inno-</strong></span> 
     </span>
     <span class='ocr_line' id='line_1_41' title="bbox 1213 4723 2764 4820; baseline 0 -22"><span class='ocrx_word' id='word_1_225' title='bbox 1213 4727 1512 4799; x_wconf 76' lang='lat' dir='ltr'><strong>centiam</strong></span> <span class='ocrx_word' id='word_1_226' title='bbox 1556 4745 1576 4796; x_wconf 85' lang='lat'>:</span> <span class='ocrx_word' id='word_1_227' title='bbox 1628 4747 1771 4794; x_wconf 91' lang='lat' dir='ltr'><strong>non</strong></span> <span class='ocrx_word' id='word_1_228' title='bbox 1808 4723 2034 4794; x_wconf 87' lang='lat' dir='ltr'><strong>tribue</strong></span> <span class='ocrx_word' id='word_1_229' title='bbox 2064 4725 2354 4813; x_wconf 86' lang='lat' dir='ltr'><strong>meritis,</strong></span> <span class='ocrx_word' id='word_1_230' title='bbox 2388 4750 2540 4820; x_wconf 78' lang='lat' dir='ltr'><strong>quae</strong></span> <span class='ocrx_word' id='word_1_231' title='bbox 2588 4729 2764 4798; x_wconf 84' lang='lat' dir='ltr'><strong>mala</strong></span> 
     </span>
     <span class='ocr_line' id='line_1_42' title="bbox 1214 4831 2769 4929; baseline 0.002 -26"><span class='ocrx_word' id='word_1_232' title='bbox 1214 4841 1400 4904; x_wconf 85' lang='lat' dir='ltr'><strong>sunt.</strong></span> <span class='ocrx_word' id='word_1_233' title='bbox 1466 4832 1572 4902; x_wconf 83' lang='lat' dir='ltr'><strong>Ad</strong></span> <span class='ocrx_word' id='word_1_234' title='bbox 1616 4831 1913 4901; x_wconf 86' lang='lat' dir='ltr'><strong>Roman.</strong></span> <span class='ocrx_word' id='word_1_235' title='bbox 1990 4854 2090 4909; x_wconf 71' lang='lat' dir='ltr'><strong>xi.</strong></span> <span class='ocrx_word' id='word_1_236' title='bbox 2159 4834 2305 4904; x_wconf 78' lang='lat'><strong>35:</strong></span> <span class='ocrx_word' id='word_1_237' title='bbox 2365 4837 2536 4923; x_wconf 83' lang='lat' dir='ltr'><strong>Quis</strong></span> <span class='ocrx_word' id='word_1_238' title='bbox 2575 4839 2769 4929; x_wconf 79' lang='lat' dir='ltr'><strong>prior</strong></span> 
     </span>
     <span class='ocr_line' id='line_1_43' title="bbox 1214 4936 2770 5022; baseline 0.002 -13"><span class='ocrx_word' id='word_1_239' title='bbox 1214 4940 1406 5009; x_wconf 84' lang='lat' dir='ltr'><strong>dedit</strong></span> <span class='ocrx_word' id='word_1_240' title='bbox 1454 4939 1594 5019; x_wconf 90' lang='lat' dir='ltr'><strong>illi,</strong></span> <span class='ocrx_word' id='word_1_241' title='bbox 1636 4948 1702 5007; x_wconf 88' lang='lat' dir='ltr'><strong>et</strong></span> <span class='ocrx_word' id='word_1_242' title='bbox 1729 4936 2152 5007; x_wconf 76' lang='lat' dir='ltr'><strong>retribuetur</strong></span> <span class='ocrx_word' id='word_1_243' title='bbox 2176 4942 2242 5009; x_wconf 90' lang='lat' dir='ltr'><strong>ei</strong></span> <span class='ocrx_word' id='word_1_244' title='bbox 2272 4938 2316 5009; x_wconf 80' lang='lat'><strong><em>?</em></strong></span> <span class='ocrx_word' id='word_1_245' title='bbox 2344 4941 2553 5022; x_wconf 83' lang='lat' dir='ltr'><strong>Quasi</strong></span> <span class='ocrx_word' id='word_1_246' title='bbox 2596 4943 2770 5012; x_wconf 87' lang='lat' dir='ltr'><strong>dice·</strong></span> 
     </span>
     <span class='ocr_line' id='line_1_44' title="bbox 1219 5042 2764 5132; baseline 0.001 -15"><span class='ocrx_word' id='word_1_247' title='bbox 1219 5056 1316 5118; x_wconf 88' lang='lat' dir='ltr'><strong>ret</strong></span> <span class='ocrx_word' id='word_1_248' title='bbox 1347 5071 1364 5117; x_wconf 73' lang='grc' dir='ltr'><em>τ</em></span> <span class='ocrx_word' id='word_1_249' title='bbox 1391 5044 1663 5115; x_wconf 83' lang='lat' dir='ltr'><strong>Nullus.</strong></span> <span class='ocrx_word' id='word_1_250' title='bbox 1700 5042 1839 5112; x_wconf 85' lang='lat' dir='ltr'><strong>Sed</strong></span> <span class='ocrx_word' id='word_1_251' title='bbox 1864 5043 1949 5113; x_wconf 87' lang='lat' dir='ltr'><strong>ad</strong></span> <span class='ocrx_word' id='word_1_252' title='bbox 1974 5068 2100 5114; x_wconf 91' lang='lat' dir='ltr'><strong>nos</strong></span> <span class='ocrx_word' id='word_1_253' title='bbox 2123 5046 2236 5116; x_wconf 91' lang='lat' dir='ltr'><strong>ille</strong></span> <span class='ocrx_word' id='word_1_254' title='bbox 2254 5072 2410 5119; x_wconf 88' lang='lat' dir='ltr'><strong>cum</strong></span> <span class='ocrx_word' id='word_1_255' title='bbox 2433 5050 2764 5132; x_wconf 88' lang='lat' dir='ltr'><strong>tribuerit,</strong></span> 
     </span>
     <span class='ocr_line' id='line_1_45' title="bbox 1220 5146 2763 5246; baseline 0.003 -26"><span class='ocrx_word' id='word_1_256' title='bbox 1220 5158 1384 5220; x_wconf 91' lang='lat' dir='ltr'><strong>tunc</strong></span> <span class='ocrx_word' id='word_1_257' title='bbox 1422 5148 1655 5242; x_wconf 86' lang='lat' dir='ltr'><strong>aliquo</strong></span> <span class='ocrx_word' id='word_1_258' title='bbox 1696 5146 1912 5217; x_wconf 86' lang='lat' dir='ltr'><strong>modo</strong></span> <span class='ocrx_word' id='word_1_259' title='bbox 1963 5149 2335 5220; x_wconf 75' lang='lat' dir='ltr'><strong>retribuere</strong></span> <span class='ocrx_word' id='word_1_260' title='bbox 2377 5178 2763 5246; x_wconf 87' lang='lat' dir='ltr'><strong>possumus,</strong></span> 
     </span>
     <span class='ocr_line' id='line_1_46' title="bbox 1221 5255 2768 5355; baseline 0.003 -27"><span class='ocrx_word' id='word_1_261' title='bbox 1221 5259 1473 5351; x_wconf 82' lang='lat' dir='ltr'><strong>gratias</strong></span> <span class='ocrx_word' id='word_1_262' title='bbox 1528 5255 1911 5343; x_wconf 78' lang='lat' dir='ltr'><strong>referendo,</strong></span> <span class='ocrx_word' id='word_1_263' title='bbox 1969 5280 2095 5348; x_wconf 93' lang='lat' dir='ltr'><strong>pro</strong></span> <span class='ocrx_word' id='word_1_264' title='bbox 2154 5258 2303 5351; x_wconf 88' lang='lat' dir='ltr'><strong>ipso</strong></span> <span class='ocrx_word' id='word_1_265' title='bbox 2347 5264 2402 5330; x_wconf 85' lang='lat' dir='ltr'><strong>si</strong></span> <span class='ocrx_word' id='word_1_266' title='bbox 2452 5285 2626 5355; x_wconf 89' lang='lat' dir='ltr'><strong>opus</strong></span> <span class='ocrx_word' id='word_1_267' title='bbox 2670 5272 2768 5333; x_wconf 86' lang='lat' dir='ltr'><strong>est</strong></span> 
     </span>
     <span class='ocr_line' id='line_1_47' title="bbox 1223 5362 2774 5459; baseline 0.002 -25"><span class='ocrx_word' id='word_1_268' title='bbox 1223 5364 1568 5457; x_wconf 88' lang='lat' dir='ltr'><strong>patiendo.</strong></span> <span class='ocrx_word' id='word_1_269' title='bbox 1603 5363 1684 5432; x_wconf 90' lang='lat' dir='ltr'><strong>In</strong></span> <span class='ocrx_word' id='word_1_270' title='bbox 1727 5362 1913 5432; x_wconf 84' lang='lat' dir='ltr'><strong>Psal.</strong></span> <span class='ocrx_word' id='word_1_271' title='bbox 1946 5385 2103 5445; x_wconf 83' lang='lat' dir='ltr'><strong>cxv,</strong></span> <span class='ocrx_word' id='word_1_272' title='bbox 2145 5366 2250 5445; x_wconf 80' lang='lat'><strong>12,</strong></span> <span class='ocrx_word' id='word_1_273' title='bbox 2284 5390 2489 5459; x_wconf 88' lang='lat' dir='ltr'><strong>supra</strong></span> <span class='ocrx_word' id='word_1_274' title='bbox 2526 5393 2542 5439; x_wconf 90' lang='lat'>:</span> <span class='ocrx_word' id='word_1_275' title='bbox 2587 5370 2774 5457; x_wconf 82' lang='lat' dir='ltr'><strong>Quid</strong></span> 
     </span>
     <span class='ocr_line' id='line_1_48' title="bbox 1221 5472 2772 5570; baseline 0.003 -27"><span class='ocrx_word' id='word_1_276' title='bbox 1221 5472 1602 5543; x_wconf 88' lang='lat' dir='ltr'><strong>retribuam</strong></span> <span class='ocrx_word' id='word_1_277' title='bbox 1631 5472 1961 5555; x_wconf 87' lang='lat' dir='ltr'><strong>Domino,</strong></span> <span class='ocrx_word' id='word_1_278' title='bbox 1980 5494 2120 5566; x_wconf 80' lang='lat' dir='ltr'><strong>pro</strong></span> <span class='ocrx_word' id='word_1_279' title='bbox 2140 5475 2459 5545; x_wconf 84' lang='lat' dir='ltr'><strong>omnibus</strong></span> <span class='ocrx_word' id='word_1_280' title='bbox 2495 5502 2645 5570; x_wconf 72' lang='lat' dir='ltr'><strong>qua·</strong></span> <span class='ocrx_word' id='word_1_281' title='bbox 2673 5501 2772 5547; x_wconf 89' lang='lat' dir='ltr'><strong>re·</strong></span> 
     </span>
     <span class='ocr_line' id='line_1_49' title="bbox 1228 5575 2767 5676; baseline 0.003 -27"><span class='ocrx_word' id='word_1_282' title='bbox 1228 5578 1474 5660; x_wconf 71' lang='lat' dir='ltr'><strong>tribuit</strong></span> <span class='ocrx_word' id='word_1_283' title='bbox 1490 5575 1716 5647; x_wconf 75' lang='lat' dir='ltr'><strong>mihi?</strong></span> <span class='ocrx_word' id='word_1_284' title='bbox 1736 5575 2037 5647; x_wconf 86' lang='lat' dir='ltr'><strong>Calicem</strong></span> <span class='ocrx_word' id='word_1_285' title='bbox 2055 5579 2393 5651; x_wconf 82' lang='lat' dir='ltr'><strong>salutaris</strong></span> <span class='ocrx_word' id='word_1_286' title='bbox 2410 5586 2767 5676; x_wconf 75' lang='lat' dir='ltr'><strong>accipiam.</strong></span> 
     </span>
    </p>
   </div>
   <div class='ocr_carea' id='block_1_5' title="bbox 4307 231 4436 300">
    <p class='ocr_par' dir='ltr' id='par_1_10' title="bbox 4307 231 4436 300">
     <span class='ocr_line' id='line_1_50' title="bbox 4307 231 4436 300; baseline -0.023 0"><span class='ocrx_word' id='word_1_287' title='bbox 4307 231 4436 300; x_wconf 71' lang='lat'><strong>249</strong></span> 
     </span>
    </p>
   </div>
   <div class='ocr_carea' id='block_1_6' title="bbox 2883 406 4431 1573">
    <p class='ocr_par' dir='ltr' id='par_1_11' title="bbox 2883 406 4431 1362">
     <span class='ocr_line' id='line_1_51' title="bbox 2891 406 4418 507; baseline -0.009 -25"><span class='ocrx_word' id='word_1_288' title='bbox 2891 443 2922 482; x_wconf 71' lang='grc' dir='ltr'><strong>ιι</strong></span> <span class='ocrx_word' id='word_1_289' title='bbox 2966 418 3286 487; x_wconf 82' lang='lat' dir='ltr'><strong>Retribue</strong></span> <span class='ocrx_word' id='word_1_290' title='bbox 3330 445 3363 485; x_wconf 80' lang='grc' dir='ltr'><strong>ιι</strong></span> <span class='ocrx_word' id='word_1_291' title='bbox 3423 439 3586 507; x_wconf 87' lang='lat' dir='ltr'><strong>ergo</strong></span> <span class='ocrx_word' id='word_1_292' title='bbox 3640 435 3765 506; x_wconf 88' lang='lat' dir='ltr'><strong>pro</strong></span> <span class='ocrx_word' id='word_1_293' title='bbox 3806 411 4003 480; x_wconf 88' lang='lat' dir='ltr'><strong>malis</strong></span> <span class='ocrx_word' id='word_1_294' title='bbox 4045 429 4195 498; x_wconf 84' lang='lat' dir='ltr'><strong>quae</strong></span> <span class='ocrx_word' id='word_1_295' title='bbox 4264 406 4418 481; x_wconf 82' lang='lat' dir='ltr'><strong>feci,</strong></span> 
     </span>
     <span class='ocr_line' id='line_1_52' title="bbox 2887 511 4428 611; baseline -0.008 -23"><span class='ocrx_word' id='word_1_296' title='bbox 2887 523 2952 588; x_wconf 88' lang='lat' dir='ltr'><strong>id</strong></span> <span class='ocrx_word' id='word_1_297' title='bbox 3027 532 3150 607; x_wconf 90' lang='lat' dir='ltr'><strong>est,</strong></span> <span class='ocrx_word' id='word_1_298' title='bbox 3228 524 3382 592; x_wconf 91' lang='lat' dir='ltr'><strong>loco</strong></span> <span class='ocrx_word' id='word_1_299' title='bbox 3441 522 3599 589; x_wconf 90' lang='lat' dir='ltr'><strong>mali</strong></span> <span class='ocrx_word' id='word_1_300' title='bbox 3658 542 3877 611; x_wconf 83' lang='lat' dir='ltr'><strong>poenae</strong></span> <span class='ocrx_word' id='word_1_301' title='bbox 3937 515 4118 607; x_wconf 91' lang='lat' dir='ltr'><strong>quod</strong></span> <span class='ocrx_word' id='word_1_302' title='bbox 4178 511 4428 588; x_wconf 89' lang='lat' dir='ltr'><strong>merui,</strong></span> 
     </span>
     <span class='ocr_line' id='line_1_53' title="bbox 2890 620 4430 699; baseline -0.006 -4"><span class='ocrx_word' id='word_1_303' title='bbox 2890 657 2920 695; x_wconf 72' lang='grc' dir='ltr'><strong>α</strong></span> <span class='ocrx_word' id='word_1_304' title='bbox 2955 655 3140 698; x_wconf 84' lang='lat' dir='ltr'><strong>servo</strong></span> <span class='ocrx_word' id='word_1_305' title='bbox 3171 643 3288 699; x_wconf 89' lang='lat' dir='ltr'><strong>tuo</strong></span> <span class='ocrx_word' id='word_1_306' title='bbox 3325 655 3340 699; x_wconf 90' lang='lat'>:</span> <span class='ocrx_word' id='word_1_307' title='bbox 3380 659 3412 694; x_wconf 83' lang='grc' dir='ltr'><strong>ιι</strong></span> <span class='ocrx_word' id='word_1_308' title='bbox 3466 653 3602 697; x_wconf 90' lang='lat' dir='ltr'><strong>non</strong></span> <span class='ocrx_word' id='word_1_309' title='bbox 3660 628 3862 696; x_wconf 91' lang='lat' dir='ltr'><strong>audet</strong></span> <span class='ocrx_word' id='word_1_310' title='bbox 3929 625 4151 692; x_wconf 89' lang='lat' dir='ltr'><strong>adhuc</strong></span> <span class='ocrx_word' id='word_1_311' title='bbox 4207 620 4430 687; x_wconf 84' lang='lat' dir='ltr'><strong>dicere</strong></span> 
     </span>
     <span class='ocr_line' id='line_1_54' title="bbox 2889 729 4431 821; baseline -0.008 -18"><span class='ocrx_word' id='word_1_312' title='bbox 2889 737 3048 806; x_wconf 82' lang='lat' dir='ltr'><strong>lilio.</strong></span> <span class='ocrx_word' id='word_1_313' title='bbox 3093 739 3257 807; x_wconf 89' lang='lat' dir='ltr'><strong>Luc.</strong></span> <span class='ocrx_word' id='word_1_314' title='bbox 3292 762 3411 821; x_wconf 81' lang='lat' dir='ltr'><strong>xv,</strong></span> <span class='ocrx_word' id='word_1_315' title='bbox 3459 741 3538 806; x_wconf 84' lang='lat'><strong>19</strong></span> <span class='ocrx_word' id='word_1_316' title='bbox 3575 760 3590 805; x_wconf 90' lang='lat'>:</span> <span class='ocrx_word' id='word_1_317' title='bbox 3623 738 3786 805; x_wconf 87' lang='lat' dir='ltr'><strong>Jam</strong></span> <span class='ocrx_word' id='word_1_318' title='bbox 3824 757 3960 800; x_wconf 86' lang='lat' dir='ltr'><strong>non</strong></span> <span class='ocrx_word' id='word_1_319' title='bbox 3988 754 4144 798; x_wconf 85' lang='lat' dir='ltr'><strong>sum</strong></span> <span class='ocrx_word' id='word_1_320' title='bbox 4174 729 4431 817; x_wconf 72' lang='lat' dir='ltr'><strong>diqnus</strong></span> 
     </span>
     <span class='ocr_line' id='line_1_55' title="bbox 2886 833 4431 936; baseline -0.009 -23"><span class='ocrx_word' id='word_1_321' title='bbox 2886 849 3111 914; x_wconf 81' lang='lat' dir='ltr'><strong>vocari</strong></span> <span class='ocrx_word' id='word_1_322' title='bbox 3143 848 3345 936; x_wconf 82' lang='lat' dir='ltr'><strong>filius</strong></span> <span class='ocrx_word' id='word_1_323' title='bbox 3374 857 3560 926; x_wconf 85' lang='lat' dir='ltr'><strong>tuus,</strong></span> <span class='ocrx_word' id='word_1_324' title='bbox 3590 847 3711 935; x_wconf 80' lang='lat' dir='ltr'><strong>sac</strong></span> <span class='ocrx_word' id='word_1_325' title='bbox 3753 865 3860 908; x_wconf 86' lang='lat' dir='ltr'><strong>me</strong></span> <span class='ocrx_word' id='word_1_326' title='bbox 3885 841 4062 908; x_wconf 82' lang='lat' dir='ltr'><strong>sicut</strong></span> <span class='ocrx_word' id='word_1_327' title='bbox 4095 858 4312 904; x_wconf 84' lang='lat' dir='ltr'><strong>unum</strong></span> <span class='ocrx_word' id='word_1_328' title='bbox 4348 833 4431 900; x_wconf 85' lang='lat' dir='ltr'><strong>de</strong></span> 
     </span>
     <span class='ocr_line' id='line_1_56' title="bbox 2885 942 4431 1042; baseline -0.008 -22"><span class='ocrx_word' id='word_1_329' title='bbox 2885 957 3321 1023; x_wconf 83' lang='lat' dir='ltr'><strong>mercenariis</strong></span> <span class='ocrx_word' id='word_1_330' title='bbox 3360 956 3524 1023; x_wconf 76' lang='lat' dir='ltr'><strong>tuis·</strong></span> <span class='ocrx_word' id='word_1_331' title='bbox 3561 952 3695 1022; x_wconf 88' lang='lat' dir='ltr'><strong>Sed</strong></span> <span class='ocrx_word' id='word_1_332' title='bbox 3733 949 3900 1042; x_wconf 90' lang='lat' dir='ltr'><strong>quid</strong></span> <span class='ocrx_word' id='word_1_333' title='bbox 3927 949 4032 1016; x_wconf 81' lang='lat' dir='ltr'><strong>vis</strong></span> <span class='ocrx_word' id='word_1_334' title='bbox 4070 945 4191 1013; x_wconf 91' lang='lat' dir='ltr'><strong>tibi</strong></span> <span class='ocrx_word' id='word_1_335' title='bbox 4227 942 4431 1010; x_wconf 90' lang='lat' dir='ltr'><strong>retri-</strong></span> 
     </span>
     <span class='ocr_line' id='line_1_57' title="bbox 2883 1051 4429 1150; baseline -0.008 -22"><span class='ocrx_word' id='word_1_336' title='bbox 2883 1061 3001 1128; x_wconf 89' lang='lat' dir='ltr'><strong>bui</strong></span> <span class='ocrx_word' id='word_1_337' title='bbox 3045 1062 3080 1127; x_wconf 72' lang='lat'><strong>‘2</strong></span> <span class='ocrx_word' id='word_1_338' title='bbox 3109 1087 3143 1128; x_wconf 73' lang='lat' dir='ltr'><strong>e</strong></span> <span class='ocrx_word' id='word_1_339' title='bbox 3206 1062 3491 1150; x_wconf 83' lang='lat' dir='ltr'><strong>Vivifica</strong></span> <span class='ocrx_word' id='word_1_340' title='bbox 3519 1084 3650 1140; x_wconf 88' lang='lat' dir='ltr'><strong>me,</strong></span> <span class='ocrx_word' id='word_1_341' title='bbox 3684 1088 3716 1122; x_wconf 82' lang='grc' dir='ltr'><strong>ιι</strong></span> <span class='ocrx_word' id='word_1_342' title='bbox 3763 1079 3883 1148; x_wconf 91' lang='lat' dir='ltr'><strong>per</strong></span> <span class='ocrx_word' id='word_1_343' title='bbox 3929 1054 4131 1122; x_wconf 79' lang='lat' dir='ltr'><strong>Iidem</strong></span> <span class='ocrx_word' id='word_1_344' title='bbox 4163 1051 4429 1118; x_wconf 84' lang='lat' dir='ltr'><strong>forma-</strong></span> 
     </span>
     <span class='ocr_line' id='line_1_58' title="bbox 2886 1158 4425 1259; baseline -0.008 -24"><span class='ocrx_word' id='word_1_345' title='bbox 2886 1177 3046 1245; x_wconf 85' lang='lat' dir='ltr'><strong>tam,</strong></span> <span class='ocrx_word' id='word_1_346' title='bbox 3092 1191 3244 1259; x_wconf 83' lang='lat' dir='ltr'><strong>quae</strong></span> <span class='ocrx_word' id='word_1_347' title='bbox 3313 1177 3415 1236; x_wconf 90' lang='lat' dir='ltr'><strong>est</strong></span> <span class='ocrx_word' id='word_1_348' title='bbox 3459 1169 3600 1236; x_wconf 88' lang='lat' dir='ltr'><strong>vita</strong></span> <span class='ocrx_word' id='word_1_349' title='bbox 3632 1166 3908 1234; x_wconf 88' lang='lat' dir='ltr'><strong>animae.</strong></span> <span class='ocrx_word' id='word_1_350' title='bbox 3970 1160 4075 1228; x_wconf 84' lang='lat' dir='ltr'><strong>Ad</strong></span> <span class='ocrx_word' id='word_1_351' title='bbox 4105 1158 4313 1226; x_wconf 89' lang='lat' dir='ltr'><strong>Hebr.</strong></span> <span class='ocrx_word' id='word_1_352' title='bbox 4354 1179 4425 1241; x_wconf 84' lang='lat' dir='ltr'><strong>x,</strong></span> 
     </span>
     <span class='ocr_line' id='line_1_59' title="bbox 2885 1271 4039 1362; baseline -0.006 -19"><span class='ocrx_word' id='word_1_353' title='bbox 2885 1277 2968 1343; x_wconf 89' lang='lat'><strong>38</strong></span> <span class='ocrx_word' id='word_1_354' title='bbox 3012 1298 3027 1342; x_wconf 91' lang='lat'>:</span> <span class='ocrx_word' id='word_1_355' title='bbox 3059 1278 3301 1345; x_wconf 68' lang='lat' dir='ltr'><strong>,Iustus</strong></span> <span class='ocrx_word' id='word_1_356' title='bbox 3331 1299 3520 1344; x_wconf 85' lang='lat' dir='ltr'><strong>meus</strong></span> <span class='ocrx_word' id='word_1_357' title='bbox 3547 1298 3632 1343; x_wconf 71' lang='lat' dir='ltr'><strong>ex</strong></span> <span class='ocrx_word' id='word_1_358' title='bbox 3674 1272 3817 1362; x_wconf 82' lang='lat' dir='ltr'><strong>fide</strong></span> <span class='ocrx_word' id='word_1_359' title='bbox 3849 1271 4039 1338; x_wconf 81' lang='lat' dir='ltr'><strong>vivit.</strong></span> 
     </span>
    </p>

    <p class='ocr_par' dir='ltr' id='par_1_12' title="bbox 2884 1376 4431 1573">
     <span class='ocr_line' id='line_1_60' title="bbox 2967 1376 4431 1465; baseline -0.008 -14"><span class='ocrx_word' id='word_1_360' title='bbox 2967 1383 3120 1465; x_wconf 78' lang='lat' dir='ltr'><strong>Vel,</strong></span> <span class='ocrx_word' id='word_1_361' title='bbox 3142 1387 3517 1455; x_wconf 90' lang='lat' dir='ltr'><strong>secundum</strong></span> <span class='ocrx_word' id='word_1_362' title='bbox 3548 1383 3952 1451; x_wconf 88' lang='lat' dir='ltr'><strong>divisionem</strong></span> <span class='ocrx_word' id='word_1_363' title='bbox 3985 1376 4260 1457; x_wconf 78' lang='lat' dir='ltr'><strong>factam,</strong></span> <span class='ocrx_word' id='word_1_364' title='bbox 4279 1396 4431 1464; x_wconf 91' lang='lat' dir='ltr'><strong>pos·</strong></span> 
     </span>
     <span class='ocr_line' id='line_1_61' title="bbox 2884 1492 4429 1573; baseline -0.009 -11"><span class='ocrx_word' id='word_1_365' title='bbox 2884 1505 3042 1564; x_wconf 90' lang='lat' dir='ltr'><strong>sunt</strong></span> <span class='ocrx_word' id='word_1_366' title='bbox 3113 1518 3258 1563; x_wconf 90' lang='lat' dir='ltr'><strong>esse</strong></span> <span class='ocrx_word' id='word_1_367' title='bbox 3306 1495 3514 1564; x_wconf 88' lang='lat' dir='ltr'><strong>verba</strong></span> <span class='ocrx_word' id='word_1_368' title='bbox 3569 1492 3876 1568; x_wconf 88' lang='lat' dir='ltr'><strong>correcti,</strong></span> <span class='ocrx_word' id='word_1_369' title='bbox 3932 1510 4073 1557; x_wconf 87' lang='lat' dir='ltr'><strong>non</strong></span> <span class='ocrx_word' id='word_1_370' title='bbox 4129 1508 4215 1554; x_wconf 87' lang='lat' dir='ltr'><strong>ex</strong></span> <span class='ocrx_word' id='word_1_371' title='bbox 4253 1505 4429 1573; x_wconf 81' lang='lat' dir='ltr'><strong>proe-</strong></span> 
     </span>
    </p>
   </div>
   <div class='ocr_carea' id='block_1_7' title="bbox 2883 1591 4429 1799">
    <p class='ocr_par' dir='ltr' id='par_1_13' title="bbox 2883 1591 4429 1799">
     <span class='ocr_line' id='line_1_62' title="bbox 2883 1591 4429 1694; baseline -0.01 -23"><span class='ocrx_word' id='word_1_372' title='bbox 2883 1605 3267 1694; x_wconf 86' lang='lat' dir='ltr'><strong>sumptione</strong></span> <span class='ocrx_word' id='word_1_373' title='bbox 3315 1603 3606 1694; x_wconf 90' lang='lat' dir='ltr'><strong>petentis</strong></span> <span class='ocrx_word' id='word_1_374' title='bbox 3643 1600 3772 1668; x_wconf 90' lang='lat' dir='ltr'><strong>sibi</strong></span> <span class='ocrx_word' id='word_1_375' title='bbox 3825 1595 4131 1672; x_wconf 86' lang='lat' dir='ltr'><strong>retribui,</strong></span> <span class='ocrx_word' id='word_1_376' title='bbox 4175 1591 4297 1659; x_wconf 88' lang='lat' dir='ltr'><strong>sed</strong></span> <span class='ocrx_word' id='word_1_377' title='bbox 4344 1611 4429 1656; x_wconf 81' lang='lat' dir='ltr'><strong>ex</strong></span> 
     </span>
     <span class='ocr_line' id='line_1_63' title="bbox 2884 1698 4420 1799; baseline -0.01 -24"><span class='ocrx_word' id='word_1_378' title='bbox 2884 1730 2999 1799; x_wconf 86' lang='lat' dir='ltr'><strong>spe</strong></span> <span class='ocrx_word' id='word_1_379' title='bbox 3047 1716 3254 1794; x_wconf 81' lang='lat' dir='ltr'><strong>certa,</strong></span> <span class='ocrx_word' id='word_1_380' title='bbox 3324 1729 3530 1798; x_wconf 89' lang='lat' dir='ltr'><strong>quam</strong></span> <span class='ocrx_word' id='word_1_381' title='bbox 3580 1707 3726 1795; x_wconf 88' lang='lat' dir='ltr'><strong>jam</strong></span> <span class='ocrx_word' id='word_1_382' title='bbox 3780 1701 4009 1783; x_wconf 88' lang='lat' dir='ltr'><strong>habet,</strong></span> <span class='ocrx_word' id='word_1_383' title='bbox 4061 1698 4348 1766; x_wconf 86' lang='lat' dir='ltr'><strong>dicentis</strong></span> <span class='ocrx_word' id='word_1_384' title='bbox 4404 1714 4420 1759; x_wconf 74' lang='grc' dir='ltr'><strong><em>ε</em></strong></span> 
     </span>
    </p>
   </div>
   <div class='ocr_carea' id='block_1_8' title="bbox 2882 1806 4433 2771">
    <p class='ocr_par' dir='ltr' id='par_1_14' title="bbox 2882 1806 4433 2771">
     <span class='ocr_line' id='line_1_64' title="bbox 2884 1806 4422 1900; baseline -0.008 -18"><span class='ocrx_word' id='word_1_385' title='bbox 2884 1815 3198 1900; x_wconf 88' lang='lat' dir='ltr'><strong>Domine,</strong></span> <span class='ocrx_word' id='word_1_386' title='bbox 3234 1814 3493 1883; x_wconf 91' lang='lat' dir='ltr'><strong>malum</strong></span> <span class='ocrx_word' id='word_1_387' title='bbox 3523 1812 3774 1890; x_wconf 90' lang='lat' dir='ltr'><strong>dimisi,</strong></span> <span class='ocrx_word' id='word_1_388' title='bbox 3806 1809 4067 1877; x_wconf 87' lang='lat' dir='ltr'><strong>malum</strong></span> <span class='ocrx_word' id='word_1_389' title='bbox 4096 1806 4361 1874; x_wconf 85' lang='lat' dir='ltr'><strong>correxi</strong></span> <span class='ocrx_word' id='word_1_390' title='bbox 4406 1825 4422 1869; x_wconf 90' lang='lat'>:</span> 
     </span>
     <span class='ocr_line' id='line_1_65' title="bbox 2883 1918 4429 2014; baseline -0.008 -22"><span class='ocrx_word' id='word_1_391' title='bbox 2883 1945 3072 2014; x_wconf 81' lang='lat' dir='ltr'><strong>ergo,</strong></span> <span class='ocrx_word' id='word_1_392' title='bbox 3109 1952 3140 1988; x_wconf 73' lang='grc' dir='ltr'><strong>α</strong></span> <span class='ocrx_word' id='word_1_393' title='bbox 3177 1922 3478 1992; x_wconf 81' lang='lat' dir='ltr'><strong>retribue</strong></span> <span class='ocrx_word' id='word_1_394' title='bbox 3513 1950 3544 1985; x_wconf 83' lang='grc' dir='ltr'><strong>ιι</strong></span> <span class='ocrx_word' id='word_1_395' title='bbox 3620 1918 3792 1988; x_wconf 90' lang='lat' dir='ltr'><strong>mihi</strong></span> <span class='ocrx_word' id='word_1_396' title='bbox 3847 1918 4095 1994; x_wconf 78' lang='lat' dir='ltr'><strong>vitam,</strong></span> <span class='ocrx_word' id='word_1_397' title='bbox 4159 1921 4429 1981; x_wconf 90' lang='lat' dir='ltr'><strong>motum</strong></span> 
     </span>
     <span class='ocr_line' id='line_1_66' title="bbox 2883 2025 4433 2118; baseline -0.006 -23"><span class='ocrx_word' id='word_1_398' title='bbox 2883 2029 3160 2114; x_wconf 88' lang='lat' dir='ltr'><strong>scilicet,</strong></span> <span class='ocrx_word' id='word_1_399' title='bbox 3205 2038 3271 2098; x_wconf 89' lang='lat' dir='ltr'><strong>et</strong></span> <span class='ocrx_word' id='word_1_400' title='bbox 3309 2051 3586 2097; x_wconf 89' lang='lat' dir='ltr'><strong>sensum</strong></span> <span class='ocrx_word' id='word_1_401' title='bbox 3639 2025 4091 2118; x_wconf 88' lang='lat' dir='ltr'><strong>spiritualem,</strong></span> <span class='ocrx_word' id='word_1_402' title='bbox 4125 2028 4201 2088; x_wconf 90' lang='lat' dir='ltr'><strong>ut</strong></span> <span class='ocrx_word' id='word_1_403' title='bbox 4254 2041 4433 2110; x_wconf 84' lang='lat' dir='ltr'><strong>cog-</strong></span> 
     </span>
     <span class='ocr_line' id='line_1_67' title="bbox 2884 2127 4429 2207; baseline -0.008 -2"><span class='ocrx_word' id='word_1_404' title='bbox 2884 2160 3153 2206; x_wconf 86' lang='lat' dir='ltr'><strong>noscam</strong></span> <span class='ocrx_word' id='word_1_405' title='bbox 3189 2144 3257 2207; x_wconf 88' lang='lat' dir='ltr'><strong>et</strong></span> <span class='ocrx_word' id='word_1_406' title='bbox 3293 2136 3537 2206; x_wconf 78' lang='lat' dir='ltr'><strong>faciam</strong></span> <span class='ocrx_word' id='word_1_407' title='bbox 3584 2135 3766 2203; x_wconf 88' lang='lat' dir='ltr'><strong>bona</strong></span> <span class='ocrx_word' id='word_1_408' title='bbox 3797 2156 3814 2203; x_wconf 73' lang='grc' dir='ltr'>ε</span> <span class='ocrx_word' id='word_1_409' title='bbox 3847 2131 3955 2201; x_wconf 85' lang='lat' dir='ltr'><strong>vel</strong></span> <span class='ocrx_word' id='word_1_410' title='bbox 4002 2139 4182 2199; x_wconf 92' lang='lat' dir='ltr'><strong>certe</strong></span> <span class='ocrx_word' id='word_1_411' title='bbox 4212 2127 4429 2195; x_wconf 79' lang='lat' dir='ltr'><strong>vitam</strong></span> 
     </span>
     <span class='ocr_line' id='line_1_68' title="bbox 2883 2236 4428 2334; baseline -0.008 -18"><span class='ocrx_word' id='word_1_412' title='bbox 2883 2248 3158 2326; x_wconf 89' lang='lat' dir='ltr'><strong>bonam,</strong></span> <span class='ocrx_word' id='word_1_413' title='bbox 3219 2255 3284 2315; x_wconf 91' lang='lat' dir='ltr'><strong>et</strong></span> <span class='ocrx_word' id='word_1_414' title='bbox 3347 2267 3674 2316; x_wconf 89' lang='lat' dir='ltr'><strong>coronam</strong></span> <span class='ocrx_word' id='word_1_415' title='bbox 3720 2249 4147 2334; x_wconf 89' lang='lat' dir='ltr'><strong>perpetuam.</strong></span> <span class='ocrx_word' id='word_1_416' title='bbox 4208 2236 4428 2305; x_wconf 90' lang='lat' dir='ltr'><strong>Credo</strong></span> 
     </span>
     <span class='ocr_line' id='line_1_69' title="bbox 2882 2343 4424 2443; baseline -0.008 -21"><span class='ocrx_word' id='word_1_417' title='bbox 2882 2356 3062 2423; x_wconf 89' lang='lat' dir='ltr'><strong>enim</strong></span> <span class='ocrx_word' id='word_1_418' title='bbox 3121 2353 3313 2433; x_wconf 87' lang='lat' dir='ltr'><strong>illud,</strong></span> <span class='ocrx_word' id='word_1_419' title='bbox 3372 2361 3441 2424; x_wconf 85' lang='lat' dir='ltr'><strong>et</strong></span> <span class='ocrx_word' id='word_1_420' title='bbox 3513 2374 3711 2443; x_wconf 90' lang='lat' dir='ltr'><strong>spero</strong></span> <span class='ocrx_word' id='word_1_421' title='bbox 3752 2348 4056 2418; x_wconf 87' lang='lat' dir='ltr'><strong>firmiter.</strong></span> <span class='ocrx_word' id='word_1_422' title='bbox 4090 2343 4333 2413; x_wconf 85' lang='lat' dir='ltr'><strong>Jacob.</strong></span> <span class='ocrx_word' id='word_1_423' title='bbox 4377 2365 4424 2422; x_wconf 91' lang='lat'><strong>1,</strong></span> 
     </span>
     <span class='ocr_line' id='line_1_70' title="bbox 2890 2456 4425 2553; baseline -0.01 -21"><span class='ocrx_word' id='word_1_424' title='bbox 2890 2467 2965 2532; x_wconf 78' lang='lat'><strong>¹2</strong></span> <span class='ocrx_word' id='word_1_425' title='bbox 3010 2486 3026 2532; x_wconf 88' lang='lat'>:</span> <span class='ocrx_word' id='word_1_426' title='bbox 3062 2466 3318 2532; x_wconf 81' lang='lat' dir='ltr'><strong>Beatus</strong></span> <span class='ocrx_word' id='word_1_427' title='bbox 3355 2465 3462 2531; x_wconf 85' lang='lat' dir='ltr'><strong>vir</strong></span> <span class='ocrx_word' id='word_1_428' title='bbox 3504 2462 3628 2553; x_wconf 83' lang='lat' dir='ltr'><strong>qui</strong></span> <span class='ocrx_word' id='word_1_429' title='bbox 3670 2461 3915 2550; x_wconf 81' lang='lat' dir='ltr'><strong>suffert</strong></span> <span class='ocrx_word' id='word_1_430' title='bbox 3952 2456 4425 2534; x_wconf 82' lang='lat' dir='ltr'><strong>tentationem,</strong></span> 
     </span>
     <span class='ocr_line' id='line_1_71' title="bbox 2882 2568 4431 2665; baseline -0.007 -24"><span class='ocrx_word' id='word_1_431' title='bbox 2882 2571 3113 2665; x_wconf 90' lang='lat' dir='ltr'><strong>quales</strong></span> <span class='ocrx_word' id='word_1_432' title='bbox 3143 2582 3301 2640; x_wconf 90' lang='lat' dir='ltr'><strong>sunt</strong></span> <span class='ocrx_word' id='word_1_433' title='bbox 3326 2568 3842 2663; x_wconf 44' lang='lat' dir='ltr'><strong>inchoantes‚·et</strong></span> <span class='ocrx_word' id='word_1_434' title='bbox 3861 2572 4254 2657; x_wconf 86' lang='lat' dir='ltr'><strong>separantes</strong></span> <span class='ocrx_word' id='word_1_435' title='bbox 4283 2584 4356 2631; x_wconf 91' lang='lat' dir='ltr'><strong>se</strong></span> <span class='ocrx_word' id='word_1_436' title='bbox 4388 2584 4431 2630; x_wconf 89' lang='lat' dir='ltr'><strong>a</strong></span> 
     </span>
     <span class='ocr_line' id='line_1_72' title="bbox 2883 2671 4423 2771; baseline -0.009 -22"><span class='ocrx_word' id='word_1_437' title='bbox 2883 2680 3088 2764; x_wconf 88' lang='lat' dir='ltr'><strong>malo,</strong></span> <span class='ocrx_word' id='word_1_438' title='bbox 3147 2680 3480 2771; x_wconf 85' lang='lat' dir='ltr'><strong>quoniam</strong></span> <span class='ocrx_word' id='word_1_439' title='bbox 3555 2699 3710 2746; x_wconf 88' lang='lat' dir='ltr'><strong>cum</strong></span> <span class='ocrx_word' id='word_1_440' title='bbox 3787 2672 4123 2767; x_wconf 86' lang='lat' dir='ltr'><strong>probatus</strong></span> <span class='ocrx_word' id='word_1_441' title='bbox 4177 2671 4423 2762; x_wconf 86' lang='lat' dir='ltr'><strong>suerit,</strong></span> 
     </span>
    </p>
   </div>
   <div class='ocr_carea' id='block_1_9' title="bbox 2859 2781 4421 2883">
    <p class='ocr_par' dir='ltr' id='par_1_15' title="bbox 2859 2781 4421 2883">
     <span class='ocr_line' id='line_1_73' title="bbox 2859 2781 4421 2883; baseline -0.008 -23"><span class='ocrx_word' id='word_1_442' title='bbox 2859 2793 3161 2883; x_wconf 68' lang='lat' dir='ltr'><strong>accipiet</strong></span> <span class='ocrx_word' id='word_1_443' title='bbox 3214 2812 3535 2860; x_wconf 85' lang='lat' dir='ltr'><strong>eoronam</strong></span> <span class='ocrx_word' id='word_1_444' title='bbox 3586 2788 3766 2856; x_wconf 76' lang='lat' dir='ltr'><strong>vitae.</strong></span> <span class='ocrx_word' id='word_1_445' title='bbox 3830 2784 3891 2853; x_wconf 86' lang='lat'><strong>11</strong></span> <span class='ocrx_word' id='word_1_446' title='bbox 3943 2784 4112 2874; x_wconf 76' lang='lat' dir='ltr'><strong>neg.</strong></span> <span class='ocrx_word' id='word_1_447' title='bbox 4182 2804 4254 2860; x_wconf 82' lang='grc' dir='ltr'><strong>ιι,</strong></span> <span class='ocrx_word' id='word_1_448' title='bbox 4318 2781 4360 2848; x_wconf 84' lang='grc'>6</span> <span class='ocrx_word' id='word_1_449' title='bbox 4403 2801 4421 2846; x_wconf 87' lang='lat'>:</span> 
     </span>
    </p>
   </div>
   <div class='ocr_carea' id='block_1_10' title="bbox 2877 2888 4430 3081">
    <p class='ocr_par' dir='ltr' id='par_1_16' title="bbox 2877 2888 4430 3081">
     <span class='ocr_line' id='line_1_74' title="bbox 2882 2888 4430 2969; baseline -0.01 0"><span class='ocrx_word' id='word_1_450' title='bbox 2882 2902 2977 2969; x_wconf 77' lang='lat' dir='ltr'><strong>Et</strong></span> <span class='ocrx_word' id='word_1_451' title='bbox 3002 2922 3184 2967; x_wconf 82' lang='lat' dir='ltr'><strong>num:</strong></span> <span class='ocrx_word' id='word_1_452' title='bbox 3209 2897 3537 2967; x_wconf 80' lang='lat' dir='ltr'><strong>retribuet</strong></span> <span class='ocrx_word' id='word_1_453' title='bbox 3554 2894 3744 2964; x_wconf 83' lang='lat' dir='ltr'><strong>vobis</strong></span> <span class='ocrx_word' id='word_1_454' title='bbox 3779 2892 4121 2962; x_wconf 82' lang='lat' dir='ltr'><strong>Dominus</strong></span> <span class='ocrx_word' id='word_1_455' title='bbox 4152 2888 4430 2957; x_wconf 85' lang='lat' dir='ltr'><strong>miseri-</strong></span> 
     </span>
     <span class='ocr_line' id='line_1_75' title="bbox 2877 2997 4419 3081; baseline -0.009 -7"><span class='ocrx_word' id='word_1_456' title='bbox 2877 3007 3184 3076; x_wconf 85' lang='lat' dir='ltr'><strong>cordiam</strong></span> <span class='ocrx_word' id='word_1_457' title='bbox 3240 3016 3307 3075; x_wconf 91' lang='lat' dir='ltr'><strong>et</strong></span> <span class='ocrx_word' id='word_1_458' title='bbox 3352 3005 3733 3074; x_wconf 77' lang='lat' dir='ltr'><strong>veritatem,</strong></span> <span class='ocrx_word' id='word_1_459' title='bbox 3775 3000 3853 3068; x_wconf 92' lang='lat' dir='ltr'><strong>In</strong></span> <span class='ocrx_word' id='word_1_460' title='bbox 3902 2997 4087 3067; x_wconf 85' lang='lat' dir='ltr'><strong>Psal.</strong></span> <span class='ocrx_word' id='word_1_461' title='bbox 4131 3019 4247 3081; x_wconf 85' lang='lat' dir='ltr'><strong>cu,</strong></span> <span class='ocrx_word' id='word_1_462' title='bbox 4308 2999 4348 3061; x_wconf 80' lang='lat'>2</span> <span class='ocrx_word' id='word_1_463' title='bbox 4401 3015 4419 3061; x_wconf 73' lang='grc' dir='ltr'><strong><em>ε</em></strong></span> 
     </span>
    </p>
   </div>
   <div class='ocr_carea' id='block_1_11' title="bbox 2869 3104 4429 4598">
    <p class='ocr_par' dir='ltr' id='par_1_17' title="bbox 2875 3104 4104 3196">
     <span class='ocr_line' id='line_1_76' title="bbox 2875 3104 4104 3196; baseline -0.007 -15"><span class='ocrx_word' id='word_1_464' title='bbox 2875 3112 3044 3182; x_wconf 88' lang='lat' dir='ltr'><strong>Noli</strong></span> <span class='ocrx_word' id='word_1_465' title='bbox 3069 3110 3382 3181; x_wconf 86' lang='lat' dir='ltr'><strong>oblivisci</strong></span> <span class='ocrx_word' id='word_1_466' title='bbox 3403 3107 3878 3180; x_wconf 82' lang='lat' dir='ltr'><strong>retributiones</strong></span> <span class='ocrx_word' id='word_1_467' title='bbox 3923 3104 4104 3196; x_wconf 83' lang='lat' dir='ltr'><strong>ejus.</strong></span> 
     </span>
    </p>

    <p class='ocr_par' dir='ltr' id='par_1_18' title="bbox 2869 3209 4429 4598">
     <span class='ocr_line' id='line_1_77' title="bbox 2974 3209 4429 3311; baseline -0.008 -24"><span class='ocrx_word' id='word_1_468' title='bbox 2974 3221 3255 3289; x_wconf 59' lang='lat' dir='ltr'><strong>vivifica</strong></span> <span class='ocrx_word' id='word_1_469' title='bbox 3284 3241 3449 3311; x_wconf 84' lang='lat' dir='ltr'><strong>ergo</strong></span> <span class='ocrx_word' id='word_1_470' title='bbox 3492 3240 3508 3285; x_wconf 77' lang='grc' dir='ltr'><strong><em>ε</em></strong></span> <span class='ocrx_word' id='word_1_471' title='bbox 3554 3246 3585 3282; x_wconf 77' lang='grc' dir='ltr'><strong>ιι</strong></span> <span class='ocrx_word' id='word_1_472' title='bbox 3613 3218 3708 3285; x_wconf 83' lang='lat' dir='ltr'><strong>Et</strong></span> <span class='ocrx_word' id='word_1_473' title='bbox 3735 3213 4147 3291; x_wconf 81' lang='lat' dir='ltr'><strong>custodiam,</strong></span> <span class='ocrx_word' id='word_1_474' title='bbox 4174 3237 4209 3275; x_wconf 85' lang='grc' dir='ltr'><strong>ιι</strong></span> <span class='ocrx_word' id='word_1_475' title='bbox 4251 3211 4307 3278; x_wconf 94' lang='lat' dir='ltr'><strong>si</strong></span> <span class='ocrx_word' id='word_1_476' title='bbox 4329 3209 4429 3277; x_wconf 86' lang='lat' dir='ltr'><strong>vi·</strong></span> 
     </span>
     <span class='ocr_line' id='line_1_78' title="bbox 2878 3325 4419 3418; baseline -0.01 -21"><span class='ocrx_word' id='word_1_477' title='bbox 2878 3328 3254 3396; x_wconf 76' lang='lat' dir='ltr'><strong>vificaveris</strong></span> <span class='ocrx_word' id='word_1_478' title='bbox 3274 3327 3347 3395; x_wconf 91' lang='lat' dir='ltr'><strong>in</strong></span> <span class='ocrx_word' id='word_1_479' title='bbox 3378 3325 3717 3418; x_wconf 79' lang='lat' dir='ltr'><strong>praesenti,</strong></span> <span class='ocrx_word' id='word_1_480' title='bbox 3750 3348 3785 3389; x_wconf 74' lang='lat' dir='ltr'><strong>e</strong></span> <span class='ocrx_word' id='word_1_481' title='bbox 3807 3341 4147 3390; x_wconf 86' lang='lat' dir='ltr'><strong>sermones</strong></span> <span class='ocrx_word' id='word_1_482' title='bbox 4174 3326 4354 3386; x_wconf 89' lang='lat' dir='ltr'><strong>tuos.</strong></span> <span class='ocrx_word' id='word_1_483' title='bbox 4384 3341 4419 3379; x_wconf 98' lang='grc' dir='ltr'><strong>ιι</strong></span> 
     </span>
     <span class='ocr_line' id='line_1_79' title="bbox 2876 3426 4428 3526; baseline -0.008 -21"><span class='ocrx_word' id='word_1_484' title='bbox 2876 3435 3044 3504; x_wconf 84' lang='lat' dir='ltr'><strong>Ecce</strong></span> <span class='ocrx_word' id='word_1_485' title='bbox 3081 3435 3168 3503; x_wconf 90' lang='lat' dir='ltr'><strong>ad</strong></span> <span class='ocrx_word' id='word_1_486' title='bbox 3231 3432 3397 3526; x_wconf 87' lang='lat' dir='ltr'><strong>quid</strong></span> <span class='ocrx_word' id='word_1_487' title='bbox 3453 3432 3623 3523; x_wconf 89' lang='lat' dir='ltr'><strong>petit</strong></span> <span class='ocrx_word' id='word_1_488' title='bbox 3678 3453 3696 3499; x_wconf 87' lang='lat'>:</span> <span class='ocrx_word' id='word_1_489' title='bbox 3740 3430 3938 3499; x_wconf 86' lang='lat' dir='ltr'><strong>vivus</strong></span> <span class='ocrx_word' id='word_1_490' title='bbox 3976 3426 4189 3510; x_wconf 88' lang='lat' dir='ltr'><strong>enim,</strong></span> <span class='ocrx_word' id='word_1_491' title='bbox 4248 3427 4428 3494; x_wconf 89' lang='lat' dir='ltr'><strong>sicut</strong></span> 
     </span>
     <span class='ocr_line' id='line_1_80' title="bbox 2874 3534 4424 3622; baseline -0.006 -10"><span class='ocrx_word' id='word_1_492' title='bbox 2874 3542 3021 3612; x_wconf 84' lang='lat' dir='ltr'><strong>vult</strong></span> <span class='ocrx_word' id='word_1_493' title='bbox 3056 3541 3324 3622; x_wconf 85' lang='lat' dir='ltr'><strong>Glossa,</strong></span> <span class='ocrx_word' id='word_1_494' title='bbox 3362 3539 3681 3619; x_wconf 86' lang='lat' dir='ltr'><strong>custodit,</strong></span> <span class='ocrx_word' id='word_1_495' title='bbox 3713 3547 3783 3610; x_wconf 88' lang='lat' dir='ltr'><strong>et</strong></span> <span class='ocrx_word' id='word_1_496' title='bbox 3836 3534 4284 3607; x_wconf 87' lang='lat' dir='ltr'><strong>custodiendo</strong></span> <span class='ocrx_word' id='word_1_497' title='bbox 4322 3535 4424 3603; x_wconf 81' lang='lat' dir='ltr'><strong>vi·</strong></span> 
     </span>
     <span class='ocr_line' id='line_1_81' title="bbox 2875 3646 4424 3738; baseline -0.006 -19"><span class='ocrx_word' id='word_1_498' title='bbox 2875 3654 2991 3720; x_wconf 76' lang='lat' dir='ltr'><strong>vit.</strong></span> <span class='ocrx_word' id='word_1_499' title='bbox 3034 3650 3294 3719; x_wconf 73' lang='lat' dir='ltr'><strong>Verum</strong></span> <span class='ocrx_word' id='word_1_500' title='bbox 3322 3658 3427 3718; x_wconf 90' lang='lat' dir='ltr'><strong>est</strong></span> <span class='ocrx_word' id='word_1_501' title='bbox 3484 3669 3501 3718; x_wconf 72' lang='grc' dir='ltr'>ε</span> <span class='ocrx_word' id='word_1_502' title='bbox 3550 3670 3822 3738; x_wconf 84' lang='lat' dir='ltr'><strong>semper</strong></span> <span class='ocrx_word' id='word_1_503' title='bbox 3876 3647 4061 3715; x_wconf 83' lang='lat' dir='ltr'><strong>enim</strong></span> <span class='ocrx_word' id='word_1_504' title='bbox 4095 3646 4317 3736; x_wconf 88' lang='lat' dir='ltr'><strong>magis</strong></span> <span class='ocrx_word' id='word_1_505' title='bbox 4354 3650 4424 3712; x_wconf 87' lang='lat' dir='ltr'><strong>ct</strong></span> 
     </span>
     <span class='ocr_line' id='line_1_82' title="bbox 2873 3752 4415 3849; baseline -0.006 -22"><span class='ocrx_word' id='word_1_506' title='bbox 2873 3761 3089 3849; x_wconf 87' lang='lat' dir='ltr'><strong>magis</strong></span> <span class='ocrx_word' id='word_1_507' title='bbox 3122 3756 3536 3836; x_wconf 73' lang='lat' dir='ltr'><strong>vivificatur,</strong></span> <span class='ocrx_word' id='word_1_508' title='bbox 3567 3756 3685 3849; x_wconf 86' lang='lat' dir='ltr'><strong>qui</strong></span> <span class='ocrx_word' id='word_1_509' title='bbox 3715 3752 4032 3824; x_wconf 88' lang='lat' dir='ltr'><strong>custodit.</strong></span> <span class='ocrx_word' id='word_1_510' title='bbox 4074 3753 4282 3821; x_wconf 85' lang='lat' dir='ltr'><strong>Joan.</strong></span> <span class='ocrx_word' id='word_1_511' title='bbox 4317 3772 4415 3832; x_wconf 79' lang='lat' dir='ltr'><strong>vr,</strong></span> 
     </span>
     <span class='ocr_line' id='line_1_83' title="bbox 2872 3858 4415 3956; baseline -0.005 -22"><span class='ocrx_word' id='word_1_512' title='bbox 2872 3867 2957 3934; x_wconf 70' lang='lat' dir='ltr'><strong>ot</strong></span> <span class='ocrx_word' id='word_1_513' title='bbox 2990 3887 3010 3936; x_wconf 72' lang='grc' dir='ltr'>ε</span> <span class='ocrx_word' id='word_1_514' title='bbox 3064 3863 3273 3933; x_wconf 79' lang='lat' dir='ltr'><strong>I&#39;erba</strong></span> <span class='ocrx_word' id='word_1_515' title='bbox 3302 3886 3459 3956; x_wconf 71' lang='lat' dir='ltr'><strong>que</strong></span> <span class='ocrx_word' id='word_1_516' title='bbox 3491 3887 3615 3955; x_wconf 73' lang='lat' dir='ltr'><strong>eqo</strong></span> <span class='ocrx_word' id='word_1_517' title='bbox 3671 3863 3942 3933; x_wconf 84' lang='lat' dir='ltr'><strong>locutus</strong></span> <span class='ocrx_word' id='word_1_518' title='bbox 3999 3883 4156 3930; x_wconf 80' lang='lat' dir='ltr'><strong>sum</strong></span> <span class='ocrx_word' id='word_1_519' title='bbox 4198 3858 4415 3942; x_wconf 67' lang='lat' dir='ltr'><strong>vobis,</strong></span> 
     </span>
     <span class='ocr_line' id='line_1_84' title="bbox 2869 3963 4414 4064; baseline -0.005 -26"><span class='ocrx_word' id='word_1_520' title='bbox 2869 3973 3153 4064; x_wconf 77' lang='lat' dir='ltr'><strong>spiritus</strong></span> <span class='ocrx_word' id='word_1_521' title='bbox 3178 3979 3245 4040; x_wconf 90' lang='lat' dir='ltr'><strong>et</strong></span> <span class='ocrx_word' id='word_1_522' title='bbox 3283 3971 3427 4038; x_wconf 82' lang='lat' dir='ltr'><strong>vita</strong></span> <span class='ocrx_word' id='word_1_523' title='bbox 3468 3977 3656 4039; x_wconf 82' lang='lat' dir='ltr'><strong>sunt.</strong></span> <span class='ocrx_word' id='word_1_524' title='bbox 3699 3967 3784 4035; x_wconf 79' lang='lat' dir='ltr'><strong>Et</strong></span> <span class='ocrx_word' id='word_1_525' title='bbox 3819 3965 3992 4035; x_wconf 87' lang='lat' dir='ltr'><strong>illud</strong></span> <span class='ocrx_word' id='word_1_526' title='bbox 4035 3963 4278 4034; x_wconf 66' lang='lat' dir='ltr'><strong>Manli.</strong></span> <span class='ocrx_word' id='word_1_527' title='bbox 4319 3986 4414 4045; x_wconf 76' lang='lat' dir='ltr'><strong>iv,</strong></span> 
     </span>
     <span class='ocr_line' id='line_1_85' title="bbox 2871 4072 4421 4164; baseline -0.007 -15"><span class='ocrx_word' id='word_1_528' title='bbox 2871 4081 2936 4158; x_wconf 70' lang='lat'><strong>4,</strong></span> <span class='ocrx_word' id='word_1_529' title='bbox 2971 4089 3038 4148; x_wconf 89' lang='lat' dir='ltr'><strong>et</strong></span> <span class='ocrx_word' id='word_1_530' title='bbox 3061 4079 3341 4149; x_wconf 85' lang='lat' dir='ltr'><strong>Denter.</strong></span> <span class='ocrx_word' id='word_1_531' title='bbox 3373 4100 3520 4157; x_wconf 77' lang='lat' dir='ltr'><strong>vm,</strong></span> <span class='ocrx_word' id='word_1_532' title='bbox 3553 4076 3594 4147; x_wconf 83' lang='lat'><strong>3</strong></span> <span class='ocrx_word' id='word_1_533' title='bbox 3629 4099 3647 4146; x_wconf 73' lang='grc' dir='ltr'>ε</span> <span class='ocrx_word' id='word_1_534' title='bbox 3684 4076 3845 4147; x_wconf 88' lang='lat' dir='ltr'><strong>Non</strong></span> <span class='ocrx_word' id='word_1_535' title='bbox 3909 4075 3982 4142; x_wconf 83' lang='lat' dir='ltr'><strong>in</strong></span> <span class='ocrx_word' id='word_1_536' title='bbox 4044 4072 4195 4142; x_wconf 87' lang='lat' dir='ltr'><strong>solo</strong></span> <span class='ocrx_word' id='word_1_537' title='bbox 4231 4094 4421 4164; x_wconf 84' lang='lat' dir='ltr'><strong>pane</strong></span> 
     </span>
     <span class='ocr_line' id='line_1_86' title="bbox 2873 4177 4419 4273; baseline -0.006 -18"><span class='ocrx_word' id='word_1_538' title='bbox 2873 4189 3038 4255; x_wconf 75' lang='lat' dir='ltr'><strong>vit-it</strong></span> <span class='ocrx_word' id='word_1_539' title='bbox 3068 4188 3297 4266; x_wconf 73' lang='lat' dir='ltr'><strong>bomo,</strong></span> <span class='ocrx_word' id='word_1_540' title='bbox 3329 4184 3455 4257; x_wconf 85' lang='lat' dir='ltr'><strong>sed</strong></span> <span class='ocrx_word' id='word_1_541' title='bbox 3479 4185 3551 4254; x_wconf 87' lang='lat' dir='ltr'><strong>in</strong></span> <span class='ocrx_word' id='word_1_542' title='bbox 3571 4183 3763 4252; x_wconf 85' lang='lat' dir='ltr'><strong>omni</strong></span> <span class='ocrx_word' id='word_1_543' title='bbox 3785 4181 4010 4261; x_wconf 81' lang='lat' dir='ltr'><strong>verbo,</strong></span> <span class='ocrx_word' id='word_1_544' title='bbox 4035 4177 4419 4273; x_wconf 81' lang='lat' dir='ltr'><strong>quodpro-</strong></span> 
     </span>
     <span class='ocr_line' id='line_1_87' title="bbox 2869 4287 4412 4372; baseline -0.005 -7"><span class='ocrx_word' id='word_1_545' title='bbox 2869 4296 3043 4365; x_wconf 84' lang='lat' dir='ltr'><strong>cedit</strong></span> <span class='ocrx_word' id='word_1_546' title='bbox 3081 4296 3163 4363; x_wconf 83' lang='lat' dir='ltr'><strong>de</strong></span> <span class='ocrx_word' id='word_1_547' title='bbox 3224 4319 3342 4364; x_wconf 86' lang='lat' dir='ltr'><strong>ore</strong></span> <span class='ocrx_word' id='word_1_548' title='bbox 3407 4296 3562 4363; x_wconf 86' lang='lat' dir='ltr'><strong>Dei.</strong></span> <span class='ocrx_word' id='word_1_549' title='bbox 3630 4292 3891 4362; x_wconf 71' lang='lat' dir='ltr'><strong>Verum</strong></span> <span class='ocrx_word' id='word_1_550' title='bbox 3930 4297 4059 4372; x_wconf 88' lang='lat' dir='ltr'><strong>est,</strong></span> <span class='ocrx_word' id='word_1_551' title='bbox 4102 4287 4412 4357; x_wconf 87' lang='lat' dir='ltr'><strong>humilis.</strong></span> 
     </span>
     <span class='ocr_line' id='line_1_88' title="bbox 2872 4395 4420 4490; baseline -0.006 -20"><span class='ocrx_word' id='word_1_552' title='bbox 2872 4402 2999 4470; x_wconf 88' lang='lat' dir='ltr'><strong>Isa.</strong></span> <span class='ocrx_word' id='word_1_553' title='bbox 3035 4424 3189 4480; x_wconf 72' lang='lat' dir='ltr'><strong>nvn,</strong></span> <span class='ocrx_word' id='word_1_554' title='bbox 3230 4403 3312 4469; x_wconf 75' lang='lat'><strong>15</strong></span> <span class='ocrx_word' id='word_1_555' title='bbox 3346 4425 3363 4470; x_wconf 75' lang='grc' dir='ltr'><strong><em>ε</em></strong></span> <span class='ocrx_word' id='word_1_556' title='bbox 3411 4402 3502 4469; x_wconf 84' lang='lat' dir='ltr'><strong>Ut</strong></span> <span class='ocrx_word' id='word_1_557' title='bbox 3529 4399 3821 4489; x_wconf 75' lang='lat' dir='ltr'><strong>vivificet</strong></span> <span class='ocrx_word' id='word_1_558' title='bbox 3836 4397 4161 4490; x_wconf 81' lang='lat' dir='ltr'><strong>spiritum</strong></span> <span class='ocrx_word' id='word_1_559' title='bbox 4190 4395 4420 4462; x_wconf 68' lang='lat' dir='ltr'><strong>leunti-</strong></span> 
     </span>
     <span class='ocr_line' id='line_1_89' title="bbox 2872 4506 4144 4598; baseline -0.007 -19"><span class='ocrx_word' id='word_1_560' title='bbox 2872 4511 3071 4590; x_wconf 88' lang='lat' dir='ltr'><strong>lium,</strong></span> <span class='ocrx_word' id='word_1_561' title='bbox 3102 4519 3167 4578; x_wconf 88' lang='lat' dir='ltr'><strong>et</strong></span> <span class='ocrx_word' id='word_1_562' title='bbox 3193 4507 3492 4598; x_wconf 77' lang='lat' dir='ltr'><strong>vivificet</strong></span> <span class='ocrx_word' id='word_1_563' title='bbox 3515 4530 3632 4577; x_wconf 86' lang='lat' dir='ltr'><strong>cor</strong></span> <span class='ocrx_word' id='word_1_564' title='bbox 3665 4506 4144 4575; x_wconf 85' lang='lat' dir='ltr'><strong>contritorum.</strong></span> 
     </span>
    </p>
   </div>
   <div class='ocr_carea' id='block_1_12' title="bbox 2869 4826 4420 5680">
    <p class='ocr_par' dir='ltr' id='par_1_19' title="bbox 2869 4826 4419 5463">
     <span class='ocr_line' id='line_1_90' title="bbox 2959 4826 4414 4904; baseline -0.003 -3"><span class='ocrx_word' id='word_1_565' title='bbox 2959 4860 2993 4901; x_wconf 74' lang='grc' dir='ltr'><strong>α</strong></span> <span class='ocrx_word' id='word_1_566' title='bbox 3053 4835 3304 4903; x_wconf 79' lang='lat' dir='ltr'><strong>Revela</strong></span> <span class='ocrx_word' id='word_1_567' title='bbox 3350 4832 3607 4904; x_wconf 86' lang='lat' dir='ltr'><strong>oeulos.</strong></span> <span class='ocrx_word' id='word_1_568' title='bbox 3654 4861 3690 4896; x_wconf 87' lang='grc' dir='ltr'><strong>ιι</strong></span> <span class='ocrx_word' id='word_1_569' title='bbox 3734 4831 3862 4901; x_wconf 89' lang='lat' dir='ltr'><strong>IIic</strong></span> <span class='ocrx_word' id='word_1_570' title='bbox 3923 4829 4271 4901; x_wconf 86' lang='lat' dir='ltr'><strong>descendit</strong></span> <span class='ocrx_word' id='word_1_571' title='bbox 4328 4826 4414 4898; x_wconf 86' lang='lat' dir='ltr'><strong>ad</strong></span> 
     </span>
     <span class='ocr_line' id='line_1_91' title="bbox 2869 4940 4418 5033; baseline -0.001 -23"><span class='ocrx_word' id='word_1_572' title='bbox 2869 4940 3192 5033; x_wconf 89' lang='lat' dir='ltr'><strong>speciales</strong></span> <span class='ocrx_word' id='word_1_573' title='bbox 3228 4942 3659 5011; x_wconf 77' lang='lat' dir='ltr'><strong>infirmitates</strong></span> <span class='ocrx_word' id='word_1_574' title='bbox 3698 4962 3717 5009; x_wconf 88' lang='lat'>:</span> <span class='ocrx_word' id='word_1_575' title='bbox 3749 4940 4086 5030; x_wconf 88' lang='lat' dir='ltr'><strong>etprimo,</strong></span> <span class='ocrx_word' id='word_1_576' title='bbox 4109 4943 4281 5031; x_wconf 87' lang='lat' dir='ltr'><strong>petit</strong></span> <span class='ocrx_word' id='word_1_577' title='bbox 4316 4963 4418 5009; x_wconf 88' lang='lat' dir='ltr'><strong>re·</strong></span> 
     </span>
     <span class='ocr_line' id='line_1_92' title="bbox 2871 5045 4415 5118; baseline -0.002 0"><span class='ocrx_word' id='word_1_578' title='bbox 2871 5047 3281 5118; x_wconf 81' lang='lat' dir='ltr'><strong>velationem</strong></span> <span class='ocrx_word' id='word_1_579' title='bbox 3347 5048 3772 5118; x_wconf 88' lang='lat' dir='ltr'><strong>occultorum</strong></span> <span class='ocrx_word' id='word_1_580' title='bbox 3841 5055 4082 5117; x_wconf 85' lang='lat' dir='ltr'><strong>contra</strong></span> <span class='ocrx_word' id='word_1_581' title='bbox 4153 5045 4415 5115; x_wconf 88' lang='lat' dir='ltr'><strong>malum</strong></span> 
     </span>
     <span class='ocr_line' id='line_1_93' title="bbox 2874 5154 4419 5250; baseline -0.002 -23"><span class='ocrx_word' id='word_1_582' title='bbox 2874 5159 3301 5250; x_wconf 81' lang='lat' dir='ltr'><strong>ignorantiae.</strong></span> <span class='ocrx_word' id='word_1_583' title='bbox 3349 5157 3689 5236; x_wconf 82' lang='lat' dir='ltr'><strong>Secundo,</strong></span> <span class='ocrx_word' id='word_1_584' title='bbox 3734 5163 3971 5226; x_wconf 89' lang='lat' dir='ltr'><strong>contra</strong></span> <span class='ocrx_word' id='word_1_585' title='bbox 3999 5154 4260 5224; x_wconf 84' lang='lat' dir='ltr'><strong>malum</strong></span> <span class='ocrx_word' id='word_1_586' title='bbox 4301 5179 4419 5225; x_wconf 85' lang='lat' dir='ltr'><strong>ex·</strong></span> 
     </span>
     <span class='ocr_line' id='line_1_94' title="bbox 2870 5261 4418 5354; baseline -0.003 -19"><span class='ocrx_word' id='word_1_587' title='bbox 2870 5265 3001 5335; x_wconf 90' lang='lat' dir='ltr'><strong>silii</strong></span> <span class='ocrx_word' id='word_1_588' title='bbox 3070 5272 3137 5335; x_wconf 90' lang='lat' dir='ltr'><strong>et</strong></span> <span class='ocrx_word' id='word_1_589' title='bbox 3202 5264 3628 5354; x_wconf 88' lang='lat' dir='ltr'><strong>abjectionis,</strong></span> <span class='ocrx_word' id='word_1_590' title='bbox 3680 5261 4239 5343; x_wconf 79' lang='lat' dir='ltr'><strong>familiaritatem,</strong></span> <span class='ocrx_word' id='word_1_591' title='bbox 4296 5262 4418 5342; x_wconf 90' lang='lat' dir='ltr'><strong>ibi,</strong></span> 
     </span>
     <span class='ocr_line' id='line_1_95' title="bbox 2870 5372 3919 5463; baseline -0.008 -20"><span class='ocrx_word' id='word_1_592' title='bbox 2870 5380 2933 5450; x_wconf 64' lang='lat'><strong>5.</strong></span> <span class='ocrx_word' id='word_1_593' title='bbox 2979 5375 3055 5441; x_wconf 82' lang='lat'><strong>¹9</strong></span> <span class='ocrx_word' id='word_1_594' title='bbox 3089 5395 3106 5442; x_wconf 76' lang='grc' dir='ltr'><strong><em>ε</em></strong></span> <span class='ocrx_word' id='word_1_595' title='bbox 3153 5398 3188 5439; x_wconf 74' lang='lat' dir='ltr'><strong>e</strong></span> <span class='ocrx_word' id='word_1_596' title='bbox 3228 5372 3472 5441; x_wconf 86' lang='lat' dir='ltr'><strong>Incola</strong></span> <span class='ocrx_word' id='word_1_597' title='bbox 3498 5394 3621 5463; x_wconf 72' lang='lat' dir='ltr'><strong>eqo</strong></span> <span class='ocrx_word' id='word_1_598' title='bbox 3654 5392 3837 5441; x_wconf 81' lang='lat' dir='ltr'><strong>sum.</strong></span> <span class='ocrx_word' id='word_1_599' title='bbox 3883 5396 3919 5435; x_wconf 89' lang='grc' dir='ltr'><strong>ιι</strong></span> 
     </span>
    </p>

    <p class='ocr_par' dir='ltr' id='par_1_20' title="bbox 2875 5479 4420 5680">
     <span class='ocr_line' id='line_1_96' title="bbox 2963 5479 4420 5573; baseline 0 -25"><span class='ocrx_word' id='word_1_600' title='bbox 2963 5481 3040 5549; x_wconf 91' lang='lat' dir='ltr'><strong>In</strong></span> <span class='ocrx_word' id='word_1_601' title='bbox 3072 5481 3290 5572; x_wconf 80' lang='lat' dir='ltr'><strong>prima</strong></span> <span class='ocrx_word' id='word_1_602' title='bbox 3311 5479 3471 5549; x_wconf 91' lang='lat' dir='ltr'><strong>duo.</strong></span> <span class='ocrx_word' id='word_1_603' title='bbox 3508 5479 3768 5565; x_wconf 79' lang='lat' dir='ltr'><strong>Primo,</strong></span> <span class='ocrx_word' id='word_1_604' title='bbox 3792 5480 3963 5573; x_wconf 86' lang='lat' dir='ltr'><strong>petit</strong></span> <span class='ocrx_word' id='word_1_605' title='bbox 3991 5479 4420 5552; x_wconf 85' lang='lat' dir='ltr'><strong>occultorum</strong></span> 
     </span>
     <span class='ocr_line' id='line_1_97' title="bbox 2875 5585 4416 5680; baseline -0.001 -25"><span class='ocrx_word' id='word_1_606' title='bbox 2875 5587 3341 5678; x_wconf 86' lang='lat' dir='ltr'><strong>cognitionem</strong></span> <span class='ocrx_word' id='word_1_607' title='bbox 3380 5593 3616 5655; x_wconf 86' lang='lat' dir='ltr'><strong>contra</strong></span> <span class='ocrx_word' id='word_1_608' title='bbox 3671 5585 3930 5655; x_wconf 89' lang='lat' dir='ltr'><strong>malum</strong></span> <span class='ocrx_word' id='word_1_609' title='bbox 3981 5586 4416 5680; x_wconf 60' lang='lat' dir='ltr'><strong>ignorantiae.</strong></span> 
     </span>
    </p>
   </div>
  </div>
 </body>
</html>
