5008 6329
357 3019 542 3087 20.

646 261 730 326 46
1613 263 1699 331 D.
1741 261 1939 329 ALB.
1991 261 2211 328 MAG.

647 441 782 497 tur.
826 430 1032 502 Eccli.
1075 457 1239 511 xvn,
1268 435 1350 502 30
1382 456 1396 499 :
1437 430 1626 516 Quid
1655 430 1956 497 lucidius
1982 431 2127 498 sole
2151 430 2191 497 P

530 566 539 575 ·
646 550 709 607 et
780 541 891 608 lzic
945 542 1228 630 deficiet.
1286 540 1538 607 Jerem.
1607 560 1797 615 xxm,
1844 539 1977 605 35:
2047 540 2187 622 Qui

646 647 765 715 dat
817 649 1029 717 solem
1078 652 1150 716 in
1210 648 1467 713 lumine
1515 644 1675 721 diei,
1737 644 2046 711 ordinem
2083 643 2191 713 lu-

640 780 742 824 noe
812 769 875 826 et
935 756 1300 826 stellarum
1349 754 1421 819 in
1481 751 1740 818 lumine
1804 755 2045 820 noctis.

729 860 919 929 Luna
956 856 1393 950 spiritualiter
1419 853 1763 944 loquendo
1796 863 1897 923 est
1942 856 2185 925 Eccle-

639 972 762 1049 sia,
795 990 945 1061 quae
992 990 1032 1035 a
1094 964 1236 1034 sole
1301 962 1503 1045 lucet,
1560 985 1699 1030 non
1757 987 1797 1032 a
1852 988 1950 1034 se.
2002 965 2184 1035 Can-

639 1079 752 1146 tio.
821 1099 916 1156 vn,
976 1075 1068 1141 9:
1142 1071 1305 1153 Quae
1360 1080 1456 1137 est
1510 1072 1644 1138 ista
1681 1095 1834 1161 quae
1886 1095 2182 1164 proqre-

640 1187 831 1253 ditur
885 1182 1086 1275 quasi
1141 1204 1393 1248 aurora
1423 1204 1851 1271 consurqenS,
1875 1181 2181 1272 pulchra

639 1303 720 1361 ut
762 1294 929 1359 luna
952 1288 993 1355 ?
1029 1288 1116 1355 Et
1144 1285 1320 1356 hanc
1356 1288 1512 1356 fecit
1539 1289 1611 1355 in
1639 1297 1974 1380 tempore,
2018 1290 2180 1379 quia

633 1406 1093 1469 transeuntem
1134 1397 1219 1465 ad
1246 1406 1519 1480 aeterna,
1556 1420 1694 1464 non
1729 1397 1842 1465 hic
1901 1418 2179 1486 perma-

631 1517 929 1577 nentem.
964 1506 1070 1574 Ad
1115 1506 1362 1596 Ephos.
1396 1528 1465 1584 v,
1502 1507 1584 1573 27
1622 1526 1637 1570 ε
1706 1506 1794 1572 Ut
1830 1505 2172 1572 exhiberet

630 1619 771 1708 ipse
795 1615 929 1682 sibi
942 1614 1318 1705 qloriosam
1337 1612 1742 1689 Ecclesiam,
1762 1635 1899 1679 non
1926 1612 2177 1679 haben·

628 1734 760 1791 tem
790 1722 1163 1804 maculam,
1196 1728 1320 1787 aut
1349 1741 1623 1810 ruqam,
1649 1718 1922 1809 quando
1964 1719 2174 1811 imple

633 1833 815 1899 bitur
873 1828 1039 1897 illud
1078 1829 1207 1895 Isa.
1250 1849 1414 1906 xxx,
1447 1828 1533 1892 26
1569 1849 1585 1894 ε
1619 1828 1781 1894 Erit
1821 1827 1950 1895 lua:
1990 1828 2173 1896 lunae

627 1940 806 2007 sicut
849 1938 975 2005 lux
999 1935 1192 2004 solis.
1227 1933 1315 2001 Et
1351 1933 1497 2002 haec
1527 1956 1665 2002 non
1697 1935 1967 2013 transit,
2013 1937 2177 2026 quia

627 2047 773 2136 ipse
843 2043 1020 2111 «sol
1070 2042 1404 2131 coqnovit,
1441 2067 1476 2104 ιο
1533 2041 1976 2131 praesciendO,
2046 2063 2174 2132 ap-

622 2150 996 2243 probandO,
1068 2175 1103 2212 α
1145 2169 1455 2216 occasum
1542 2169 1774 2228 suum,
1839 2173 1872 2213 t
1976 2156 2172 2215 tran-

628 2261 832 2326 situm
870 2278 1093 2325 suum.
1134 2253 1336 2322 Joan.
1385 2274 1529 2336 xm,
1581 2254 1607 2318 l
1649 2273 1665 2318 ε
1729 2254 1927 2322 Siens
1967 2256 2168 2322 lesus

622 2367 793 2457 quia
831 2366 1012 2433 venit
1059 2363 1230 2430 hora
1284 2359 1438 2449 ejus
1494 2370 1571 2428 ut
1619 2371 1955 2444 transeat,
2030 2370 2157 2432 etc.

622 2471 868 2565 Supra,
919 2474 991 2541 iu
1061 2468 1246 2538 Psal.
1304 2491 1509 2552 van,
1569 2470 1608 2536 5
1654 2490 1670 2538 ε
1738 2471 1877 2553 Qui
1926 2493 2166 2539 ascen-

617 2583 745 2662 dit,
819 2581 1157 2657 audacter,
1213 2601 1420 2670 super
1481 2601 1817 2659 occasum,
1879 2580 1946 2648 id
2031 2589 2156 2665 est,

617 2700 933 2775 mortem,
991 2688 1331 2757 Dominus
1388 2709 1629 2754 nomen
1699 2687 1838 2757 illi.

703 3047 737 3088 ι
793 3023 1100 3092 Posuisti
1180 3021 1508 3091 tenebras.
1565 3046 1600 3088 υ
1660 3019 1789 3088 llic
1841 3015 2146 3087 tertium.

611 3125 820 3208 Quasi
872 3129 1172 3200 diceret:
1242 3125 1357 3199 Sic
1419 3127 1654 3197 lunam
1712 3126 1784 3194 in
1840 3130 2150 3215 tempore

609 3259 735 3304 suo
784 3234 994 3305 iecisti
1049 3258 1398 3328 apparere,
1459 3242 1528 3303 et
1590 3232 1807 3302 solem
1882 3228 2151 3299 occide-

607 3366 722 3413 re:
789 3354 857 3414 et
920 3344 1017 3414 sic
1082 3371 1115 3409 ι
1168 3344 1466 3437 posuisti
1535 3340 1844 3410 tenebras
1908 3367 1942 3401 a
2026 3360 2148 3429 per

604 3453 963 3534 muudum,
1021 3462 1089 3523 et
1152 3453 1324 3523 facta
1387 3459 1490 3522 est
1541 3474 1707 3532 nox,
1784 3448 1946 3540 quia
1976 3448 2142 3537 ipsae

601 3559 898 3631 tenebrae
962 3569 1123 3630 suut
1174 3583 1335 3630 nox.
1396 3560 1643 3629 Genea.
1722 3581 1770 3637 ι,
1829 3558 1932 3624 5:
2002 3558 2145 3648 Ap·

591 3667 1019 3762 pellavitque
1087 3667 1303 3738 lucem
1385 3668 1612 3750 Diem,
1677 3677 1744 3735 et
1829 3661 2141 3732 tenebras

593 3777 894 3846 Noctem.
927 3777 1060 3847 Isa.
1099 3800 1255 3859 ην,
1287 3776 1328 3847 Ἰ
1364 3799 1382 3846 :
1422 3779 1577 3868 qu
1612 3775 1957 3846 Dominus
1980 3773 2139 3863 sor-

594 3905 792 3953 mans
845 3885 1090 3969 lucem,
1150 3896 1215 3954 et
1251 3908 1487 3955 creans
1533 3880 1866 3955 tenebras.
1947 3879 2135 3950 Bene

591 4002 816 4063 autem
871 3993 1309 4088 spiritualiter
1359 4001 1517 4088 post
1575 4013 1893 4062 occasum
1939 3986 2129 4065 solis,

590 4101 900 4191 sequitur
950 4102 1200 4193 positio
1252 4099 1712 4177 tenebrarum,
1764 4093 1927 4189 quia
1963 4115 2131 4163 vero

587 4205 732 4275 sole
788 4209 1122 4278 moriente
1169 4208 1243 4277 in
1294 4229 1520 4290 cruce,
1626 4204 1695 4274 id
1749 4211 1878 4286 est,
1944 4200 2133 4271 occi-

585 4304 811 4391 dente,
889 4304 1181 4377 tenebrae
1240 4304 1433 4376 factm
1479 4313 1640 4375 suut
1693 4327 1817 4397 per
1857 4301 2132 4371 uuiver-

584 4435 731 4482 sam
805 4422 1057 4484 terram
1086 4416 1134 4485 ⁸.
1234 4413 1477 4496 Amos,
1534 4434 1677 4490 vm,
1747 4414 1843 4480 9:
1932 4406 2125 4477 Occi·

583 4518 697 4587 det
746 4518 855 4589 sol
911 4522 982 4589 in
1036 4520 1343 4604 meridie,
1401 4527 1467 4589 et
1519 4516 1960 4588 tenebrescere
2002 4515 2127 4604 la-

581 4627 761 4695 eiam
826 4637 1078 4697 terram
1144 4628 1216 4698 in
1271 4627 1385 4695 die
1436 4624 1744 4695 luminis.
1817 4621 1932 4692 Sic
1969 4622 2125 4714 post

582 4755 898 4803 occasum
956 4734 1121 4805 solis
1170 4736 1436 4829 gratim,
1519 4734 1592 4802 iu
1664 4730 1868 4802 eorde
1949 4731 2124 4802 fiunt

578 4840 1002 4911 densissimae
1056 4839 1380 4913 tenebrae.
1412 4839 1539 4909 11ae
1591 4848 1754 4909 sunt
1807 4838 2107 4910 tenebrae

576 4948 999 5044 AEgyptiacoe
1036 4964 1088 5022 ¹.

667 5181 702 5223 ι
733 5156 817 5225 In
891 5156 1042 5249 ipsa
1100 5153 1641 5248 pertransibunt.
1704 5179 1741 5221 ι
1812 5153 1939 5223 llic
2001 5179 2118 5225 se-

572 5263 899 5362 cuudum,
949 5263 1453 5356 magnificentia
1504 5263 1631 5334 Dei
1664 5264 1733 5331 in
1798 5261 2115 5331 consola·

571 5372 755 5441 tione
810 5370 1207 5451 bestiarum,
1267 5371 1340 5440 in
1392 5370 1614 5441 noctis
1680 5377 2016 5463 tempore,
2048 5374 2116 5437 et

640 5587 661 5627 ¹
692 5586 765 5645 cr
786 5584 991 5645 nauh.
1020 5591 1197 5659 mn,
1225 5587 1317 5645 ις.

2264 260 2471 328 ORD.
2524 260 2819 327 PRAED.

2298 422 2592 498 ostendit
2666 428 2797 496 hoc
2863 431 2933 496 in
3027 428 3457 498 silvestribus
3531 427 3849 494 maxime.

2295 539 2380 606 Et
2460 538 2709 629 primo,
2758 537 2971 626 tangit
3046 539 3244 629 quasi
3311 544 3627 604 naturam
3699 557 3854 602 om-

2294 648 2484 713 nium
2561 643 2990 736 generaliter.
3067 644 3412 725 Secund0,
3471 641 3854 733 aliquarum

2292 757 2700 847 specialiter,
2767 765 2833 833 57.
2870 758 2950 823 21
2991 778 3007 822 :
3048 782 3082 818 ι(
3148 753 3391 822 Catuli
3467 752 3766 820 leonum.
3807 776 3836 813 n

2380 868 2497 934 Ait
2573 869 2753 937 enim
2799 890 2816 936 ε
2879 867 2995 935 Sic
3019 874 3293 934 noctem
3330 863 3573 941 fecisti,
3608 870 3674 930 et
3706 890 3738 925 «
3780 864 3853 928 in

2292 975 2443 1064 ipsa
2466 974 3014 1064 pertransibunt,
3049 1002 3082 1035 ι)
3132 970 3241 1040 vel
3309 969 3724 1038 transeundo
3765 968 3851 1036 ad

2289 1080 2442 1148 loca
2472 1103 2622 1159 sua,
2683 1080 2792 1147 vel
2858 1080 2943 1147 ad
2983 1078 3432 1169 quaerendum
3464 1099 3651 1146 escas
3690 1075 3843 1155 sibi,

2290 1211 2323 1246 «
2394 1207 2623 1251 omnes
2691 1183 2914 1251 hestiae
2968 1183 3184 1250 silvae.
3225 1207 3258 1248 n
3320 1182 3484 1250 Haee
3513 1190 3615 1250 est
3664 1180 3843 1250 enim

2286 1297 2530 1356 natura
2586 1289 3001 1357 silvestrium
3068 1287 3502 1366 animalium,
3545 1287 3842 1354 maxime

2285 1400 2656 1488 rapacium,
2754 1403 2831 1464 ut
2923 1397 3006 1465 de
3074 1404 3275 1465 nocte
3354 1401 3706 1464 transeant
3758 1393 3845 1462 ad

2282 1506 2726 1597 quaerendum
2758 1529 2969 1575 escas·
3013 1505 3144 1574 Hic
3176 1513 3363 1596 patet
3430 1503 3614 1596 quod
3686 1523 3843 1594 pro·

2279 1616 2422 1703 prie
2489 1614 2795 1705 loquitur
2857 1615 3217 1693 Jeremias,
3287 1613 3540 1682 Jerem.
3602 1637 3671 1694 v,
3741 1615 3833 1682 6:

2279 1724 2622 1790 Percussit
2679 1746 2788 1790 eos
2851 1723 2953 1790 leo
3012 1722 3098 1790 de
3174 1720 3380 1802 silva,
3465 1720 3673 1813 lupus
3745 1721 3842 1788 ad

2279 1852 2627 1921 vesperam
2666 1832 2960 1899 vastavit
3007 1853 3143 1898 eos.

2367 1937 2829 2029 Spiritualiter
2885 1946 3119 2007 autem
3171 1938 3526 2007 excaecatis
3579 1938 3832 2007 Judaeis

2274 2042 2344 2109 in
2411 2052 2630 2111 morte
2691 2041 2965 2124 Christi,
3028 2051 3095 2110 et
3150 2042 3449 2111 tenebris
3505 2042 3696 2111 l'actis
3725 2066 3835 2110 su-

2273 2173 2395 2241 per
2448 2175 2684 2219 eorum
2744 2151 2973 2236 corda,
3037 2150 3291 2236 bestiae,
3363 2151 3432 2219 id
3491 2159 3619 2231 est,
3703 2175 3832 2219 va-

2269 2265 2561 2326 statores
2633 2259 2980 2326 daemones
3033 2266 3101 2326 et
3201 2257 3524 2335 Romani,
3587 2280 3824 2327 eorum

2268 2362 2452 2432 bona
2518 2367 2750 2433 omnia
2797 2365 3230 2434 devastantes
3258 2365 3819 2455 pertransierunt,

2267 2493 2389 2561 per
2441 2494 2561 2539 eos
2636 2474 3078 2552 transierunt,
3124 2480 3345 2542 totum
3386 2471 3815 2550 devorantes,

2268 2581 2546 2672 impleta
2600 2581 2962 2673 prophetia
3002 2581 3224 2663 lsaiae,
3254 2605 3390 2661 Lvr,
3435 2584 3477 2650 9
3521 2603 3538 2652 ε
3572 2582 3820 2652 Omnes

2266 2687 2490 2758 bestiae
2519 2693 2702 2783 ayri,
2746 2693 2966 2760 venite
3017 2692 3117 2760 ad
3163 2691 3659 2760 devorandum.
3696 2690 3818 2759 Sa-

2260 2799 2471 2889 pient.
2550 2822 2715 2876 xvu.
2821 2802 2951 2869 18:
3022 2801 3494 2891 Muqientium
3576 2799 3816 2869 valida

2259 2904 2631 2976 bestiarum
2716 2931 2872 2985 vox,
2913 2907 3183 2999 supple,
3223 2908 3417 2975 veuit
3469 2929 3674 2999 super
3708 2908 3815 2976 in-

2258 3011 2514 3081 fideles.
2551 3012 2789 3081 Ezecli.
2835 3011 3085 3092 xxxix.
3125 3015 3203 3084 17
3249 3036 3266 3082 ε
3316 3014 3814 3084 Dic...cunctis

2257 3119 2486 3190 bestiis
2515 3123 2675 3213 ayri
2703 3146 2725 3191 .·
2760 3125 3153 3203 convenite.
3189 3133 3582 3217 properate,
3651 3146 3809 3192 con-

2249 3232 2503 3299 currite
2533 3232 2837 3323 undique
2863 3234 2962 3301 ad
2995 3235 3347 3302 victimam
3392 3254 3640 3312 meam,
3674 3241 3801 3300 etc.

2348 3585 2379 3620 α
2417 3557 2674 3626 Catudi
2713 3556 3014 3627 leonum.
3093 3557 3221 3627 nic
3286 3557 3689 3637 secuudum,
3726 3559 3795 3628 in

2244 3688 2381 3756 quo
2447 3665 3152 3759 ostenditssspecialiter
3179 3667 3303 3737 Dei
3349 3667 3798 3760 magnificen-

2243 3772 2407 3840 tiam
2467 3774 2535 3841 in
2641 3774 3119 3864 procuratione
3202 3772 3288 3843 dc
3390 3784 3589 3843 nocte
3678 3773 3794 3843 ali·

2241 3901 2532 3970 quarum
2600 3879 2976 3950 bestiarum
3069 3879 3482 3974 specialiter.
3584 3880 3794 3962 Quasi

2239 3985 2492 4056 diceret
2563 3987 2732 4056 :Sic
2789 3989 2858 4056 in
2935 3994 3136 4056 nocte
3212 4010 3422 4081 quam
3513 3988 3792 4080 parasti,

2236 4093 2772 4184 pertransierunt
2846 4092 3108 4177 liestioe,
3176 4094 3436 4164 scilicet
3494 4122 3525 4158 ιι
3576 4094 3799 4163 catuli

2236 4200 2514 4270 leonum
2578 4202 2925 4292 ruqientes
2981 4210 3060 4270 ut
3153 4202 3463 4294 rapiant,
3522 4226 3556 4267 ι
3613 4225 3796 4295 proe-

2230 4305 2387 4375 dam
2471 4306 2799 4399 aliquam,
2869 4314 2935 4378 et
3001 4316 3278 4400 portent
3352 4308 3438 4377 ad
3492 4308 3786 4377 foveam.

2230 4411 2532 4498 Nahum,
2575 4436 2649 4496 n,
2712 4417 2855 4485 12:
2915 4418 3051 4484 Leo
3115 4416 3296 4508 cepit
3364 4417 3792 4508 sufficioeter

2226 4518 2481 4588 catulis
2533 4521 2705 4600 suis,
2763 4530 2829 4591 et
2883 4523 3152 4591 necavit
3205 4521 3438 4590 leaenis
3497 4524 3685 4592 suis:
3718 4531 3784 4591 et

2226 4625 2541 4719 impleuit
2560 4627 2804 4719 praeda
2855 4626 3223 4722 speluncas
3285 4652 3485 4713 suas,
3538 4640 3605 4700 et
3658 4655 3783 4701 cu-

2226 4731 2364 4801 bile
2398 4757 2605 4803 suum
2652 4737 2927 4828 rapina.
3000 4734 3088 4806 Et
3144 4737 3248 4807 sie
3294 4766 3328 4800 οι
3378 4748 3695 4831 quaerant
3742 4763 3777 4804 ι

2224 4839 2352 4910 sibi
2417 4872 2451 4903 ι
2480 4842 2799 4936 pra-dam
2838 4868 2883 4912 a
2937 4844 3109 4913 Deo.
3179 4871 3213 4909 n
3273 4844 3458 4914 Psal.
3526 4867 3776 4925 cxxxv,

2223 4950 2309 5016 253
2352 4971 2369 5018 ε
2433 4951 2575 5036 Qui
2660 4951 2784 5019 dat
2837 4976 3059 5021 escam
3108 4955 3303 5021 omni
3368 4955 3589 5025 carni.
3647 4953 3779 5023 Leo

2222 5053 2535 5123 diabolus
2590 5058 2777 5126 est.1
2825 5057 3011 5130 Petr.
3070 5082 3145 5144 v,
3194 5059 3236 5126 8
3273 5059 3780 5130 :Adversarius

2223 5175 2436 5233 vester
2468 5164 2818 5248 diabolus,
2889 5176 3253 5259 tamquam
3302 5164 3405 5236 leo
3467 5170 3773 5260 ruqiens,

2220 5279 2348 5340 etc.
2392 5268 2478 5339 Et
2504 5271 2710 5342 catuli
2766 5271 3076 5352 leonum,
3155 5272 3468 5343 membra
3532 5283 3599 5345 et
3656 5276 3774 5344 filii

2221 5376 2500 5448 diaboli.
2540 5378 2717 5460 1001,
2751 5404 2798 5464 ι,
2832 5381 2873 5448 6
2905 5403 2924 5449 :
2955 5382 3212 5450 Dentes
3247 5378 3430 5472 ejus,
3477 5391 3557 5451 ut
3610 5381 3780 5451 deti-

2287 5588 2313 5626 ⁸
2337 5588 2424 5646 Cf.
2454 5588 2636 5648 exod.
2671 5606 2731 5657 x,
2760 5591 2833 5647 22
2876 5594 3090 5664 etseq.
