5008 6329
657 303 785 369 200

657 473 910 541 Anima
930 473 1085 563 ejus
1105 472 1583 563 quodcumque
1609 471 1854 554 vol-uit,
1879 473 2004 541 lzoc
2015 475 2202 562 lecit.

659 578 787 646 Isa.
848 602 1028 657 xLV1,
1078 581 1158 646 10
1222 600 1236 642 ε
1297 577 1514 644 Omne
1550 579 1917 646 consilium
1983 603 2209 646 meum

655 685 890 765 stabit,
944 694 1008 752 et
1045 686 1267 751 omnis
1294 687 1620 753 voluntas
1655 709 1806 753 mea
1833 687 1976 775 fiet.
2021 687 2203 754 Psal.

657 817 928 876 cxxxiv,
985 794 1024 858 6
1097 815 1112 858 :
1188 791 1445 860 Omnia
1494 818 1935 885 quaecumque
1987 796 2211 862 voluit

655 901 998 969 Dominus
1032 901 1222 990 secie,
1286 902 1361 968 in
1435 903 1626 985 coelo,
1711 905 1784 968 in
1858 913 2066 983 terra,
2139 904 2212 968 in

657 1008 847 1073 mari
895 1017 961 1073 et
997 1007 1072 1073 in
1111 1009 1432 1077 omnibus
1470 1009 1756 1099 abyssis,

753 1348 786 1388 α
849 1323 1251 1392 Simulacra
1304 1324 1651 1391 Gentium.
1710 1348 1742 1387 ›>
1801 1324 1927 1392 Hic
1966 1347 2216 1392 secun-

661 1430 852 1510 dum,
903 1430 1181 1507 scilicet,
1227 1430 1298 1496 in
1339 1452 1478 1520 quo
1517 1429 1954 1522 subjungitur
1994 1432 2076 1501 de
2122 1434 2214 1501 si-

657 1538 1119 1605 mulacrorum
1188 1538 1642 1608 detestatione
1707 1564 1721 1607 ε
1774 1550 1840 1609 et
1892 1540 2215 1610 dicuntur

659 1646 818 1713 duo.
890 1645 1151 1726 Primo,
1194 1647 1555 1716 detestatio
1633 1650 1940 1738 ipsorum
1983 1650 2214 1718 idolo-

656 1773 832 1818 rum.
908 1750 1250 1830 SecundO,
1354 1757 1758 1845 imprecatio
1826 1756 2211 1824 colentibus

658 1859 796 1938 illa,
850 1861 920 1928 in
968 1884 1104 1952 quo
1149 1871 1311 1930 sunt
1359 1862 1782 1943 detestanda,
1826 1865 1948 1946 ibi,
1988 1872 2054 1943 ᾗ.
2104 1867 2143 1934 8
2190 1888 2205 1932 :

662 1992 696 2031 α
739 1968 1024 2037 Similes
1052 1970 1228 2037 illis.
1275 1999 1311 2032 »

745 2072 823 2142 ln
851 2077 1074 2167 prima
1121 2075 1286 2146 duo.
1338 2078 1602 2157 Primn,
1659 2080 1958 2150 ostendit
1985 2080 2213 2152 idolo·

659 2206 807 2252 rum
837 2185 1212 2254 vanitatem
1252 2186 1325 2253 in
1372 2209 1471 2267 se,
1516 2187 1701 2278 quod
1759 2191 2045 2259 omnino
2075 2191 2215 2260 sint

655 2290 802 2359 sine
864 2295 1034 2362 vita.
1097 2293 1445 2376 Secundo,
1516 2295 1980 2381 inutilitatem,
2051 2299 2212 2389 quia

656 2396 846 2467 nulla
883 2407 1174 2490 possunt
1201 2400 1677 2470 membrorum
1705 2424 2020 2472 exercere
2059 2404 2211 2473 offi-

657 2505 786 2583 cia,
820 2504 941 2586 ibi,
983 2512 1046 2584 5.
1083 2508 1168 2576 5:
1207 2532 1242 2574 ι
1290 2507 1383 2576 Os
1410 2508 1685 2576 liabent.
1725 2534 1759 2575 n

745 2613 1139 2685 vanitatem
1208 2625 1444 2685 autem
1509 2618 1805 2686 ostendit
1874 2628 2209 2711 quantum

659 2725 743 2792 ad
784 2724 1140 2793 materiam
1180 2726 1434 2815 primo.
1487 2724 1830 2809 SecundO,
1875 2734 2209 2817 quantum

659 2833 744 2901 ad
773 2841 1147 2913 auctorem,
1184 2832 1305 2912 ibi,
1353 2858 1387 2897 α
1427 2832 1652 2923 Opera
1683 2857 2042 2902 manuum.
2083 2861 2117 2902 n

749 2940 926 3009 Dicit
962 2963 1125 3032 crgo
1160 2962 1177 3008 ε
1214 2940 1396 3009 Vere
1440 2941 1597 3008 talis
1635 2949 1735 3009 est
1763 2942 1948 3011 Deus
1979 2953 2214 3013 noster

658 3056 731 3115 ut
762 3047 953 3116 dixi:
1014 3047 1134 3116 sed
1194 3072 1229 3114 ι
1296 3047 1681 3116 simulacra
1758 3049 2110 3134 Gentium,
2174 3078 2208 3119 n

657 3164 815 3226 sunt
844 3184 879 3247 ς
934 3166 1302 3248 arqentum
1356 3166 1424 3225 et
1459 3179 1741 3237 aurum,
1784 3184 1815 3222 n
1857 3157 1929 3227 id
1965 3168 2094 3243 est,
2126 3159 2212 3231 de

657 3288 825 3334 auro
863 3272 932 3334 et
968 3274 1281 3357 argento,
1325 3286 1480 3357 quae
1501 3264 1587 3333 ad
1609 3263 1900 3334 litteram
1933 3267 2216 3337 trahun-

655 3382 766 3441 tur
788 3371 872 3442 de
893 3382 1101 3454 terra,
1133 3380 1201 3441 et
1241 3381 1424 3441 terra
1451 3380 1635 3441 sunt.
1667 3370 1781 3452 Et,
1820 3372 2078 3444 Jerem.
2113 3396 2206 3456 iv,

656 3481 768 3563 23,
801 3479 1049 3549 dicitur
1082 3503 1098 3548 :
1158 3478 1472 3571 Adspcxi
1499 3490 1782 3564 terram,
1806 3489 1871 3547 et
1905 3503 2051 3550 ecce
2083 3504 2213 3549 va-

652 3610 784 3655 cua
811 3596 985 3668 erat,
1025 3595 1091 3655 et
1125 3586 1366 3655 nihili.

743 3831 777 3873 ι
815 3805 1040 3900 Opera
1082 3829 1451 3876 manuum.
1500 3835 1534 3870 >v
1576 3806 1749 3878 Ecce
1797 3808 2206 3879 secundum.

654 3913 867 3994 Quasi
904 3913 1158 3985 diceret
1207 3936 1225 3983 t
1273 3914 1393 3983 Sic
1447 3917 1519 3983 in
1576 3917 1865 3985 materia
1921 3926 2109 3999 sunt,
2140 3926 2208 3986 et

653 4034 814 4093 sunt
854 4050 885 4088 ιι
922 4042 1131 4115 opera
1169 4044 1512 4091 manuum
1560 4022 1949 4108 homimem,
1987 4052 2022 4089 ι
2064 4047 2207 4096 nou

655 4153 695 4199 a
725 4131 870 4201 Deo
910 4129 1110 4211 facta,
1150 4128 1263 4200 vel
1325 4132 1582 4223 genita.
1645 4130 1850 4213 Osee,
1901 4156 2047 4212 vin.
2095 4140 2135 4204 4
2184 4156 2203 4204 :

651 4241 1031 4328 Argentum
1057 4259 1267 4306 suum
1291 4247 1358 4306 et
1385 4260 1641 4307 aurum
1661 4260 1869 4308 suum
1897 4240 2209 4331 fecerunt

647 4343 784 4413 sibi
818 4344 1038 4425 idola,
1098 4353 1179 4413 ut
1214 4345 1596 4414 interirent.
1633 4345 1764 4418 lsa.
1814 4370 1891 4428 n,
1931 4350 1974 4417 8
2006 4370 2024 4417 ε
2067 4350 2208 4418 Re-

643 4452 837 4545 plela
872 4460 971 4521 cst
989 4460 1173 4520 terra
1195 4451 1355 4542 ejus
1389 4452 1602 4520 idolis
1620 4475 1645 4521 .·
1666 4476 1838 4546 opus
1864 4478 2204 4526 manuum

647 4584 936 4632 suarum
976 4561 1443 4630 adoraverunt
1477 4585 1503 4631 .·
1548 4571 1787 4633 contra
1827 4563 1963 4635 hoc
2016 4564 2204 4659 quod

647 4667 1069 4762 prohibitum
1098 4676 1228 4752 est,
1261 4666 1485 4737 Exod.
1518 4691 1634 4754 xx,
1665 4670 1708 4737 4
1751 4691 1769 4739 ε
1801 4671 1959 4741 Non
1984 4673 2204 4764 facies

649 4777 778 4846 tibi
800 4774 1148 4871 sculptile.
1192 4774 1492 4856 Baruch‚
1534 4799 1629 4856 vi,
1680 4778 1770 4845 46
1819 4800 1837 4847 t
1881 4780 2205 4869 Artifices

646 4884 805 4978 ipsi,
834 4884 960 4975 qui
993 4906 1075 4951 ca
1098 4883 1404 4974 jaciunt.
1435 4906 1573 4952 non
1597 4893 1762 4954 siml
1788 4886 2002 4956 multi
2028 4898 2204 4957 tem-

641 4992 880 5082 poris.-
923 4989 1273 5082 numquid
1312 5012 1476 5080 erqo
1533 5004 1824 5082 possunt
1884 5016 1991 5078 ea,
2050 5017 2206 5086 quae

645 5099 994 5192 fabricata
1017 5107 1181 5167 sunt
1236 5097 1328 5167 ab
1375 5098 1567 5190 ipsis,
1601 5123 1743 5169 esse
1776 5101 1883 5171 dii
1913 5103 1956 5172 7
1990 5102 2200 5183 Quasi

649 5207 899 5277 diceret
961 5229 979 5275 :
1039 5204 1248 5275 Nullo
1322 5205 1562 5276 modo.
1627 5205 1703 5276 Si
1754 5219 1983 5281 autern
2022 5232 2204 5280 vana

647 5314 1054 5406 pretiosiora
1090 5313 1442 5399 videntur,
1477 5322 1545 5383 et
1592 5325 1754 5386 sunt
1791 5316 1908 5386 illa
1936 5340 2090 5410 quae
2121 5317 2205 5387 de

647 5428 928 5514 argento
957 5429 1214 5489 suntet
1242 5443 1442 5505 auro,
1473 5422 1637 5514 quid
1657 5424 1786 5494 erit
1812 5425 1897 5495 de
1926 5425 2198 5518 ligneis,

643 5539 711 5602 et
731 5530 930 5600 luteis
945 5529 982 5597 ⁸?
997 5526 1307 5619 Sapient.
1330 5551 1480 5610 xm,
1514 5532 1599 5601 10
1623 5553 1640 5602 :
1664 5532 1987 5623 Infelices
2009 5542 2199 5615 sunt,

645 5647 709 5708 ct
753 5640 931 5708 inter
975 5643 1285 5705 mortuos
1334 5658 1492 5729 spes
1544 5636 1836 5708 illorum
1894 5651 2018 5729 est,
2078 5641 2204 5734 qui

1635 301 1722 368 D.
1773 299 1971 368 ALB.
2026 300 2244 369 MAG.
2299 299 2510 369 ORD.
2560 304 2860 375 PRAED.

2320 475 2852 564 appellaverunt
2898 476 3056 542 deos
3093 498 3300 566 opera
3351 498 3688 544 manuum
3745 475 3873 538 leo-

2315 583 2612 661 mimmz,
2649 605 2899 649 aurum
2930 591 2993 649 ct
3023 592 3416 672 amentum,
3451 585 3620 649 artis
3640 584 3872 647 ine-en-

2315 691 2596 771 tioncm,
2631 699 2756 761 etc.

2411 1041 2443 1074 «
2495 1014 2588 1081 Os
2623 1013 2896 1091 liabent,
2950 1025 3014 1081 ct
3051 1038 3187 1081 non
3249 1015 3637 1105 loquentur.
3676 1037 3707 1076 »
3742 1010 3868 1078 Ilic-

2320 1120 2724 1202 secundum,
2757 1121 2828 1187 in
2858 1143 2995 1211 quo
3035 1122 3334 1190 ostendit
3361 1121 3636 1190 illorum
3670 1120 3868 1186 inuti-

2319 1226 2607 1295 litatem.
2680 1227 2942 1313 Prim0‚
3003 1230 3165 1318 quia
3204 1236 3437 1296 carent
3484 1250 3614 1296 usu
3648 1250 3870 1294 mem-

2318 1333 2605 1403 brorum
2671 1337 3122 1404 animantium
3225 1337 3440 1403 vitam
3508 1335 3865 1425 perfectam

2321 1442 2746 1512 habentium.
2811 1442 3153 1527 Secundo,
3214 1442 3614 1510 habentium
3665 1442 3865 1508 etiam

2319 1547 2812 1639 imperfectam,
2863 1547 2983 1626 ibi,
3055 1550 3123 1614 in
3183 1549 3313 1615 fine
3378 1556 3442 1623 5‘.
3499 1548 3588 1613 7:
3642 1571 3676 1610 α
3718 1547 3867 1613 Non

2318 1653 2746 1722 clamabunt.
2788 1679 2821 1719 n

2409 1761 2488 1829 ln
2509 1764 2753 1855 prima,
2780 1763 2963 1853 quod
2996 1787 3132 1832 non
3160 1762 3414 1831 habent
3434 1785 3634 1830 usum
3656 1785 3869 1829 mcm-
3956 1757 3959 1760 ¹

2320 1868 2606 1936 brorum
2670 1871 3121 1939 animantium
3190 1868 3594 1939 habentium
3658 1872 3867 1936 vitam

2320 1977 2718 2070 perfectam,
2778 1988 2846 2046 et
2919 1978 3458 2048 rationabilium.
3524 1976 3864 2055 Secundo,
3956 2033 3982 2056 ,

2319 2086 2504 2178 quod
2550 2109 2677 2155 nec
2749 2087 3350 2168 irrationabilium,
3411 2087 3533 2166 ibi,
3606 2113 3640 2152 α
3687 2087 3869 2156 Ocu-

2323 2194 2449 2263 [05.
2507 2220 2541 2261 r>

2408 2301 2592 2372 Dicit
2611 2326 2774 2396 ergo
2811 2327 2826 2373 ε
2890 2304 3006 2373 Sic
3034 2304 3125 2373 dii
3157 2306 3466 2396 gentium
3490 2302 3649 2370 vani
3680 2310 3864 2382 sunt,

2318 2418 2387 2478 et
2417 2411 2691 2480 inutiles
2733 2413 3045 2492 omnino,
3105 2414 3264 2504 quia
3316 2439 3346 2475 οι
3384 2435 3457 2479 os
3512 2410 3788 2492 habent,
3833 2435 3864 2473 ι

2297 2516 2695 2600 ⁸secundum
2762 2520 3261 2616 apparentiam,
3332 2518 3492 2608 quia
3549 2514 3870 2583 animalia

2321 2625 2679 2693 rationalia
2706 2648 2946 2695 vocem
2977 2625 3273 2695 formare
3304 2625 3635 2715 potentia,
3671 2649 3704 2686 α
3739 2633 3803 2690 ee
3826 2648 3856 2683 ιι

2317 2742 2554 2800 tamen
2590 2762 2622 2796 α
2659 2756 2796 2801 non
2838 2731 3228 2824 loquentur,
3267 2758 3302 2795 ι
3335 2739 3687 2823 tamquam
3729 2753 3873 2796 om-

2320 2842 2486 2911 nino
2527 2864 2657 2910 usu
2708 2842 2847 2910 oris
2911 2844 3233 2911 carentia.
3305 2840 3599 2917 baruch,
3635 2861 3730 2918 vi,
3762 2839 3801 2905 7
3846 2859 3862 2904 :

2317 2950 2600 3041 Linqua
2650 2950 2958 3043 ipsorum
2993 2950 3230 3042 polita
3282 2971 3328 3017 α
3386 2947 3594 3038 labro
3643 2969 3659 3013 ε
3723 2945 3870 3037 ipsa

2318 3057 2529 3123 etiam
2551 3059 2880 3125 inaurata
2900 3067 2964 3125 et
2987 3058 3451 3146 itiaryentala,
3470 3054 3664 3144 salsa
3681 3063 3866 3126 suut.

2318 3172 2383 3230 et
2426 3185 2568 3231 non
2606 3174 2896 3255 possunt
2936 3163 3156 3257 loqui.

2411 3296 2446 3338 ι
2487 3269 2742 3340 Oculos
2787 3270 3065 3350 habent,
3126 3294 3162 3337 ι
3199 3270 3317 3339 illa
3351 3269 3715 3338 simulacra
3759 3290 3872 3334 se-

2317 3378 2623 3448 cundum
2688 3379 3183 3472 apparentiam,
3263 3404 3297 3443 ι
3348 3388 3414 3445 et
3485 3400 3619 3444 non
3695 3375 3875 3443 vide·-

2319 3485 2516 3567 bzml,
2564 3512 2598 3553 ι
2639 3494 2714 3555 ut
2760 3508 2966 3556 usum
3023 3484 3381 3556 oculorum
3446 3492 3803 3552 exerceant
3850 3505 3866 3549 ε

2317 3594 2573 3687 quippe
2618 3593 2766 3664 sine
2808 3593 3043 3662 anima
3078 3600 3262 3662 sunt.
3318 3591 3626 3684 Sapient.
3668 3613 3785 3667 xv,
3831 3589 3871 3654 4

2314 3708 2387 3771 et
2411 3702 2455 3770 5
2488 3722 2508 3769 ε
2551 3700 2853 3791 Elfiqies
2886 3699 3164 3791 sculpta
3173 3721 3305 3791 per
3330 3699 3559 3767 varios
3585 3695 3867 3776 colores,

2313 3808 2527 3900 cujus
2562 3806 2924 3899 adspectus
2961 3808 3304 3875 insensato
3380 3804 3507 3874 dat
3549 3804 3874 3893 concupi-

2310 3916 2669 3996 scentiam,
2710 3925 2777 3985 ct
2813 3915 3055 4006 diliqit
3091 3922 3381 3983 mortuae
3409 3912 3738 4003 imaqinis
3764 3914 3875 4000 es-

2313 4025 2553 4117 fiqicm
2581 4024 2731 4093 sine
2766 4024 3031 4093 anima.
3084 4021 3337 4092 lterum
3389 4044 3406 4090 ε
3455 4020 3529 4088 Si
3569 4019 3871 4088 animam

2315 4131 2674 4212 haberent,
2729 4128 2971 4201 oculos
3037 4138 3268 4199 tamen
3309 4127 3553 4221 plenos
3616 4125 3871 4194 habent

2311 4237 2622 4332 pulvere,
2678 4244 2755 4307 ut
2791 4236 3023 4307 videre
3067 4258 3210 4306 non
3246 4235 3535 4327 possint.
3574 4230 3869 4313 Bai-uch,

2311 4369 2411 4433 vi,
2448 4347 2533 4415 ¹6
2567 4367 2585 4414 τ
2659 4343 2868 4414 Oculi
2895 4364 3135 4413 eorum
3167 4341 3368 4434 pleni
3401 4350 3567 4409 sunt
3585 4339 3874 4432 pulvere

2313 4479 2359 4526 a
2388 4451 2690 4549 pedibus
2736 4450 3262 4521 introeuntium.

2409 4804 2443 4846 ι
2476 4782 2696 4850 Aures
2729 4776 3008 4859 habent,
3038 4783 3105 4843 et
3141 4796 3280 4844 non
3309 4774 3617 4844 audient.
3664 4798 3700 4841 ι
3743 4772 3869 4842 llic

2314 4886 2617 4956 ostendit
2653 4907 2819 4954 usus
2847 4882 3123 4953 auditus
3158 4881 3524 4953 defectum.
3579 4909 3609 4945 οι
3654 4883 3869 4950 Nares

2317 5128 2353 5171 ι
2395 5105 2657 5172 Manus
2692 5099 2972 5186 liabent,
3040 5110 3105 5168 et
3151 5121 3288 5168 non
3338 5097 3788 5191 palpabunt:
3829 5125 3862 5160 a

2313 5209 2428 5281 hic
2463 5220 2709 5282 tactus.
2764 5207 2903 5278 Sed
2940 5231 3152 5302 quare
3190 5230 3330 5276 non
3373 5205 3532 5275 facit
3569 5207 3866 5275 mentio-

2312 5342 2476 5390 nem
2514 5318 2599 5388 de
2636 5324 2841 5411 gustu
2888 5318 2925 5386 ⁸?
2962 5315 3370 5406 Responsio.
3417 5311 3656 5383 Posset
3687 5338 3859 5399 esse,

2315 5425 2503 5519 quod
2558 5433 2799 5519 gustus
2856 5421 3138 5515 quidam
3187 5428 3409 5489 tactus
3465 5430 3593 5505 est,
3642 5430 3710 5490 et
3737 5420 3862 5489 sub

2309 5534 2465 5626 ipso
2503 5527 3136 5624 comprehenditur.
3177 5523 3431 5597 lterum
3468 5549 3486 5597 ε
3540 5526 3666 5597 lua
3710 5535 3868 5596 tan-

2310 5648 2463 5709 tum
2499 5638 2745 5732 tangit,
2784 5658 2912 5731 per
2935 5656 3089 5729 quae
3127 5634 3311 5704 idola
3339 5634 3426 5704 ad
3453 5634 3650 5720 alios,
3680 5631 3865 5703 scili-

3918 4888 4081 4943 Qun
4107 4900 4203 4935 non

3896 4942 3959 4987 uh
3987 4945 4048 4989 lb·
4091 4956 4220 4989 uton-

2311 4992 2591 5075 lmbent,
2623 5003 2688 5063 ct
2712 5015 2853 5062 non
2879 4990 3274 5061 odorabunt
3295 5014 3319 5059 .·
3344 5017 3378 5058 ι
3412 4988 3525 5059 hic
3552 4989 3863 5058 olfactus.
3895 4998 4220 5055 tunes-m·
