5008 6329
700 312 821 379 176

689 483 979 551 Timoth.
1017 506 1059 559 1,
1110 482 1240 549 15:
1300 475 1570 546 Fidelis
1631 494 1878 555 sermo,
1923 479 1986 538 et
2044 470 2235 538 omni

1655 301 1744 369 D.
1793 297 1994 365 ALB.
2048 295 2267 363 MAG.
2321 295 2531 367 ORD.
2584 297 2879 367 PRAED.

2439 496 2475 532 «
2516 472 2611 536 Et
2637 472 2980 561 aequitate.
3049 495 3081 535 ι)
3115 471 3286 540 Ecce
3327 482 3672 564 quartum,
3710 473 3895 565 quod

682 594 1057 683 acceptione
1086 589 1363 678 diqnus.
1417 582 1550 649 Isa.
1613 603 1776 664 xXV,
1831 583 1860 647 1
1913 602 1928 646 ε
1975 579 2232 647 Fecisti
2347 576 2658 645 discreta.
2694 577 2903 658 Quasi
2943 579 3240 648 diceret:
3277 579 3566 670 Impleta
3606 591 3764 647 sunt
3823 584 3890 647 in

682 700 1058 777 mirabilia,
1090 693 1535 785 coqitationes
1587 691 1912 780 antiquas
1958 689 2220 779 fideles.

684 813 916 878 Amen.
960 801 1214 870 Fidelia
1271 801 1455 868 enim
1523 820 1801 867 necesse
1881 805 1984 864 est
2050 818 2223 874 esse,

689 937 832 1007 quae
865 936 903 979 a
943 909 1333 977 fidelissimo
1366 916 1526 976 sunt
1562 907 1907 974 mandata.
1945 904 2222 970 Deuter.

686 1044 897 1098 xxxu,
940 1020 980 1085 4
1017 1040 1030 1084 :
1067 1017 1331 1086 Fidelis
1367 1019 1578 1095 DeuS,
1650 1023 1714 1079 et
1769 1011 2026 1100 absque
2072 1008 2228 1075 ulla

686 1128 1068 1218 iniquitate.
1112 1126 1275 1193 Haeo
1343 1131 1573 1191 autem
1621 1117 1853 1194 verba,
1898 1124 2058 1182 sunt
2113 1112 2227 1179 illa

684 1237 975 1326 proprie,
1027 1235 1094 1301 in
1144 1252 1437 1323 quorum
1468 1227 1598 1294 tide
1629 1227 1854 1314 justus
1900 1223 2222 1302 relicitur,

681 1356 745 1414 et
789 1345 1083 1437 pascitur
1149 1337 1525 1407 seeundum
1595 1333 1763 1402 illud
1827 1331 2084 1398 Hebae.
2150 1353 2221 1406 ιι,

680 1455 721 1522 4
755 1475 769 1520 :
810 1456 1049 1520 ,luscus
1087 1450 1158 1514 in
1194 1445 1335 1533 fide
1393 1466 1548 1521 sua,
1632 1444 1929 1509 maxime
1969 1436 2227 1505 verbo-

677 1582 825 1629 rum
858 1579 1006 1648 quae
1038 1556 1104 1620 in
1146 1552 1338 1621 altari
1381 1550 1836 1643 proferentur,
1879 1549 2087 1615 vivet.

768 1662 1127 1732 Etobhoe
1192 1662 1447 1751 optime
1514 1657 1935 1749 praeponitur
1999 1654 2225 1720 littera

683 1773 964 1842 ssebraea
1071 1793 1200 1837 Nun
1277 1769 1400 1862 (j),
1500 1765 1685 1856 quod
1743 1763 2226 1852 interpretatur

671 1904 952 1976 pascens
1008 1903 1139 1959 eoS,
1198 1878 1309 1946 vel
1359 1897 1622 1967 pascua
1684 1893 1945 1940 eonem.
2027 1870 2127 1936 Ae
2166 1870 2220 1936 si

676 1992 921 2059 diceret
965 1986 1181 2055 :llaeo
1238 1990 1398 2052 sunt
1454 1978 1685 2048 fidelia
1724 1976 2046 2047 mandata
2104 1998 2221 2045 eos

672 2097 1034 2192 pascentia,
1069 2115 1309 2162 eorum
1338 2110 1614 2182 pascua.

763 2340 796 2380 α
831 2312 1285 2402 Confirmata.
1328 2339 1360 2373 »
1409 2309 1538 2378 Hic
1568 2308 1968 2376 secundum.
2007 2302 2218 2383 Quasi

682 2422 928 2490 diceret
965 2443 980 2488 :
1025 2419 1140 2487 Sic
1194 2427 1353 2486 sunt
1383 2414 1632 2495 fidelia,
1668 2422 1732 2482 et
1788 2420 1946 2481 sunt
2012 2412 2218 2479 etiam

681 2554 714 2594 α
748 2530 1177 2617 confirmata,
1251 2550 1285 2591 ι
1327 2547 1368 2592 a
1401 2524 1573 2601 Deo,
1621 2549 1656 2585 α
1718 2520 2135 2588 insaeculum
2179 2543 2214 2580 >2

676 2635 1186 2707 consecutivum
1219 2657 1253 2699 ι
1283 2631 1546 2711 saeculi,
1594 2656 1626 2695 ι
1659 2629 1727 2696 id
1775 2637 1900 2707 est,
1971 2647 2220 2717 quam-

678 2746 792 2814 diu
856 2767 999 2813 sese
1065 2740 1310 2810 saecula
1375 2740 1906 2830 subsequentur,
1976 2742 2044 2803 et
2087 2733 2213 2800 sibi

677 2855 964 2922 invicem
1035 2848 1419 2933 suecedent,
1508 2845 1911 2915 confirmata
1998 2849 2218 2911 morte

678 2963 885 3052 ipsius
940 2959 1304 3041 testatoris,
1361 2956 1478 3048 qui
1528 2954 1722 3047 quasi
1780 2951 2077 3022 condidit
2135 2974 2219 3019 ex

674 3067 805 3136 illis
834 3072 1335 3136 testamentum.
1369 3063 1478 3131 Ad
1498 3061 1708 3131 Hebr.
1746 3084 1840 3141 ix,
1880 3061 1959 3128 16
1991 3066 2057 3128 et
2090 3059 2168 3127 17
2196 3079 2213 3126 ε

683 3174 813 3244 Ubi
861 3182 1335 3242 testamentum
1380 3181 1503 3252 est,
1554 3192 1738 3238 mors
1800 3190 2057 3236 necesse
2120 3174 2219 3234 est

676 3282 1039 3352 intercedat
1066 3279 1429 3349 testatoris.
1477 3280 1978 3348 Testamentum
2034 3277 2214 3343 enim

674 3395 742 3460 in
773 3393 1059 3461 mortuis
1096 3391 1580 3480 confirmatum
1636 3396 1734 3455 est
1766 3411 1787 3455 :
1828 3396 1891 3454 et
1940 3407 2065 3476 per
2100 3385 2217 3455 illa

672 3502 1071 3571 contirmata
1121 3496 1483 3567 confirmat
1521 3517 1685 3563 suos
1732 3495 1802 3562 in
1838 3492 2051 3562 bono.
2087 3492 2220 3563 Per

669 3607 801 3678 hoc
854 3608 1350 3676 confirmantur
1404 3602 1722 3673 Ecclesiae
1779 3600 2079 3679 Praelati,
2148 3609 2218 3669 et

666 3717 1073 3786 sacerdotes.
1152 3713 1336 3783 Psal.
1401 3733 1632 3795 Lxxtv,
1698 3710 1765 3788 t,
1828 3709 1913 3779 de
1970 3709 2137 3799 ipsis
2193 3732 2210 3778 ε

685 3829 829 3916 qu
891 3823 1295 3913 confirmavi
1342 3818 1703 3888 columnas
1763 3817 1920 3907 ejus
1959 3839 1983 3883 .·
2023 3817 2217 3907 quip-

664 3957 748 4024 pe
788 3954 906 4023 per
954 3929 1068 3998 illa
1118 3926 1329 3997 verba
1389 3947 1691 4017 praesens
1737 3932 1839 3991 est
1896 3924 2103 4002 Deus,
2147 3932 2215 3992 et

665 4042 957 4111 sumitur
1013 4037 1198 4105 Deus
1256 4035 1374 4126 qui
1427 4033 1663 4102 omnia
1693 4039 1913 4124 potest
1970 4034 2213 4101 contir-

660 4172 873 4226 mare,
906 4148 1079 4215 sieut
1105 4143 1265 4211 dicit
1297 4140 1576 4227 Paulus,
1646 4138 1704 4206 ll
1772 4139 1858 4207 ad
1902 4137 2205 4207 Thessal.

660 4284 759 4343 ιιι,
798 4261 838 4327 3
870 4280 888 4325 z
924 4255 1186 4325 Fidelis
1212 4255 1426 4331 Dein,
1448 4250 1574 4342 qui
1599 4247 2039 4338 confirmabit
2065 4272 2207 4319 vox.

2346 691 2689 777 (equitate,
2726 691 2796 756 in
2826 690 3000 758 libro
3044 691 3301 759 scilieet
3355 689 3777 758 rectitudinis
3828 699 3894 756 et

2337 796 2645 882 justitioe,
2680 806 2751 863 ut
2793 797 2960 865 nihil
3028 798 3409 866 addendum
3452 799 3561 876 sit,
3615 795 3725 864 vel
3758 797 3893 862 mi-

2344 900 2716 978 nuendum,
2753 903 3027 970 Deuter.
3064 929 3156 987 lv,
3192 909 3230 971 2
3266 927 3281 973 :
3318 908 3472 973 Non
3503 905 3770 972 addetis
3801 904 3898 970 ad

2343 1007 2622 1074 verbum
2654 1010 2841 1099 quod
2893 1033 3013 1101 eqo
3076 1011 3320 1101 loquor
3358 1013 3573 1091 vobis,
3618 1012 3700 1080 de
3732 1034 3892 1079 con-

2344 1113 2631 1183 fectione
2662 1120 3062 1185 sacramenti
3096 1119 3351 1197 altariS,
3394 1143 3513 1187 nee
3561 1121 3892 1208 auferetis

2341 1244 2426 1287 ex
2498 1244 2597 1289 eo.
2678 1222 3003 1292 Proverb.
3077 1248 3240 1304 xxx,
3303 1226 3342 1291 6
3414 1247 3431 1295 ε
3502 1227 3605 1292 Ne
3668 1223 3890 1291 addas

2340 1328 2723 1419 quidquam
2763 1332 2981 1400 verbis
3030 1333 3251 1412 illius,
3290 1343 3352 1400 et
3383 1333 3732 1423 arquariS,
3774 1332 3887 1397 in-

2338 1438 2767 1528 veniarisque
2795 1441 3117 1518 mendax,
3155 1444 3222 1507 in
3282 1441 3398 1507 illo
3467 1441 3584 1529 qui
3655 1439 3887 1506 omnia

2338 1544 2523 1612 videt
2545 1554 2609 1612 et
2647 1548 2879 1613 omnia
2907 1548 3249 1616 discernit.

2430 1651 2625 1720 Unde
2679 1652 2792 1721 hie
2850 1657 3270 1746 praeponitur
3329 1677 3442 1721 ΛιΝ
3497 1653 3650 1748 (9),
3703 1657 3886 1748 quod

2339 1762 2819 1851 interpretatur
2842 1765 3027 1853 fons,
3069 1764 3178 1831 vel
3209 1766 3472 1833 oculus.
3529 1767 3740 1848 Quasi
3788 1764 3887 1831 di-

2334 1877 2515 1936 eeret
2558 1891 2573 1935 :
2609 1868 2785 1938 Vere
2837 1871 2908 1938 in
2947 1872 3231 1941 veritate
3263 1873 3465 1953 facta,
3502 1884 3566 1943 et
3605 1875 3884 1965 aequitn-

2334 1984 2425 2061 te,
2460 1979 2623 2068 quia
2660 2000 2699 2045 a
2746 1978 2981 2046 fontali
3041 1980 3266 2058 oeu10,
3331 1984 3446 2073 qui
3489 1986 3723 2052 omnia
3772 1985 3883 2051 in-

2331 2093 2583 2152 tuetur.
2651 2085 2810 2170 Job,
2862 2109 3005 2166 xm,
3061 2090 3086 2154 1
3166 2110 3181 2155 t
3242 2091 3416 2158 Eece
3452 2091 3685 2159 omnia
3741 2092 3881 2160 Izaee

2331 2192 2507 2259 vidit
2561 2192 2802 2260 oculus
2850 2217 3058 2262 meus.

2421 2538 2452 2569 α
2491 2508 3045 2600 Redemptionem
3077 2510 3285 2576 misit.
3327 2534 3358 2573 ι»
3403 2507 3530 2576 llic
3567 2509 3872 2598 tangitur

2332 2617 2613 2700 fruetuS,
2679 2614 2787 2684 vel
2867 2616 3120 2683 utilitas
3184 2638 3474 2707 sequens
3542 2637 3624 2683 ex
3682 2622 3870 2684 tauta

2327 2726 2692 2795 verborum
2732 2727 3005 2793 virtute.

2416 2834 2532 2903 Ait
2569 2834 2752 2904 enim
2796 2854 2811 2900 ε
2868 2831 2980 2899 Sic
3018 2840 3179 2899 sunt
3234 2832 3460 2902 tidelia
3515 2831 3866 2916 mandata,

2326 2950 2455 3010 ete.
2486 2964 2502 3010 ε
2536 2965 2658 3035 per
2693 2941 2839 3010 haee
2906 2967 2941 3004 α
2982 2942 3173 3009 misit
3233 2944 3791 3036 redemptionem,
3830 2969 3865 3011 »

2326 3072 2366 3117 a
2422 3048 2837 3141 quotidianis
2891 3050 3205 3140 peccatis,
3276 3057 3343 3118 et
3404 3049 3867 3142 negligentiis,

2331 3185 2366 3222 α
2419 3157 2758 3227 Dominus
2810 3157 3077 3249 populo
3148 3180 3298 3243 suo,
3373 3184 3405 3223 ι
3477 3158 3701 3248 ipsum
3766 3156 3875 3225 Fi-

2329 3264 2497 3333 lium
2554 3288 2754 3333 suum
2786 3266 2902 3356 qui
2968 3273 3271 3333 nostram
3327 3264 3868 3356 redemptionem

2325 3373 2628 3464 quotidie
2684 3380 3028 3466 operatur,
3093 3374 3366 3440 mittens
3426 3372 3512 3442 ad
3577 3395 3731 3455 nos,
3800 3383 3868 3443 et

2326 3486 2576 3552 missus
2607 3505 2644 3551 a
2682 3504 2753 3551 se
2792 3483 2861 3550 in
2891 3488 3314 3550 sacramento
3356 3479 3611 3548 altaris.
3679 3479 3863 3550 Psal.

2320 3614 2548 3671 cxxix,
2584 3593 2623 3659 ’ἴ
2683 3611 2700 3659 :
2800 3591 3088 3682 Copiosa
3143 3589 3335 3682 apud
3377 3610 3533 3656 eum
3606 3589 3869 3657 redem-

2310 3698 2559 3793 ptio.l
2629 3697 2712 3767 ad
2739 3696 3046 3767 Corinth.
3110 3719 3156 3775 1,
3227 3697 3311 3765 30
3371 3719 3388 3765 :
3451 3698 3708 3766 Faetus
3772 3708 3871 3765 est

2317 3807 2514 3877 nobis
2560 3831 2604 3874 a
2660 3809 2803 3876 Deo
2858 3807 3225 3899 sapientia,
3294 3814 3358 3871 et
3408 3804 3728 3894 justitia,
3806 3816 3872 3874 et

2314 3915 2799 4005 sarectifieatio,
2887 3924 2950 3982 et
3007 3913 3406 4005 redemptio,
3467 3911 3574 3981 Ad
3645 3912 3859 3984 llebr.

2322 4047 2413 4105 ix,
2451 4026 2533 4092 12
2568 4045 2584 4090 ε
2655 4023 2974 4090 Introivit
2997 4020 3210 4089 semel
3256 4022 3324 4088 in
3378 4031 3643 4098 sancta,
3675 4029 3866 4088 aeter·

2317 4155 2411 4199 na
2485 4129 2948 4220 redemptione
3036 4129 3333 4195 inventa.
3414 4123 3584 4206 Quis
3676 4128 3860 4194 enim

2315 4238 2750 4308 adinvenisse
2806 4236 3137 4327 potuisset
3187 4233 3315 4303 nisi
3385 4233 3527 4324 ipse
3564 4234 3600 4302 Y
3651 4241 3729 4302 ut
3782 4254 3867 4301 ex

749 4365 833 4433 Et
879 4370 1158 4456 propter
1241 4358 1379 4428 hoc
1444 4357 1703 4449 optime
1788 4357 2212 4447 praeponitur
2315 4371 2435 4417 ore
2474 4345 2775 4414 hominis
2829 4365 3056 4411 sermo
3084 4340 3508 4434 procederet,
3541 4363 3679 4431 quo
3712 4363 3865 4433 pro·

667 4496 921 4542 sannen
950 4472 1076 4568 (D)
1108 4492 1127 4538 ε
1171 4469 1658 4559 interpretatur
1686 4466 1869 4533 enim
1916 4464 2212 4554 adjuto·
2312 4456 2453 4526 lato
2485 4453 2861 4543 redemptio
2899 4448 3134 4541 populi
3174 4450 3614 4519 mitteretur?

659 4586 869 4659 rium.
929 4580 1038 4649 vel
1090 4580 1636 4668 firmamentum,
1704 4582 1770 4642 et
1838 4575 2205 4664 conjunge,

653 4693 939 4781 firmum
993 4684 1460 4777 adjutorium.
1493 4684 1595 4750 Ac
1621 4682 1680 4750 si
1720 4680 2023 4748 diceret:
2075 4679 2211 4750 Per

2406 4560 2602 4632 Unde
2640 4560 2894 4651 optime
2923 4557 3340 4651 praeponitur
3383 4553 3495 4624 hic
3542 4577 3670 4624 rus
3698 4557 3857 4654 (D),

2315 4669 2500 4763 quod
2533 4671 3012 4760 interpretatur
3055 4688 3142 4733 ca·
3192 4686 3324 4732 ore.
3384 4664 3484 4732 Ac
3531 4662 3590 4731 si
3632 4673 3861 4754 aperte

656 4798 800 4867 liaec
825 4793 1058 4878 verba,
1094 4814 1246 4886 quae
1289 4789 1665 4874 mandavit,
1696 4810 1846 4880 qum
1877 4788 1948 4856 in
1993 4810 2067 4858 so
2096 4788 2208 4856 fir·
2313 4778 2568 4846 diceret
2600 4796 2618 4842 ε
2678 4774 2779 4843 Ex
2811 4796 2927 4842 ore
2967 4770 3394 4841 sacerdotum
3427 4791 3619 4839 sacra
3644 4771 3857 4838 verba

655 4927 793 4983 ma,
827 4904 1098 4974 firmum
1137 4896 1578 4989 adjutorium.
2313 4883 2804 4976 proferentium
2842 4879 3219 4970 redemptio
3257 4878 3553 4946 mittitur
3598 4876 3682 4944 ad
3738 4898 3860 4968 po-

2307 4992 2576 5084 pulum.
2640 4989 2941 5081 Sapient.
2976 5009 3122 5072 xvi,
3159 4987 3240 5054 12
3283 4986 3570 5076 :Neque
3616 4981 3853 5068 herba,

748 5142 783 5179 α
829 5115 1067 5183 Facta.
1113 5137 1149 5175 n
1191 5109 1363 5178 Ecce
1400 5108 1704 5177 tertium.
1775 5104 1983 5186 Quasi
2025 5106 2203 5174 dice·
2308 5122 2528 5191 neque
2554 5099 2913 5189 mataqma
2948 5096 3224 5165 sanavit
3269 5115 3402 5172 eos,
3434 5100 3563 5161 etc.

660 5231 760 5292 ret
799 5244 817 5290 τ
887 5220 1001 5289 Sic
1063 5226 1223 5288 sunt
1304 5214 1438 5284 fide
1485 5214 1728 5307 digna,
1822 5214 2048 5297 lirma,
2133 5221 2204 5282 et

669 5356 701 5392 ι
734 5330 949 5417 sacta,
984 5349 1019 5392 ι
1078 5323 1148 5391 id
1184 5330 1313 5401 est,
1356 5319 1724 5411 completa,
1786 5344 1822 5385 ι
1856 5320 1926 5387 in
1956 5319 2205 5387 verita-

655 5446 742 5512 te,
777 5461 811 5495 n
846 5431 916 5500 id
969 5437 1097 5509 est,
1129 5426 1509 5497 secundum
1559 5424 1745 5519 quod
1777 5427 2031 5496 veritas
2068 5434 2203 5495 tra·
2240 5460 2247 5465 ·

657 5541 823 5612 didit
852 5537 988 5617 illa,
1044 5559 1194 5629 quae
1224 5534 1412 5620 dicit,
1449 5535 1653 5603 Joan.
1715 5557 1855 5617 xxv,
1898 5537 1940 5603 6
1984 5558 2001 5605 ε
2044 5537 2199 5627 qu

655 5672 806 5720 sum
837 5649 973 5730 ria,
1005 5655 1071 5714 et
1094 5644 1367 5722 veritae,
1409 5651 1473 5710 et
1508 5643 1675 5709 vita.

2399 5343 2434 5383 ι
2495 5315 2886 5385 Mandavit.
2976 5340 3013 5378 n
3085 5313 3215 5382 Hic
3301 5310 3709 5394 secundum,
3781 5312 3852 5381 in

2306 5446 2444 5515 quo
2490 5430 2856 5514 postquam
2911 5422 3050 5511 egit
3122 5419 3205 5488 de
3258 5416 3859 5489 transsubstantia-

2306 5532 2516 5612 tione,
2552 5539 2618 5599 et
2645 5529 3011 5600 verborum
3050 5528 3330 5609 virtute,
3388 5528 3529 5620 agit
3566 5527 3651 5595 de
3709 5551 3857 5619 per-

2302 5641 2657 5732 petuitate.
