5008 6329
1008 1568 1126 1636 ΞΒ

1995 298 2705 371 COMMENTARIUS
2752 298 2847 366 IN
2898 294 3335 364 PSALMUM
3387 292 3695 362 CXVIII.

1330 501 1362 533 «
1419 471 1599 555 Quia
1659 470 1772 537 lea:
1830 479 1977 538 tua.
2047 497 2080 537 s
2145 471 2316 541 Ecce
2382 468 2793 537 secundum.

1240 579 1446 658 Quasi
1481 578 1774 648 diceret:
1814 580 1929 649 Sic
1966 588 2125 673 peto
2170 578 2637 646 vivificantem
2680 574 2801 640 mi·

1241 687 1680 756 sericordiam
1722 697 1788 757 et
1849 687 2116 757 debeo:
2195 712 2227 753 ‹
2276 685 2457 768 Quia
2520 683 2631 750 lez
2678 691 2799 746 tua

1242 795 1595 863 meditatio
1650 819 1804 863 mea
1869 806 1991 874 est,
2035 824 2064 856 »
2135 800 2202 860 et
2259 793 2384 881 ipsi
2444 789 2643 856 debet
2677 788 2802 855 ad-

1234 904 1430 994 jungi
1471 905 1611 971 vita
1642 913 1995 993 tamquam
2034 899 2312 967 effectus
2341 897 2793 964 immediatus.

1243 1012 1570 1080 Proverb.
1601 1035 1695 1092 lv,
1724 1012 1800 1078 4:
1832 1009 2123 1078 Custodi
2147 1017 2488 1099 praecepta
2520 1029 2695 1084 mea,
2730 1006 2800 1071 in

1240 1119 1467 1187 medio
1499 1117 1724 1187 cordis
1754 1117 1885 1198 tui,
1920 1126 1984 1183 et
2013 1117 2193 1183 vives
2217 1138 2239 1183 .·
2267 1116 2409 1181 vita
2430 1114 2611 1181 enim
2643 1119 2801 1179 sunt

1244 1225 1751 1297 invenientibus
1794 1247 1897 1293 ea.

1338 1553 1370 1593 a
1419 1526 1960 1615 Consunclantur
2022 1524 2321 1617 superbi.
2363 1551 2395 1586 »
2467 1523 2593 1590 Hic
2658 1530 2800 1590 ter-

1246 1636 1444 1712 tium,
1489 1636 1558 1701 in
1597 1657 1735 1724 quo
1780 1635 1950 1723 petit
1981 1634 2271 1722 gratiam
2320 1629 2796 1697 misericordiae

1246 1741 1330 1808 ad
1369 1740 1842 1808 confusionem
1893 1738 2388 1828 superborum:
2441 1748 2506 1804 et
2563 1736 2798 1802 dicun·

1128 1892 1156 1920 ο.
1246 1858 1355 1917 tur
1384 1849 1544 1916 duo.
1578 1848 1840 1923 Primo,
1876 1848 2132 1937 petitur
2161 1846 2615 1936 superborum
2643 1866 2800 1911 cou-

1245 1956 1446 2025 fusio.
1485 1955 1833 2039 SecundO,
1867 1955 2184 2047 probatio
2230 1954 2414 2045 quod
2445 1976 2603 2021 vere
2643 1963 2799 2020 sunt

1245 2065 1730 2144 confundendi,
1821 2065 1943 2146 ibi,
2063 2094 2094 2127 «
2192 2064 2373 2148 Quia
2461 2064 2801 2154 iniqitan-

1246 2186 1403 2242 tem.
1441 2202 1475 2239 n

1332 2286 1514 2353 Dicit
1545 2307 1750 2375 ergo:
1791 2284 1904 2353 Sic
1937 2285 2135 2353 detur
2171 2286 2389 2375 gratia
2420 2284 2503 2352 ad
2552 2306 2801 2352 conso-

1245 2397 1552 2476 landum,
1596 2395 1794 2463 detur
1833 2395 1920 2463 ad
1950 2395 2465 2480 vivificandum,
2497 2404 2564 2463 et
2594 2397 2798 2463 etiam

1244 2527 1363 2594 per
1407 2503 1701 2594 gratiam
1757 2502 2244 2571 misericordiae
2312 2500 2479 2570 mihi
2540 2501 2794 2583 datam,

1245 2639 1278 2674 α
1321 2608 1847 2699 confundantur
1898 2608 2202 2701 superbi,
2242 2637 2274 2670 v
2354 2609 2472 2700 qui
2558 2607 2800 2674 nolunt

1242 2718 1367 2786 sub
1407 2717 1531 2785 Dei
1566 2716 2036 2785 misericordia
2078 2714 2451 2783 humiliari.
2491 2715 2649 2792 Job,
2684 2738 2793 2793 xa,

1243 2827 1324 2893 6:
1397 2825 1731 2916 Disperqe
1778 2846 2010 2893 omnes
2062 2823 2391 2916 superbos
2440 2825 2509 2891 in
2558 2824 2798 2913 surore

1244 2943 1386 3010 tuo,
1455 2940 1519 2999 et
1594 2931 1962 3024 respiciens
2010 2954 2278 3000 omnem
2358 2944 2796 3022 arroqantem

1242 3040 1567 3110 lmmilia.
1605 3039 1688 3108 Et
1720 3063 1984 3124 rursus,
2042 3040 2113 3107 in
2143 3039 2412 3118 eodem,
2444 3046 2508 3115 5.
2543 3039 2627 3106 7:
2662 3040 2798 3106 Re-

1239 3149 1418 3240 spice
1463 3157 1740 3216 cunctos
1758 3145 2112 3239 superbos,
2155 3157 2219 3216 et
2267 3145 2613 3238 confunde
2641 3169 2795 3216 eos:

1241 3260 1425 3352 quod
1479 3259 1821 3351 promittit
1907 3258 2242 3327 Dominus
2299 3281 2370 3326 se
2427 3257 2791 3336 facturum,

1241 3368 1437 3447 Osee,
1472 3390 1565 3447 tv,
1609 3368 1684 3435 7:
1733 3367 2054 3436 Gloriam
2093 3388 2328 3437 eorum
2374 3367 2443 3435 in
2496 3366 2797 3456 iqnomi-

1238 3475 1429 3543 uiam
1459 3472 1927 3543 commutabo.

1328 3582 1879 3660 Contundantur,
1925 3583 2238 3674 inquam,

1329 3719 1365 3755 α
1404 3692 1590 3776 Quia
1620 3688 1887 3781 injuste
1915 3691 2355 3783 iniquitatem
2383 3693 2695 3781 lecerunt
2726 3693 2794 3758 in

1240 3821 1368 3864 me.
1420 3825 1452 3858 »ι
1485 3796 1614 3866 llic
1659 3795 2015 3888 persuasio
2056 3818 2095 3864 a
2142 3796 2453 3865 duobus:
2487 3821 2527 3866 a
2567 3796 2798 3866 condi-

1239 3909 1420 3976 tione
1480 3905 1854 3986 malorum,
1889 3912 1954 3974 et
2015 3929 2055 3974 a
2103 3929 2230 3976 sua
2278 3907 2791 3990 exercitatione,

1239 4014 1358 4093 ibi,
1404 4043 1436 4078 ι
1474 4015 1632 4104 qu
1670 4023 1931 4082 autem.
1971 4039 2005 4078 ι

1327 4118 1532 4200 Nota,
1584 4120 1770 4212 quod
1820 4121 2159 4213 iniquitas
2206 4121 2477 4213 respicit
2542 4120 2794 4189 lactum

1242 4234 1493 4324 ipsum,
1553 4230 1816 4321 injuste
1861 4240 2090 4300 autem
2165 4232 2250 4300 ad
2299 4231 2585 4301 faciendi
2640 4254 2796 4300 mo-

1239 4341 1431 4424 dum,
1467 4344 1628 4434 quia
1679 4343 1828 4411 sine
1863 4342 2054 4411 omni
2098 4341 2616 4412 deliberatione.
2674 4341 2796 4411 Je-

1243 4474 1407 4518 rem.
1449 4472 1568 4528 xx,
1610 4449 1734 4518 ¹0:
1795 4449 2062 4519 Audivi
2104 4450 2561 4518 contumelias
2607 4449 2793 4517 metl-

1242 4568 1493 4637 torum,
1524 4566 1588 4625 et
1617 4566 1946 4625 terrorem
1980 4557 2049 4625 in
2076 4557 2369 4626 circuitu
2391 4580 2413 4625 .·
2438 4557 2795 4648 Persequi-

1241 4661 1437 4749 mini,
1508 4676 1572 4735 et
1620 4687 2124 4758 persequamur
2174 4687 2356 4736 eum.
2388 4663 2584 4733 Tales
2628 4687 2791 4756 ergo

1241 4773 1573 4865 superbos
1631 4771 2000 4842 contundo.
2074 4770 2383 4864 Sapient.
2445 4796 2562 4853 xv,
2661 4773 2786 4844 14:

1245 4886 1491 4954 Omnes
1521 4883 1943 4975 insipientes,
1977 4892 2042 4951 et
2071 4883 2379 4971 infelices
2411 4906 2627 4976 supra
2648 4906 2792 4950 mo-

1242 4995 1407 5062 dum
1443 4990 1749 5085 superbi,
1790 5001 1956 5059 sunt
2012 4993 2280 5061 inimici
2335 4993 2591 5087 populi
2626 4994 2733 5061 tui
2769 5016 2790 5059 .·

1241 5103 1356 5170 sed
1390 5101 1728 5171 Dominus
1758 5098 2035 5168 tandem
2060 5124 2178 5169 eos
2207 5100 2601 5183 confundet,
2631 5101 2790 5188 Job,

1241 5233 1333 5289 tv,
1367 5211 1408 5278 8
1465 5217 1534 5278 et
1570 5212 1654 5276 9:
1712 5206 1869 5276 Vidi
1913 5231 2024 5276 eos
2069 5209 2194 5299 qui
2241 5219 2616 5301 operantur
2655 5211 2795 5277 ini-

1239 5317 1600 5410 quitatem,
1652 5324 1717 5383 et
1778 5316 2125 5383 seminant
2175 5316 2470 5396 dolores,
2531 5327 2598 5384 et
2661 5341 2795 5385 me·

1240 5436 1394 5494 tunt
1421 5450 1557 5510 eos,
1586 5426 1810 5516 flante
1846 5428 1991 5495 Deo
2014 5426 2325 5516 periisse.

1313 5668 1331 5705 ¹
1363 5659 1522 5722 Psal.
1552 5674 1746 5731 cxvm,
1855 5699 1871 5717 .

4333 284 4461 352 283

3000 490 3032 530 a
3068 467 3224 554 qu
3257 473 3487 531 autem
3547 459 3920 529 exercebor.
3964 486 3994 518 »
4052 455 4179 522 Hic
4226 476 4462 521 secun·

2905 568 3095 637 dum.

2994 677 3110 743 Ait
3157 676 3382 743 enim:
3449 674 3563 743 Sic
3616 674 4126 742 confundantur
4189 678 4463 763 propter

2906 782 3267 862 malitiam,
3304 790 3371 849 et
3398 790 3680 871 propter
3721 803 3946 848 meam
4005 783 4404 871 patientiam
4441 800 4455 843 :

2917 893 3252 969 «Autem,
3290 917 3323 957 s
3367 893 3553 981 quia,
3601 917 3632 956 α
3674 890 4031 959 exercebor
4065 893 4134 957 in
4168 889 4464 958 manda-

2905 997 2993 1063 tis
3070 998 3235 1076 tuis,
3311 1022 3343 1062 e
3400 1006 3478 1063 ut
3536 1006 4171 1087 quantumcumque
4233 1018 4459 1086 perse-

2904 1115 3227 1196 quantur,
3261 1107 3682 1175 benefaciam
3732 1109 3852 1191 eiS,
3904 1130 4025 1198 per
4073 1106 4239 1174 illud
4287 1105 4463 1173 Pro-

2902 1213 3098 1281 verb.
3129 1238 3301 1295 xxv,
3329 1217 3407 1282 21
3440 1216 3561 1284 :Si
3589 1217 3908 1283 esurierit
3930 1216 4252 1282 inimicus
4272 1224 4457 1294 tuus,

2901 1326 3056 1392 ciba
3104 1326 3339 1406 illum,
3402 1336 3561 1412 etc.,
3612 1329 3674 1394 si
3708 1329 3880 1406 sitit,
3934 1336 4063 1396 etc.
4107 1324 4347 1393 Matth.
4390 1348 4458 1405 v,

2905 1434 3018 1514 44,
3062 1442 3130 1501 et
3167 1433 3330 1502 Luc.
3378 1457 3472 1514 v1‚
3536 1434 3618 1501 27
3663 1457 3677 1501 ε
3736 1434 4135 1523 Benesacite
4198 1433 4305 1499 Izis
4343 1431 4465 1522 qui

2905 1543 3200 1611 oderunt
3257 1567 3395 1623 vos,
3441 1553 3632 1610 orate
3680 1565 3809 1633 pro
3868 1539 4465 1609 calumniantibus

2903 1662 2966 1721 et
3006 1652 3571 1744 persequentibus
3636 1674 3773 1719 vos.
3823 1650 4072 1742 Supra,
4110 1651 4178 1717 in
4223 1649 4462 1717 eodem

2904 1756 3184 1825 Psalmo
3224 1779 3453 1836 cxvm,
3489 1758 3598 1841 23,
3633 1756 3771 1824 fere
3793 1755 4015 1822 idem:
4052 1755 4327 1823 Etenim
4368 1776 4468 1820 se-

2904 1866 3152 1932 derunt
3180 1865 3555 1957 principeS,
3590 1875 3654 1932 et
3681 1864 4045 1932 adversum
4091 1885 4199 1930 me
4239 1862 4468 1953 loque-

2905 1970 3162 2038 bantur
3192 1992 3215 2037 .·
3243 1993 3480 2039 servus
3517 1980 3750 2038 autem
3804 1981 3967 2038 tuus
4024 1968 4469 2037 exercebatur

2906 2076 2977 2142 in
3004 2074 3638 2164 justificationibus
3664 2076 3829 2142 tuis.

2996 2432 3029 2469 α
3070 2405 3571 2475 Convertantur
3598 2401 3774 2470 milii
3801 2403 4116 2467 timentes
4145 2408 4231 2467 te.
4272 2426 4304 2459 »ι
4339 2396 4465 2464 llic

2904 2521 3251 2605 quartum,
3286 2512 3356 2579 in
3389 2533 3526 2601 quo
3557 2510 3724 2600 petit
3752 2509 4044 2601 gratiam
4076 2505 4466 2574 misericor-

2903 2620 3053 2700 diae,
3090 2620 3174 2689 ad
3231 2619 3737 2711 promotionem
3778 2616 4122 2684 bonorum
4180 2638 4194 2681 :
4239 2621 4304 2681 et
4353 2612 4464 2679 di-

2902 2733 3150 2793 cuntur
3188 2724 3349 2792 duo.
3395 2721 3654 2801 Primo,
3696 2722 3866 2812 petit
3903 2742 4030 2810 per
4074 2718 4466 2785 misericor-

2902 2831 3086 2899 diam
3154 2829 3285 2897 sihi
3353 2826 3725 2897 exhibitam
3784 2825 4094 2895 converti
4165 2826 4466 2893 minores

2900 2938 3148 3025 bonne,
3208 2936 3319 3006 vel
3371 2937 3657 3006 activos.
3721 2933 4070 3013 Secundo,
4141 2933 4463 3022 majores,

2900 3053 3045 3119 sive
3084 3047 3683 3140 contemplativos,
3728 3045 3847 3131 ibi,
3893 3071 3927 3112 a
3961 3048 4059 3114 Et
4100 3045 4225 3137 qui
4259 3066 4468 3113 nove·

2900 3170 3092 3230 runt.
3138 3187 3173 3225 υ

2990 3269 3173 3337 Dicit
3210 3289 3374 3359 ergo
3416 3289 3434 3335 z
3501 3265 3618 3335 Sic
3657 3266 3778 3334 liat
3824 3266 3894 3331 in
3938 3286 4049 3331 me
4089 3263 4471 3330 misericor·

2900 3374 3037 3454 dia,
3065 3396 3201 3466 qua
3220 3371 3732 3442 confundantur
3755 3369 3881 3439 illi.
3929 3395 3963 3436 a
3997 3371 4331 3437 Timentes
4352 3389 4472 3435 au-

2901 3490 3039 3550 tem
3061 3492 3127 3552 te
3153 3490 3637 3550 convertantur
3655 3478 3853 3556 mihi,
3883 3503 3916 3543 s
3942 3476 4101 3546 facti
4132 3476 4323 3546 socii.
4350 3474 4469 3544 Je-

2902 3611 3073 3659 rem.
3107 3611 3225 3670 xv,
3259 3589 3340 3656 19
3382 3608 3398 3654 ε
3439 3589 3935 3658 Convertentur
3972 3584 4113 3676 ipsi
4148 3582 4247 3650 ad
4272 3592 4360 3663 te,
4403 3590 4470 3648 et

2900 3709 2978 3767 tu
3034 3722 3171 3768 non
3226 3698 3633 3768 converteris
3687 3696 3786 3764 ad
3836 3717 3974 3766 eos.
4025 3694 4159 3762 lsa.
4202 3715 4273 3772 x,
4326 3693 4404 3760 21
4448 3711 4465 3757 ε

2900 3808 3242 3899 Reliquiae
3254 3815 3728 3876 convertentur
3750 3823 3767 3874 t
3788 3803 4128 3897 reliquiae,
4153 3803 4468 3893 inquam,

2897 3911 3114 3982 Jacob
3144 3913 3245 3981 ad
3267 3917 3494 3984 Deum
3524 3916 3804 4005 sortem.
3841 3912 3951 3992 Et,
3976 3936 4073 3993 vn,
4113 3912 4194 3979 13
4228 3932 4245 3978 ε
4285 3910 4473 3980 Con-

2901 4032 3223 4107 vertetur,
3259 4032 3323 4090 et
3367 4023 3499 4091 erit
3535 4024 3608 4090 in
3646 4024 4097 4091 ostensionem
4132 4020 4313 4089 sicut
4368 4027 4473 4085 te·-

2902 4126 3283 4212 rebintleus,
3339 4137 3414 4198 ut
3460 4130 3732 4221 possint
3788 4128 4015 4197 dicere
4080 4150 4096 4195 z
4153 4124 4474 4196 Converti

2894 4235 3102 4327 pedes
3129 4258 3312 4303 meos
3343 4236 3412 4304 in
3445 4236 3841 4305 testimonia
3871 4244 3998 4302 tua
4037 4242 4085 4302 ¹.

2995 4372 3028 4406 «
3082 4345 3178 4412 Et
3204 4345 3330 4436 qui
3364 4354 3725 4413 noverunt.
3785 4370 3818 4410 s
3868 4342 4080 4424 Quasi
4148 4340 4401 4411 diceret
4445 4362 4463 4409 z

2902 4447 3019 4517 Sic
3073 4449 3173 4518 illi
3230 4450 3535 4519 minores
3589 4456 4137 4520 convertantur:
4191 4474 4227 4513 α
4286 4458 4376 4527 et,
4430 4471 4465 4513 s

2898 4553 3107 4623 etiam
3131 4554 3229 4624 illi
3264 4581 3298 4622 a
3332 4558 3459 4648 qui
3474 4565 3808 4625 noverunt
3827 4556 4221 4625 testimonia
4252 4565 4400 4634 tua,
4429 4580 4462 4616 ιο

2899 4662 3198 4753 majores
3235 4661 3518 4744 scilicet,
3551 4670 3620 4733 et
3665 4662 4235 4756 contemplationi
4282 4661 4470 4732 testi·

2900 4770 3298 4840 moniorum
3344 4770 3584 4854 dediti,
3636 4781 3703 4842 et
3753 4796 3835 4841 ne
3893 4771 4113 4841 sciant
4149 4769 4234 4838 ad
4266 4770 4468 4838 dam-

2900 4880 3252 4949 nationem
3310 4902 3532 4960 suam,
3577 4888 3644 4950 et
3698 4880 3921 4949 ferant
3972 4878 4235 4948 litteras
4291 4880 4468 4948 sicut

2901 4987 3102 5056 Urias
3129 4997 3180 5057 ¹.
3241 4987 3445 5069 Quia,
3487 4987 3694 5058 Eccli.
3755 5010 3994 5070 xxxxv,
4038 4988 4125 5056 28
4187 5009 4204 5054 :
4273 4989 4464 5057 Unus

2897 5094 3279 5185 aedificanS,
3321 5097 3577 5166 scilicet
3626 5096 3912 5166 scientia
3945 5117 3963 5163 :
3997 5105 4063 5164 et
4128 5095 4318 5164 alius
4355 5097 4469 5164 de·

2896 5215 3194 5286 struens,
3240 5203 3500 5274 scilicet
3535 5206 3678 5274 vita
3724 5228 3740 5273 :
3775 5203 3954 5298 quid
3992 5203 4276 5296 prodest
4329 5206 4468 5274 nisi

2902 5314 3170 5384 labor?
3207 5314 3357 5383 Imo
3404 5336 3491 5385 ne
3546 5315 3769 5406 magis
3822 5334 4035 5404 quam
4092 5313 4208 5383 alii
4265 5313 4469 5383 dam-

2901 5428 3179 5492 nentur.
3237 5418 3479 5489 Jacob.
3524 5441 3618 5501 ιν,
3683 5421 3764 5488 17
3809 5439 3825 5486 :
3889 5419 4156 5490 Scienti
4209 5419 4465 5488 bonum

2972 5657 2996 5695 ¹
3027 5658 3112 5718 cr.
3145 5661 3197 5718 11
3226 5661 3368 5738 neg.
3400 5677 3482 5729 ιι,
3511 5660 3566 5719 ο.

4596 2430 4717 2497 10
