5008 6329
863 1783 1046 1830 Thema
1081 1783 1129 1829 ln

837 1837 960 1884 testo
981 1838 1154 1884 Cau-e-

854 1892 958 1938 dr-
984 1890 1138 1937 uncti

930 1945 1071 1993 Petri.

2005 395 2716 465 COMMENTARHJS
2769 394 2861 460 ΙΝ
2915 395 3344 462 PSALMUM
3400 396 3571 463 cvl.

1181 579 1432 645 nostra,
1491 592 1719 638 omnes
1762 571 1939 638 servi
1976 570 2132 660 ejus
2161 594 2186 638 .·
2227 579 2289 635 et
2326 568 2449 658 qui
2476 568 2728 632 timetis

1183 697 1362 753 eam,
1390 677 1645 765 pusilli
1682 688 1745 744 et
1774 680 2040 767 maqni.

1275 784 1504 853 Potest
1559 787 1762 854 etiam
1845 786 1976 877 legi
2056 786 2273 861 aliter,
2354 783 2728 851 secundum

1186 893 1370 984 quod
1424 894 1572 961 vult
1629 894 1897 977 Glossa‚
1968 901 2043 959 ut
2118 895 2190 959 in
2240 902 2550 992 sumatur
2606 915 2729 982 pro

1176 1024 1330 1092 pra.
1391 1027 1424 1066 «
1463 1001 1796 1068 Eoeallent
1832 1022 2015 1079 eum,
2063 1027 2097 1063 >2
2158 1000 2378 1068 Deum
2446 1000 2723 1074 scilicet,

1187 1137 1219 1175 e
1267 1113 1336 1176 in
1374 1112 1684 1177 Ecclesia
1710 1109 1962 1201 plebis,
1997 1138 2027 1172 »
2076 1110 2144 1178 id
2191 1120 2314 1190 est,
2351 1134 2471 1201 pro
2510 1108 2729 1176 Eccle-

1184 1221 1283 1284 sia
1317 1239 1331 1283 ε
1371 1246 1405 1279 «
1440 1228 1502 1283 et
1543 1219 1609 1283 in
1651 1217 1975 1286 cathedra
2020 1221 2391 1302 seniorum,
2439 1244 2470 1282 »
2507 1218 2572 1285 id
2602 1225 2726 1294 est,

1183 1347 1305 1413 pro
1337 1325 1654 1393 cathedra
1682 1329 2055 1405 seniorum,
2094 1354 2126 1393 α
2165 1326 2449 1394 laudent
2476 1350 2654 1393 eum.
2688 1353 2717 1387 υ

1185 1431 1270 1499 Et
1299 1434 1394 1500 sic
1426 1436 1628 1501 etiam
1675 1443 1898 1525 potest
1939 1435 2270 1524 respicere
2302 1433 2388 1500 ad
2433 1434 2728 1500 litteram

1185 1541 1719 1619 antecedentem,
1783 1549 1857 1608 ut
1926 1550 2243 1633 tangatur
2281 1563 2483 1608 causa
2525 1563 2730 1629 quare

1184 1648 1645 1716 confitendum
1685 1658 1751 1716 et
1790 1649 2233 1717 laudandum.

1272 1756 1528 1825 Thema
1575 1766 1805 1826 autem
1856 1756 1966 1826 hic
2005 1765 2230 1848 potest
2274 1779 2420 1824 esse
2450 1758 2522 1823 in
2560 1755 2729 1823 festo

1183 1865 1522 1933 cathedrae
1571 1865 1747 1933 beati
1804 1864 1985 1933 Petri
2031 1887 2046 1931 :
2093 1872 2254 1932 tunc
2300 1863 2482 1931 enim
2549 1862 2731 1930 cele-

1185 1975 1332 2042 brat
1363 1974 1665 2042 Ecclesia
1693 1974 1938 2042 festum
1970 1975 2053 2042 de
2075 1973 2256 2040 Petri
2289 1972 2724 2046 exaltatione,

1183 2094 1249 2152 et
1281 2083 1886 2167 incathedratione,
1920 2106 2070 2175 quae
2119 2082 2293 2151 facta
2319 2082 2447 2148 fuit
2494 2083 2557 2148 in
2593 2082 2730 2147 An·

1181 2193 1457 2261 tiochia.
1515 2193 1843 2284 Tangitur
1899 2192 2221 2260 exaltatio
2289 2193 2536 2282 primo.
2606 2192 2729 2259 Se·

1181 2302 1431 2382 cundo,
1475 2325 1512 2369 a
1559 2301 1805 2392 quibus
1844 2301 2201 2382 exaltatur,
2248 2301 2366 2380 ibi,
2404 2329 2436 2362 κ
2474 2301 2553 2368 In
2598 2302 2726 2366 Ec·

1178 2413 1385 2480 clesia
1427 2411 1674 2503 plebis,
1712 2441 1744 2474 »
1789 2412 1872 2479 Et
1914 2414 2139 2488 tertio,
2184 2410 2558 2502 quomodo,
2604 2410 2725 2491 ibi,

1178 2549 1212 2588 ι
1245 2526 1341 2591 ΕΙ
1380 2525 1450 2590 in
1479 2522 1802 2591 cathedra
1829 2524 2199 2601 seniorum,
2239 2550 2272 2585 ιο
2305 2521 2569 2612 supple,
2604 2544 2732 2612 po-

1177 2641 1413 2699 nentes
1435 2654 1619 2709 eum,
1644 2660 1676 2694 α
1714 2631 2000 2699 laudent
2035 2652 2217 2707 eum,
2255 2656 2288 2696 ι
2323 2632 2482 2722 quia
2513 2628 2732 2696 subli-

1179 2740 1456 2815 mando.
1536 2737 2107 2808 commendando.
2173 2739 2528 2806 Exultatus
2628 2746 2730 2803 est

1179 2860 1409 2915 autem
1448 2848 1687 2915 l'etrus
1746 2848 1987 2915 merito
2029 2846 2455 2921 humilitatis,
2492 2854 2557 2913 et
2594 2867 2730 2911 me-

1176 2957 1308 3024 rito
1339 2955 1777 3031 fortitudinis.
1813 2965 1877 3023 et
1910 2955 2200 3022 virtutis.
2246 2954 2543 3021 llumilis
2575 2952 2723 3032 suit,

1178 3073 1246 3133 et
1284 3087 1566 3154 pauper,
1599 3075 1666 3131 et
1693 3067 2010 3155 piscator,
2054 3073 2118 3131 et
2148 3062 2279 3132 hoc
2309 3064 2528 3153 magis
2556 3063 2734 3130 dile-

1184 3176 1280 3242 xit
1339 3196 1545 3264 quam
1571 3175 1821 3241 multas
1839 3173 2111 3241 divitias
2136 3176 2179 3240 ⁸.
2218 3172 2350 3240 Sed
2373 3173 2728 3240 verissime

1180 3292 1447 3349 amator
1501 3282 1907 3350 humilitatis
1948 3291 2014 3350 et
2070 3282 2512 3372 paupertatis,
2574 3304 2728 3348 cum

1183 3391 1310 3457 ista
1338 3390 1698 3479 dereliquit
1742 3399 2018 3481 propter
2044 3388 2415 3458 Christum.
2462 3388 2577 3456 Sic
2605 3389 2733 3456 Jo-

1184 3495 1350 3587 seph
1373 3507 1521 3587 post
1546 3499 1892 3565 miseriam
1916 3507 1981 3565 et
2004 3506 2471 3588 paupertatem
2520 3518 2728 3586 quam

1184 3607 1506 3674 sustinuit
1529 3611 1596 3671 in
1619 3604 1948 3697 AEgypto.
1980 3605 2313 3674 exaltatus
2328 3613 2428 3673 est
2448 3628 2485 3672 a
2511 3604 2656 3672 Deo
2679 3613 2726 3697 ξ.

1182 3709 1312 3778 llic
1341 3719 1444 3779 est
1483 3712 1665 3779 enim
1714 3733 1868 3780 mos
1907 3709 2058 3791 Dei,
2108 3711 2280 3780 viles
2317 3719 2382 3780 et
2427 3710 2732 3801 abjectos

1179 3820 1502 3897 exaltare,
1534 3841 1674 3887 non
1707 3819 1951 3889 divites
1989 3828 2055 3890 et
2083 3817 2523 3912 pompatos.l
2556 3818 2726 3912 neg.

1182 3951 1253 4006 ιι,
1285 3929 1327 3997 8
1371 3950 1389 3997 :
1417 3929 1723 3997 Suscita!
1751 3928 1837 3997 de
1868 3926 2153 4018 pulvere
2188 3949 2498 4020 cycnum,
2545 3938 2611 3995 et
2647 3928 2733 3995 de

1176 4046 1469 4105 stercore
1521 4036 1738 4105 eleva!
1786 4059 2187 4130 pauperem.
2241 4036 2438 4116 ltem,
2481 4037 2728 4105 merito

1180 4144 1578 4212 consuamus.²
1607 4155 1672 4211 et
1712 4146 1984 4212 virtutis
2016 4164 2034 4213 t
2075 4143 2316 4212 Petrus
2344 4143 2528 4212 enim
2567 4142 2731 4211 dici·

1181 4262 1314 4335 tur,
1349 4252 1564 4329 idest,
1598 4255 1838 4321 tirmus
1879 4275 1894 4320 ε
1932 4276 2071 4344 prae
2102 4253 2252 4322 aliis
2290 4253 2473 4321 enim
2522 4250 2730 4319 auda·

1177 4371 1321 4430 cter
1347 4373 1412 4430 et
1443 4362 1706 4430 fortiter
1725 4364 1928 4430 tidem
1959 4373 2060 4430 est
2077 4362 2450 4432 confessus.
2477 4360 2720 4429 Matth.

1173 4493 1316 4546 xvi.
1356 4472 1438 4538 ¹6
1477 4491 1494 4538 :
1537 4471 1591 4538 Τ
1586 4492 1633 4537 u
1652 4492 1722 4538 es
1762 4470 2098 4547 Christus,
2130 4468 2362 4539 filim
2397 4470 2531 4537 Dei
2558 4470 2723 4537 vici.

1163 4573 1395 4646 'David
1464 4586 1826 4669 postquam
1876 4577 2219 4646 devicerat
2264 4576 2564 4657 leonem,
2617 4600 2728 4644 ur-

1175 4708 1357 4766 sum,
1391 4693 1455 4752 et
1494 4686 1871 4776 gigantem,
1915 4684 1985 4753 id
2012 4693 2138 4765 est,
2180 4705 2484 4762 carnem,
2519 4706 2721 4751 mun·

1174 4791 1367 4872 duni,
1418 4799 1485 4859 et
1521 4790 1899 4870 diabolum,
1971 4791 2308 4860 exaltatus
2353 4801 2455 4860 est
2497 4792 2566 4859 in
2616 4814 2728 4859 re-

1175 4923 1334 4991 gem
1372 4897 1417 4966 ⁸.
1455 4898 1660 4967 Eccli.
1709 4920 1833 4982 vu,
1866 4900 1908 4965 6
1941 4922 1957 4967 τ
2019 4899 2189 4968 Noli
2223 4922 2523 4993 querere
2570 4899 2729 4988 fieri

1164 5008 1424 5097 judex,
1454 5008 1591 5074 nisi
1627 5006 1861 5074 valeas
1897 5008 2150 5075 virtute
2177 5009 2557 5099 irrumpere
2587 5008 2729 5074 ini-

1174 5116 1499 5207 quitates.
1533 5123 1658 5184 etc.
1699 5113 1779 5181 Et
1808 5114 2052 5183 merito
2081 5116 2483 5195 sanctitatis,
2515 5137 2725 5207 quam

1174 5222 1336 5293 iacit
1405 5223 1679 5315 proprie
1716 5222 2035 5302 charitas,
2105 5244 2259 5315 quoe
2323 5231 2424 5291 est
2478 5222 2728 5292 animae

1175 5331 1686 5416 sanctificatrix,
1730 5332 1892 5424 quia
1963 5330 2294 5401 assimilat
2340 5331 2511 5400 l'onti
2561 5354 2731 5402 san-

1255 5583 1272 5619 ¹
1302 5579 1388 5639 Cf.
1420 5581 1720 5650 Matthar,
1763 5585 1830 5639 ¹8
1852 5587 1913 5640 et
1939 5599 2068 5658 aeq.

1248 5672 1273 5709 ²
1301 5670 1388 5729 cs.
1422 5672 1633 5729 Genes.
1669 5688 1868 5738 xxxix,
1891 5689 1963 5730 ιι
1990 5681 2052 5730 et
2076 5691 2186 5732 xu.

1247 5763 1272 5796 ⁸
1299 5762 1384 5821 Cf.
1416 5763 1439 5819 1
1471 5764 1719 5838 Regum,
1746 5779 1855 5820 xvu
1883 5768 1944 5820 et
1968 5768 2097 5839 aeq.

4276 398 4394 465 125

2839 569 3087 636 ctitatis
3146 569 3269 659 ipsi
3318 569 3482 636 Deo.
3537 571 3751 637 Amor
3807 570 3989 637 enim
4021 571 4392 637 secundum

2799 746 2805 755 ,
2839 675 3253 765 Dionysium
3284 677 3800 755 assimilativuS,
3836 687 3902 745 et.
3933 678 4237 744 unitivus
4267 689 4388 745 est.

2838 784 3038 850 Joau.
3080 806 3219 864 xxi,
3266 786 3339 849 15
3377 792 3442 849 et
3488 786 3560 850 l'i
3611 806 3626 847 ε
3671 786 3915 851 Simon
3941 787 4259 863 joannis,
4295 786 4395 851 di-

2845 893 3005 982 liqis
3037 915 3143 957 me
3159 892 3330 982 plus
3368 892 3549 959 leis?
3587 918 3722 984 quo
3765 917 4112 980 concess0‚
4164 898 4392 964 statim

2843 1001 3191 1088 sequitur:
3230 1004 3443 1068 Pasce
3483 1026 3632 1069 aces
3662 1027 3872 1071 meas.

2933 1105 3160 1185 Quare
3193 1118 3420 1175 autem
3470 1111 3715 1178 festum
3760 1112 3874 1180 [iat
3914 1113 3995 1180 de
4027 1114 4395 1181 exaltatio-

2842 1238 2949 1289 ne.
2986 1218 3207 1305 prima
3243 1219 3411 1284 ratio
3443 1228 3567 1295 est,
3603 1223 3761 1311 quia
3795 1222 3860 1287 in
3896 1224 4041 1311 ipso
4074 1221 4397 1289 fundatur

2842 1323 3141 1391 Ecclesia
3177 1347 3191 1390 :
3236 1349 3390 1392 cum
3416 1337 3640 1393 autem
3684 1330 3886 1417 primi
3931 1329 4187 1419 lapides
4226 1339 4394 1397 tem-

2843 1430 3140 1520 plorum,
3167 1439 3232 1498 et
3263 1432 3714 1500 Ecclesiarum
3737 1436 4113 1523 jaciuntur,
4137 1435 4394 1504 solem-

2842 1538 3125 1607 nizatur.
3164 1538 3401 1606 Matth.
3436 1564 3575 1619 xvl,
3618 1544 3695 1607 ¹8
3730 1561 3746 1609 :
3783 1546 3877 1609 Et
3905 1566 4027 1632 eqo
4059 1544 4207 1611 dica
4240 1543 4390 1624 libi,

2840 1648 3008 1734 qula
3040 1657 3117 1713 tn
3157 1670 3223 1712 es
3254 1650 3524 1725 Petrus,
3566 1658 3629 1714 el
3668 1672 3875 1740 snper
3911 1650 4089 1717 lianc
4122 1659 4393 1742 petram

2839 1752 3199 1841 aedificabo
3230 1754 3609 1823 Ecclesiam
3643 1780 3890 1826 meam.
3934 1758 4134 1848 Lapis
4165 1757 4398 1848 limpi-

2840 1861 3161 1928 dissimus
3213 1864 3363 1930 lidei
3425 1866 3835 1945 sinceritate,
3886 1864 4122 1932 firmus
4169 1865 4396 1933 stabili

2841 1968 3194 2047 charitate,
3248 1971 3500 2061 politus
3549 1981 3968 2062 paupertate,
4035 1982 4103 2042 et
4159 1974 4395 2063 politia

2840 2078 3023 2156 vitae,
3067 2079 3183 2146 sed
3216 2080 3518 2171 sculptus
3559 2080 3919 2170 prudentia
3958 2091 4019 2149 et
4052 2080 4397 2150 discretio·

2843 2209 2948 2253 ne.
2989 2184 3185 2264 ltem,
3229 2191 3387 2279 quia
3430 2199 3588 2257 tunc·
3621 2192 3812 2279 qnasi
3846 2213 4026 2258 nova
4084 2191 4286 2257 missa
4323 2191 4392 2256 in

2839 2292 3186 2382 publicum
3221 2306 3555 2378 cantatur,
3599 2298 3681 2363 de
3725 2321 3860 2388 quo
3893 2297 4066 2365 solet
4099 2297 4241 2364 lieri
4278 2298 4399 2365 la*-

2842 2400 2989 2467 titia
3021 2423 3297 2491 magna.
3334 2401 3599 2494 Quippe
3633 2404 3951 2471 sacerdos
3979 2426 4136 2471 cum
4170 2405 4393 2495 primo

2840 2506 3162 2583 celebrat,
3213 2516 3377 2577 tunc
3424 2509 3753 2599 apotheca
3819 2510 4115 2601 Spiritus
4182 2512 4392 2579 sancti

2841 2613 3278 2705 adimpletur.
3331 2624 3394 2683 et
3456 2628 3611 2684 tune
3653 2617 3819 2685 cella
3879 2619 4280 2708 gratiarum,
4332 2627 4397 2686 et

2840 2733 3227 2790 aromatum
3269 2748 3392 2791 vas
3435 2727 3755 2794 onmitms
3794 2728 4030 2813 gratiis
4070 2726 4390 2818 repletur.

2840 2831 3020 2911 Quid
3052 2834 3235 2900 enim
3282 2833 3526 2901 festum
3579 2836 3821 2924 Angeli
3850 2858 3987 2903 non
4027 2834 4398 2902 celebrare-

2843 2949 2951 3008 tur
2977 2943 3015 3009 ?
3055 2942 3361 3033 Angelus
3408 2944 3590 3011 enim
3641 2943 3959 3011 sacerdos
3998 2945 4290 3011 eflicitur
4330 2945 4395 3011 in

2843 3058 2995 3117 actu
3037 3073 3194 3117 cum
3235 3049 3551 3118 celebrat.
3601 3049 3891 3117 Malach.
3930 3073 4001 3125 ιι.
4045 3052 4126 3118 7:
4172 3054 4400 3139 Anqe·

2844 3158 2958 3227 lus
2979 3183 3160 3227 cmm
3200 3161 3481 3228 Domini
3509 3162 3933 3227 exercituum
3965 3172 4085 3227 ese.
4124 3157 4273 3228 lmo
4305 3160 4401 3228 dii

2841 3275 3001 3335 sunt
3041 3266 3451 3340 sacerdotes.
3478 3278 3542 3335 et
3562 3267 3773 3335 stellae
3798 3278 4016 3335 totum
4060 3267 4402 3336 mundum

2843 3374 3338 3445 illuminantes.
3377 3375 3574 3453 ltem,
3597 3380 3759 3468 quia
3780 3379 3845 3443 in
3868 3375 3996 3444 hoc
4021 3378 4404 3445 misericor·

2839 3484 2950 3552 dia
2978 3485 3097 3554 Dei
3133 3509 3386 3577 magna
3411 3489 3816 3562 ostenditur.
3834 3489 3948 3579 qui
3969 3495 4234 3554 tantum
4257 3510 4402 3578 pec·

2837 3603 3171 3673 caton-em,
3232 3597 3349 3686 qui
3389 3619 3546 3663 eum
3598 3606 3700 3664 ter
3767 3597 4070 3688 negavit,
4132 3605 4399 3663 tantum

2839 3702 3166 3772 exaltavit
3232 3702 3280 3770 ⁴.

2935 4067 2968 4101 a
3005 4041 3251 4107 Posui!
3276 4041 3604 4128 [Iuntina.
3636 4069 3667 4104 ι
3705 4043 3828 4109 llic
3859 4043 4235 4111 seeundum
4268 4043 4405 4112 ltu-

2829 4146 2946 4235 jus
2973 4147 3212 4239 partis,
3266 4148 3332 4215 in
3382 4172 3519 4239 quo
3563 4151 3867 4241 tangitur
3920 4152 4092 4218 ratio
4154 4151 4395 4220 laudis.

2841 4252 2920 4321 Et
2983 4255 3235 4345 primo,
3297 4256 3581 4344 justitia·
3632 4255 3751 4324 llei
3820 4280 4029 4348 opera
4104 4261 4173 4327 in
4262 4259 4402 4327 lla-

2840 4360 3167 4453 byloniis,
3219 4387 3393 4457 quos
3468 4365 3829 4434 destruxit.
3893 4365 4241 4444 Secundo.
4324 4368 4393 4437 in

2839 4469 3178 4547 llelnraeia.
3250 4471 3369 4547 ibi.
3439 4481 3503 4547 ,ἐκ
3585 4476 3670 4538 36
3716 4496 3731 4542 t
3772 4501 3807 4535 α
3881 4476 4126 4543 Posui!
4182 4476 4404 4545 ‹leser-

2836 4590 3018 4648 tum.
3064 4607 3100 4644 n

2930 4687 3005 4754 lu
3038 4690 3261 4779 prima
3292 4688 3456 4756 «luo.
3500 4689 3735 4758 l‘rimo
3769 4695 4079 4784 tangitur
4132 4694 4401 4763 destru-

2833 4795 2971 4864 ctio
3039 4805 3232 4863 terrae
3292 4796 3653 4866 malorum.
3697 4799 4045 4878 Secundo,
4108 4802 4280 4870 ratio
4338 4809 4406 4870 et

2835 4927 3042 4972 causa
3098 4906 3311 4995 ipsius
3349 4906 3856 4985 destructionis,
3911 4908 4164 4978 scilicet
4217 4911 4410 5002 ipso·-

2836 5035 2991 5081 rum
3040 5012 3329 5092 malitia,
3383 5014 3502 5098 ibi,
3548 5018 3613 5084 in
3667 5016 3893 5084 medio
3943 5025 4006 5092 §a
4064 5019 4148 5086 32
4189 5041 4205 5090 z
4263 5046 4297 5085 ι
4347 5023 4399 5091 Α

2838 5117 3119 5185 malitia
3152 5118 3725 5188 iuleabihmlium.
3764 5147 3798 5185 ι

2930 5220 3006 5290 ln
3047 5223 3268 5314 prima
3307 5225 3471 5293 duo.
3509 5225 3746 5294 l‘rimo
3778 5230 4088 5320 tangitur
4113 5231 4407 5299 remotio

2838 5327 3153 5399 humoris
3173 5353 3215 5400 a
3233 5340 3414 5401 terra
3446 5332 4015 5424 Babyloniorum.
4053 5336 4404 5417 Secundo.

2911 5584 2935 5622 ⁴
2962 5585 3052 5644 Cf.
3084 5586 3291 5644 nuth.
3324 5603 3476 5652 xxvi,
3508 5590 3578 5641 69
3608 5594 3669 5645 et
3714 5606 3841 5662 seq.
3877 5608 3892 5659 ς
3919 5591 4093 5649 Marc.
4122 5607 4216 5662 xv,
4248 5594 4319 5650 ⁶6
4347 5599 4411 5650 et

2840 5693 2967 5749 seq.
3004 5694 3020 5744 ς
3089 5675 3235 5734 Luc.
3272 5694 3407 5745 uu,
3439 5680 3508 5732 :53
3538 5684 3756 5754 etseq.
3792 5705 3807 5746 ς
3855 5680 4024 5737 loan.
4060 5697 4218 5748 xvm,
4252 5686 4322 5737 :37
4345 5686 4410 5740 et

2842 5783 2971 5841 seq.
