5008 6329
764 257 894 323 544
1743 253 1829 319 D.
1883 249 2085 317 ALB.
2134 246 2351 315 MAG.
2406 244 2615 314 om).
2667 243 2962 312 PRAED.

2030 756 2498 832 PSALMUS
2552 754 2701 827 CL.

1187 1089 1194 1095 ·
1298 1060 1381 1128 In
1429 1051 1754 1127 omnibus
1804 1066 1873 1125 et
1923 1052 2174 1146 ubique
2210 1054 2433 1122 Deum
2480 1044 2969 1118 celebrandum
2997 1048 3422 1138 profitetur.

817 1433 871 1476 ι.
923 1403 1261 1475 Allel'uia.
2463 1413 2538 1480 4.
2593 1389 2912 1460 Laudate
2943 1409 3109 1458 eum
3158 1386 3232 1456 in
3296 1405 3637 1477 tympano
3678 1401 3748 1454 et
3793 1382 3959 1452 cho·

938 1514 1258 1583 Laudate
1284 1507 1774 1581 Dominumin
1811 1504 2078 1575 sanctis
2100 1503 2254 1591 ejus
2289 1522 2305 1570 ε
2687 1520 2767 1567 ro
2811 1520 2825 1564 :
2880 1496 3161 1564 laudate
3227 1514 3394 1562 eum
3430 1492 3501 1562 in
3557 1490 3849 1562 chordis
3889 1508 3959 1559 et

1029 1621 1314 1690 laudate
1345 1640 1513 1688 eum
1559 1616 1635 1685 in
1684 1616 2140 1685 firmamento
2172 1609 2309 1680 vir·
2687 1626 2978 1698 organo.

1020 1728 1198 1800 tutis
1237 1726 1417 1817 ejus.
2462 1719 2529 1785 5.
2578 1712 2895 1783 Laudate
2925 1732 3091 1780 eum
3143 1708 3212 1779 in
3264 1707 3617 1801 cymbalis
3658 1707 3951 1777 beneso-

803 1862 868 1909 2.
926 1837 1245 1906 Laudate
1305 1855 1474 1904 eum
1524 1833 1596 1902 in
1649 1830 2041 1902 virtutibus
2082 1830 2236 1919 ejus
2281 1851 2296 1896 :
2681 1818 3072 1889 nantibus:
3118 1817 3400 1886 laudate
3440 1835 3609 1886 eum
3639 1812 3711 1882 in
3756 1833 3951 1905 cym-

1019 1943 1306 2013 laudate
1370 1963 1536 2011 eum
1605 1939 2007 2009 secundum
2059 1935 2298 2007 multi·
2678 1926 2862 1996 balis
2892 1921 3377 2016 jubilationis:

1016 2051 1345 2121 tudinem
1388 2045 1920 2139 magnitudinis
1951 2045 2132 2135 ejus,
2450 2039 2521 2107 6.
2573 2035 2840 2109 Omnis
2938 2033 3238 2126 spiritus
3348 2030 3591 2101 laudet
3695 2028 3952 2100 Domi-

792 2161 857 2231 3.
917 2160 1238 2229 Laudate
1268 2177 1438 2227 eum
1498 2154 1571 2224 in
1606 2175 1789 2225 sono
1836 2152 2084 2223 tubae:
2139 2150 2298 2220 lau·
2674 2148 2892 2214 num!

1009 2269 1174 2340 date
1248 2287 1419 2336 eum
1485 2264 1559 2334 in
1640 2261 1982 2357 psalterio
2055 2281 2126 2330 et
2191 2261 2291 2331 ei·
2580 2253 2919 2323 Alleluia.

1006 2377 1235 2446 thara.

2491 2720 2834 2788 Dividitur
2868 2727 3093 2788 autem
3125 2718 3437 2787 Psalmus
3475 2718 3545 2785 in
3584 2716 3753 2784 duas
3790 2734 3938 2805 par·

1106 2828 1200 2896 IN
1270 2825 1708 2896 PSALMUM
1774 2825 1882 2892 CL
2400 2838 2526 2897 tes.
2590 2827 2845 2903 Primo.
2917 2827 3231 2896 invitatio
3305 2826 3390 2895 ad
3453 2824 3727 2894 laudem
3788 2825 3933 2892 llei.

2403 2935 2747 3016 Secundo,
2808 2936 3150 3027 expressio
3199 2933 3387 3003 modi
3425 2930 3772 3011 laudandi,
3813 2931 3933 3010 ibi,

1242 3057 1772 3109 conunmsnms·
2398 3051 2464 3121 ὴ.
2510 3044 2591 3114 3:
2634 3043 2949 3114 Laudato
2983 3065 3139 3112 eum
3180 3044 3249 3111 in
3287 3065 3456 3111 sono
3499 3041 3703 3111 tub-2¹.
3749 3066 3783 3107 ι

2485 3155 2564 3225 In
2604 3156 2824 3247 prima
2863 3154 3016 3224 duo.
3066 3154 3327 3235 Primo,
3383 3153 3622 3222 invitat
3660 3151 3747 3221 ad
3785 3150 3937 3220 lau-

1523 3300 1527 3304 ·
2394 3261 2722 3340 dandum,
2782 3262 3035 3331 addens
3089 3262 3420 3328 rationem
3476 3240 3722 3338 laudis.
3781 3259 3937 3352 glo-

1245 3402 1278 3442 «
1316 3374 1631 3445 Alleluia
1661 3385 1706 3440 ¹.
1736 3399 1770 3439 ι
2392 3371 2564 3438 riam
2629 3369 2878 3439 sanctis
2933 3367 3303 3438 exhibitam
3341 3366 3769 3459 generaliter.
3816 3365 3936 3435 Se·

2390 3480 2643 3559 cundo,
2675 3481 2923 3549 sanetis
2963 3477 3370 3571 quibusdam
3424 3476 3826 3568 specialiter,
3869 3487 3935 3547 et

2392 3587 2702 3680 Angelis,
2771 3587 2890 3672 ibi,
2952 3612 2986 3654 ι
3018 3585 3332 3656 Laudate
3368 3607 3525 3654 eum
3574 3587 3645 3654 in
3680 3586 3933 3675 firma·

824 3721 857 3761 «
890 3692 1204 3763 Laudate
1231 3691 1613 3761 Dominum
1635 3690 1706 3756 in
1735 3686 2008 3756 Sanctis
2035 3682 2214 3773 ejus.
2244 3708 2278 3748 ι
2393 3707 2643 3765 mento,
2691 3723 2724 3760 n

734 3805 863 3874 Ilio
899 3815 1000 3875 est
1033 3802 1350 3873 Psalmus
1406 3801 1821 3870 centesimus
1852 3796 2283 3888 quinquage-

736 3915 950 3983 simus
990 3912 1058 3981 in
1121 3918 1269 3980 toto
1306 3908 1484 3977 libro
1542 3916 1606 3976 et
1659 3906 1969 3987 ultimus,
2005 3902 2076 3970 in
2114 3921 2279 3992 quo,

738 4026 909 4093 sicut
946 4022 1257 4114 superius
1286 4020 1539 4088 dictum
1564 4018 1711 4096 l'uit,
1748 4024 2108 4108 postquam
2144 4034 2285 4079 mo·
2482 4012 2662 4082 Dicit
2690 4034 2892 4105 ergo:
2938 4015 3052 4082 Sic
3099 4014 3333 4082 monui
3390 4014 3665 4084 laudare
3704 4016 3923 4084 Deum
4093 4052 4148 4119 ι

388 4129 995 4227 ὧξαέἒῆξῑζῃηῃῃᾱ
1038 4130 1307 4200 laudem
1348 4128 1473 4197 Dei
1536 4150 1662 4219 pro
1728 4124 1990 4216 justitia
2050 4123 2116 4189 in
2158 4122 2285 4189 im·
2390 4142 2597 4211 supra
2671 4143 2791 4211 pro
2848 4120 3110 4209 justitia
3194 4141 3400 4211 quam
3465 4143 3587 4212 per
3656 4130 3926 4190 sanctos
3955 4152 4278 4254 pamla„

389 4234 708 4336 {22222012‘}
742 4242 887 4332 pios
914 4265 953 4309 a
995 4233 1264 4308 Sanctis
1295 4232 1693 4311 exercenda,
1738 4231 1848 4300 hie
1914 4237 2147 4299 monet
2194 4224 2280 4295 ad
2389 4235 2656 4295 exercet
2686 4228 2756 4294 in
2788 4227 3010 4318 impiis
3040 4229 3089 4309 ¹,
3122 4236 3187 4296 et
3216 4226 3437 4297 adhue
3466 4227 3644 4306 dico,
3689 4251 3929 4297 omnes

401 4342 690 4452 341}ngss
736 4349 1045 4417 eamdem
1111 4345 1383 4414 laudem
1451 4365 1574 4433 pro
1641 4338 2104 4408 misericordia
2150 4335 2280 4426 piis
2391 4332 2583 4401 electi
2625 4335 2794 4423 ejuS,
2860 4334 2967 4402 vel
3033 4336 3260 4424 potius
3323 4357 3563 4404 omnes
3601 4344 3925 4404 creatura!

405 4449 692 4496 ‘¹⁶¹⁶⁸¹³⁶⁸·
736 4455 1144 4533 exhibenda,
1180 4463 1536 4542 tamquam
1580 4448 1838 4516 videret
1894 4447 2037 4535 jam
2079 4442 2280 4511 exhi·
2389 4441 2563 4529 ejus.
2608 4468 2641 4503 «
2687 4440 2970 4509 laudate
3006 4441 3404 4519 Dominum,
3447 4468 3479 4502 ι
3518 4450 3581 4509 et
3606 4440 3763 4524 hoe,
3800 4444 3925 4511 «in

736 4565 973 4639 bitum,
1007 4584 1086 4629 ex
1120 4582 1255 4650 qua
1296 4557 1649 4649 potissime
1689 4553 1867 4620 Deus
1898 4547 2276 4618 laudandus
2385 4548 2641 4614 sanctis
2669 4549 2847 4636 ejus,
2883 4573 2914 4606 ι·
2945 4546 3192 4638 quibus
3221 4556 3477 4615 tantam
3538 4549 3927 4617 misericor·

731 4676 832 4736 est
875 4689 890 4734 ε
961 4664 1141 4732 unde
1183 4661 1356 4729 bene
1415 4658 1527 4727 hio
1582 4656 1999 4750 praeponitur
2038 4650 2275 4720 titulus
2386 4652 2569 4720 diam
2599 4652 2927 4744 praestitit.
3000 4652 3298 4743 Sapient.
3336 4676 3427 4727 ιν,
3467 4655 3547 4721 15
3592 4676 3609 4723 :
3682 4656 3928 4723 Gracia

730 4800 765 4842 α
805 4772 1144 4843 Alleluia.
1185 4797 1217 4831 η
2384 4761 2542 4840 Dei,
2576 4768 2641 4827 et
2668 4760 3132 4828 misericordia
3187 4770 3283 4826 ese
3341 4762 3409 4826 in
3436 4771 3708 4829 sanctos
3743 4761 3921 4852 ejus,

797 5043 814 5079 ¹
845 5043 1084 5098 Chacun
1141 5037 1249 5094 des
1299 5038 1512 5107 quatre
1568 5031 1745 5090 livres
1805 5028 2158 5105 precedente.
2188 5028 2268 5084 du
2383 5054 2411 5082 α
2442 5030 2775 5104 teurgloire
2790 5046 2867 5087 au
2887 5031 3479 5104 dernierjugement3
3503 5032 3556 5090 le
3578 5035 3925 5107 psaumeCL

728 5127 992 5203 psautier
1016 5140 1079 5180 se
1111 5120 1417 5179 tet-minuit
1447 5138 1553 5194 par
1579 5137 1699 5178 une
1729 5117 2039 5191 doxologie
2061 5116 2134 5172 de
2153 5130 2268 5187 peu
2388 5141 2410 5170 ι
2446 5136 2600 5176 nous
2631 5120 2717 5178 les
2743 5127 2973 5176 mentre
3003 5136 3234 5177 comme
3263 5136 3555 5192 parvenus
3592 5138 3667 5178 au
3698 5121 3833 5187 ciel,
3865 5128 3927 5179 et

727 5215 1043 5275 d’etendue
1070 5230 1087 5281 ;
1121 5229 1199 5270 au
1237 5211 1481 5268 dernier
1536 5211 1702 5280 livre,
1736 5210 1793 5266 la
1823 5206 2136 5280 doxologie
2163 5203 2266 5260 de·
2379 5231 2408 5259 α
2443 5227 2480 5282 y
2512 5210 2719 5266 tonant
2747 5210 2802 5266 le
2829 5210 3114 5282 Seigneur
3132 5210 3400 5284 pendant
3416 5219 3579 5268 toute
3604 5212 3919 5270 t'eternite.

727 5309 887 5364 vient
909 5323 990 5362 un
1022 5318 1268 5378 psaume
1296 5307 1426 5357 tout
1455 5300 1667 5358 entier.
2380 5320 2408 5348 α
2435 5297 2478 5352 ll
2502 5304 2597 5354 est
2622 5298 2774 5354 ainsi
2807 5296 2946 5354 bien
2977 5298 3444 5356 naturellement
3481 5300 3540 5356 la
3567 5300 3918 5358 conclusion

792 5422 819 5449 α
857 5397 965 5453 Les
990 5407 1274 5467 psnumes
1329 5406 1482 5447 nous
1539 5395 1646 5446 ont
1675 5390 1908 5445 mentre
1964 5384 2024 5441 la
2075 5382 2266 5456 provi·
2375 5406 2408 5437 α
2439 5387 2514 5444 de
2545 5394 2673 5444 tout
2703 5387 2757 5444 le
2787 5388 3067 5460 psautier.
3103 5411 3131 5438 ι.
3154 5388 3228 5445 Le
3259 5389 3381 5445 nnn.

720 5513 750 5542 ιι
783 5489 969 5545 dence
998 5489 1059 5540 et
1085 5481 1325 5538 l‘aetion
1355 5478 1429 5534 de
1457 5480 1603 5536 Dieu
1651 5496 1756 5534 sur
1786 5479 1870 5535 les
1891 5476 2089 5550 justes
2119 5493 2265 5548 pen·
2291 5549 2299 5558 .
2448 5475 2471 5511 ⁸
2499 5476 2584 5531 Ct‘.
2618 5475 3124 5533 Cominentarium
3151 5476 3213 5531 in
3244 5475 3548 5532 Psatmum
3577 5477 3916 5551 proeeeden·

725 5600 750 5630 ι
782 5575 930 5634 dant
956 5572 1015 5630 la
1038 5571 1128 5627 vie
1151 5585 1167 5638 3
1192 5569 1246 5625 le
1276 5583 1528 5641 psautne
1557 5567 1774 5625 exux
1804 5565 2265 5624 nousamontre‘
2376 5568 2521 5636 tem,
2551 5565 2645 5638 ἢ.
2678 5569 2709 5622 7
2739 5571 2801 5622 et
2825 5566 2877 5623 8.
