5008 6329
714 298 843 368 306

798 499 831 537 α
873 474 1205 564 Sprevisti
1260 494 1512 539 omnes.
1563 497 1595 538 n
1631 473 1760 543 Hic
1800 475 2000 550 ratio,
2050 493 2258 561 quare

704 580 1010 648 meditari
1052 580 1353 646 decrevit
1409 584 1760 660 continue,
1815 580 2070 647 scilicet
2120 600 2259 644 non

701 688 1169 755 meditantium
1221 687 1510 776 abjectio
1556 710 1571 757 :
1619 688 1799 755 unde
1840 687 1975 753 duo
2017 686 2260 752 dicun-

699 803 810 861 tur
837 794 966 862 hic.
1018 794 1272 872 Primo,
1321 796 1608 886 abjectio
1659 820 1699 862 a
1739 794 1890 884 lege
1923 794 2048 861 Dei
2082 816 2258 861 rece-

700 899 1027 968 dentium.
1067 901 1411 982 Secundo,
1452 904 1621 969 ratio
1664 901 2070 989 abjectionis
2102 900 2251 967 illo-

698 1028 874 1085 rum,
918 1008 1037 1092 ibi,
1075 1035 1106 1073 α
1150 1010 1331 1094 Quia
1359 1007 1630 1095 injusta
1668 1036 1725 1074 η.

786 1113 963 1182 Dicit
1001 1137 1161 1204 ergo
1207 1137 1222 1179 :
1272 1114 1388 1180 Sic
1428 1112 1837 1198 meditabor,
1882 1122 1950 1182 et
1979 1134 2253 1180 necesse

695 1219 1122 1310 habe0,quia
1153 1220 1553 1310 «sprevisti,
1600 1249 1630 1281 r»
1687 1243 1805 1288 eos
1844 1230 1971 1288 ate
2031 1217 2254 1308 repel-

693 1327 919 1407 lendo,
974 1352 1008 1393 «
1067 1350 1297 1394 omnes
1381 1328 1796 1396 discedentes
1852 1352 1896 1394 a
1947 1327 2250 1415 judiciis

695 1436 857 1518 tuis,
903 1459 934 1500 ι
981 1435 1224 1525 quibus
1256 1435 1459 1504 doces
1516 1459 1668 1520 nost,
1704 1445 1771 1503 et
1837 1436 2119 1502 instruis
2177 1434 2246 1500 in

696 1541 845 1632 lege
911 1550 1049 1610 tua.
1091 1541 1249 1620 Job,
1276 1566 1515 1623 xxxiv,
1548 1544 1627 1610 17
1667 1564 1682 1611 ε
1729 1542 2101 1633 Numquid
2125 1541 2248 1631 qui

694 1664 1041 1720 nonaniat
1057 1653 1446 1741 judicium,
1481 1655 1726 1720 sanari
1739 1662 1970 1745 potest
2001 1651 2042 1718 Ρ
2071 1650 2248 1730 Qua-

692 1758 745 1825 si
773 1758 1056 1827 diceret:
1103 1759 1281 1827 Non.
1331 1757 1586 1838 Quales
1626 1768 1788 1828 sunt
1825 1759 1949 1843 illi,
1997 1759 2244 1850 quibus

689 1865 955 1951 dicitur,
981 1865 1311 1934 Proverb.
1348 1890 1392 1943 ι,
1429 1870 1514 1935 25
1551 1890 1565 1933 :
1604 1869 2031 1959 Despexislis
2048 1889 2245 1934 omne

685 1973 1049 2040 consilium
1082 1996 1334 2059 meum,
1370 1973 1623 2064 quibus
1652 1977 1860 2041 etiam
1896 1973 2244 2065 flagellan-

685 2078 771 2147 do
847 2103 970 2147 nos
1024 2082 1357 2171 corripis:
1409 2080 1574 2148 talia
1641 2081 1826 2148 enim
1886 2103 2027 2149 non
2082 2089 2243 2149 sunt

681 2190 1197 2259 contemnenda.
1230 2190 1268 2257 J
1276 2190 1390 2271 ob,
1425 2214 1494 2269 v,
1527 2191 1605 2257 17
1633 2211 1648 2257 :
1695 2192 2239 2283 Increpationem

680 2299 958 2366 Domini
975 2321 1058 2365 ne
1087 2297 1428 2389 ’τρι-01103,
1452 2298 1786 2388 quoniam
1821 2299 1966 2389 ipse
1995 2299 2240 2366 vulne-

679 2416 792 2472 rat
829 2414 893 2472 et
930 2405 1262 2474 medetur.
1300 2404 1437 2472 Sed
1477 2404 1754 2496 quando
1800 2414 2136 2495 spernunt
2173 2413 2241 2474 et

677 2513 1025 2601 abjiciunt,
1070 2536 1108 2580 a
1144 2512 1440 2580 Domino
1480 2519 1904 2602 spernuntur
1946 2520 2014 2581 et
2058 2513 2239 2602 abji-

678 2620 968 2688 ciuntur.
1007 2619 1253 2711 Supra,
1289 2621 1360 2687 in
1398 2619 1583 2687 Psal.
1613 2643 1870 2704 cxxvii,
1908 2622 2036 2689 62:
2075 2622 2237 2688 llae-

677 2728 1031 2796 reditatem
1057 2751 1258 2796 suam
1296 2730 1577 2820 sprevit.
1616 2727 1700 2795 Et
1732 2727 1904 2795 liunt
1949 2736 2110 2796 tunc
2141 2728 2237 2795 in-

673 2839 1116 2931 corrigibileS,
1171 2847 1238 2906 et
1277 2837 1631 2905 obstinati.
1672 2836 1888 2905 Eccle.
1927 2860 2050 2922 vn,
2090 2837 2169 2904 ¹4
2211 2860 2227 2905 ε

678 2947 1045 3018 Considera
1143 2968 1352 3036 opera
1477 2945 1634 3024 Dei,
1752 2944 1947 3035 quod
2040 2966 2233 3012 nemo

663 3056 880 3148 possit
915 3056 1253 3144 corriqere
1276 3076 1479 3145 quem
1512 3054 1657 3145 ipse
1685 3052 2094 3145 despexerit.

759 3296 793 3331 ι
840 3267 1018 3351 Quia
1049 3264 1342 3356 injusta.
1381 3291 1415 3331 ι
1445 3264 1616 3334 Ecce
1646 3263 2054 3343 secundum,
2096 3263 2233 3332 sci-

662 3373 816 3444 licet
848 3378 1017 3444 ratio
1049 3397 1258 3467 quare
1325 3381 1484 3441 sunt
1528 3371 1921 3463 spernendi.
2003 3371 2229 3451 Quare

662 3483 758 3550 sic
796 3483 1058 3575 spernis
1078 3480 1559 3549 discedentes?
1588 3505 1624 3546 ι
1663 3481 1847 3566 Quia
1899 3480 2226 3570 coqilatio
2317 3519 2320 3522 ι

659 3615 891 3663 eorum
932 3589 1226 3679 injusta,
1266 3614 1300 3654 ι
1326 3587 1669 3666 affectata,
1699 3586 2010 3679 inquam,
2046 3585 2224 3654 etde

659 3696 861 3767 corde
926 3693 1256 3786 producta
1291 3690 1673 3761 secundum
1726 3690 1893 3759 illud
1976 3687 2217 3759 Matth.

658 3829 773 3889 xv,
823 3807 900 3872 19
955 3824 971 3873 :
1022 3805 1126 3870 De
1209 3799 1414 3869 eorde
1479 3809 1734 3867 eaeeunt
1774 3799 2222 3890 eoqitationes

641 3913 859 3982 malae
891 3932 907 3979 :
941 3918 1009 3980 et
1027 3910 1169 3979 istae
1207 3931 1248 3976 a
1280 3907 1426 3976 Deo
1454 3914 1799 3997 separant.
1825 3905 2134 3998 Sapient.
2169 3928 2214 3983 ι,

656 4022 697 4089 3
731 4042 747 4090 :
775 4023 1109 4089 Perversoe
1135 4016 1588 4108 coqitationes
1603 4024 1935 4107 separant
1961 4038 2006 4082 a
2042 4015 2211 4083 Deo.

650 4126 808 4205 Job,
842 4148 1049 4206 xxxv,
1083 4128 1123 4192 2
1155 4146 1172 4194 ε
1208 4122 1578 4215 Numquid
1610 4145 1812 4215 aequa
1854 4120 1986 4190 tibi
2024 4120 2217 4189 vide-

653 4245 768 4303 tur
830 4244 952 4303 tua
1005 4231 1332 4322 eoqitatio
1386 4232 1429 4298 7
1464 4228 1679 4311 Quasi
1717 4228 2019 4298 diceret:
2057 4226 2212 4296 Non

652 4353 752 4412 est
782 4344 898 4419 ita,
922 4340 1038 4409 sed
1062 4340 1316 4430 injusta
1344 4346 1472 4409 est.
1503 4337 1587 4405 131
1619 4337 1807 4406 Deus
1837 4336 2024 4405 illam
2055 4359 2212 4428 cog-

651 4450 894 4534 noscit,
937 4455 1005 4516 et
1041 4446 1202 4516 talia
1253 4444 1674 4537 cogitantem
1734 4442 1994 4534 abjicit.
2041 4440 2203 4523 Job,

651 4577 810 4633 xm,
861 4553 902 4620 2
944 4552 1154 4621 :Seio
1208 4549 1542 4642 quoniam
1580 4548 1818 4617 omnia
1872 4556 2095 4640 potes,
2143 4556 2208 4615 et

647 4661 853 4732 nulla
879 4669 945 4728 te
975 4659 1146 4727 latet
1181 4647 1544 4749 coqitatio.

1711 301 1799 369 D.
1851 301 2053 369 ALB.
2107 299 2324 368 MAG.
2377 298 2585 366 om).
2638 296 2930 365 PRAED.

2373 467 2484 536 hic
2516 468 2948 558 subjungitur
2984 466 3254 534 tertium
3285 464 3367 532 de
3416 463 3773 531 dilectione
3812 459 3911 528 le·

2373 578 2501 668 gis,
2547 578 3045 668 comparatione
3084 574 3168 642 ad
3197 572 3710 665 praevaricantes
3740 592 3913 659 quos

2372 687 2769 764 contemnit,
2828 693 2891 752 et
2948 685 3165 775 legem
3216 682 3455 772 diligit,
3528 686 3592 747 et
3665 679 3736 744 in
3796 677 3913 744 illa

2370 792 2755 860 confirmari
2811 795 2996 882 petit.
3058 792 3139 859 Et
3184 789 3552 858 secundum
3593 786 3724 853 hoc
3781 786 3909 853 tria

2368 899 2708 966 dicuntur.
2752 898 3009 977 Prim0,
3044 904 3469 987 contemptus
3499 893 3911 984 praevarica-

2366 1014 2618 1075 torum.
2683 1004 3018 1084 Secundo,
3088 1004 3362 1072 affectus
3438 1024 3521 1069 ex
3573 1000 3704 1068 hoc
3759 1001 3907 1089 ipso

2365 1114 2452 1181 ad
2498 1114 2818 1182 mandata
2865 1113 3013 1193 Dei,
3061 1113 3178 1193 ibi,
3244 1141 3277 1176 «
3348 1111 3509 1179 Ideo
3577 1109 3821 1177 dilexi.
3871 1134 3905 1174 ι

2361 1221 2613 1302 Tertio,
2657 1224 2889 1313 petitio
2936 1245 3057 1312 pro
3123 1221 3635 1290 confirmatione
3680 1219 3750 1284 in
3780 1215 3907 1283 illo

2362 1327 2609 1397 affectu
2640 1339 2705 1398 et
2736 1330 3000 1409 timore,
3062 1330 3179 1413 ibi,
3212 1337 3275 1405 ὲ.
3315 1328 3483 1396 120:
3530 1351 3564 1392 α
3630 1325 3910 1416 Confiqe

2362 1438 2631 1505 timore.
2681 1463 2715 1503 ι

2449 1544 2626 1613 Dicit
2647 1567 2807 1635 ergo
2848 1566 2863 1612 ε
2894 1542 3006 1612 Sic
3036 1553 3107 1612 tu
3139 1542 3446 1634 sprevisti
3482 1540 3903 1609 discedentes

2357 1673 2397 1718 a
2436 1652 2712 1741 judiciis
2751 1653 2908 1733 tuis,
2943 1675 3113 1742 quos
3165 1674 3290 1741 ego
3351 1649 3669 1739 despexi:
3742 1650 3904 1739 quia

2357 1784 2391 1825 α
2415 1763 2942 1852 praevaricantes
2987 1761 3298 1853 reputavi
3368 1780 3596 1825 omnes
3654 1779 3903 1848 pecea-

2351 1877 2529 1937 tores
2557 1878 2771 1949 terrae,
2810 1894 2841 1935 ι
2866 1869 3127 1959 supple,
3162 1874 3521 1943 amatoreS,
3564 1866 3727 1956 quia
3769 1864 3897 1932 etsi

2352 1999 2592 2045 omnes
2623 2000 2762 2045 non
2789 1975 3083 2044 habeant
3135 1975 3353 2065 legem
3386 1974 3732 2062 scriptam,
3770 1970 3894 2038 ha-

2347 2083 2512 2152 hent
2540 2091 2768 2152 tamen
2805 2083 3022 2175 legem
3054 2081 3453 2163 naturalem,
3510 2087 3575 2147 et
3606 2079 3703 2146 sic
3747 2099 3895 2145 om-

2348 2215 2470 2260 nes
2544 2201 2699 2261 sunt
2775 2193 3342 2283 praevaricatores.
3410 2187 3888 2256 Praevaricatio

2348 2299 2531 2367 enim
2581 2300 2848 2389 respicit
2885 2297 2969 2365 ad
3024 2296 3266 2389 legem.
3339 2294 3467 2363 lsa.
3503 2318 3691 2372 xxiv,
3743 2296 3820 2362 16
3870 2315 3887 2361 z

2348 2409 2885 2475 I’raevarieantes
2920 2404 3365 2497 praevaricati
3399 2411 3587 2481 sunt,
3620 2411 3685 2469 et
3712 2425 3895 2494 proe-

2346 2518 2762 2585 varicatione
2835 2525 3431 2606 transqressorum,
3498 2511 3607 2580 vel
3673 2513 3891 2603 scrip-

2343 2635 2428 2694 1oe
2531 2624 2637 2693 vel
2740 2623 3064 2693 naturalis
3164 2622 3357 2713 legis,
3447 2621 3891 2713 praevaricati

2340 2742 2526 2811 sunt,
2604 2733 2690 2800 ad
2752 2734 2977 2800 minus
3051 2730 3231 2798 illius
3283 2728 3569 2820 duplicis
3628 2750 3644 2798 :
3710 2752 3886 2820 qua-

2344 2864 2494 2909 rum
2528 2863 2651 2933 pro
2682 2841 2900 2931 prima
2928 2849 3052 2918 est,
3099 2838 3332 2906 Matth.
3369 2860 3487 2916 vn,
3527 2838 3650 2904 12:
3726 2837 3887 2905 Om-

2339 2952 2459 3019 nia
2516 2971 2931 3042 qua-cunque
2977 2949 3187 3017 vultis
3245 2956 3320 3015 ut
3369 2948 3643 3037 saciant
3698 2944 3886 3013 vobis

2337 3058 2667 3141 homines,
2699 3065 2763 3124 et
2791 3079 2904 3124 vos
2916 3057 3130 3147 facite
3159 3055 3305 3122 illis
3331 3060 3376 3122 ⁸.
3399 3054 3479 3122 Bt
3499 3052 3686 3130 alibi,
3707 3051 3880 3120 Τοῦ.

2337 3189 2431 3251 ιν,
2479 3167 2561 3234 16
2605 3188 2622 3235 :
2696 3162 2899 3251 Quod
2950 3161 3036 3233 ab
3091 3163 3235 3232 alio
3286 3162 3508 3231 oderis
3541 3161 3700 3252 fieri
3724 3158 3881 3248 tibi,

2337 3274 2491 3343 vide
2516 3297 2600 3341 ne
2627 3284 2703 3342 tu
2735 3272 3116 3364 aliquando
3144 3272 3350 3340 alteri
3383 3272 3631 3362 jacias.

2425 3509 2461 3550 ι
2504 3483 2664 3552 Ideo
2708 3482 2950 3552 dilexi.
2988 3509 3022 3549 ι
3055 3482 3224 3552 Ecce
3255 3482 3652 3552 secundum.
3688 3482 3875 3565 Qua·

2330 3595 2388 3662 si
2435 3593 2725 3665 diceret:
2790 3592 2902 3663 Sic
2931 3594 3233 3686 reputavi
3286 3616 3404 3663 eos
3458 3602 3868 3686 peccatores,

2329 3707 2395 3768 et
2415 3699 2691 3791 despexi
2721 3722 2865 3785 eos,
2907 3699 2973 3768 id
2994 3708 3119 3785 est,
3182 3722 3266 3769 ne
3320 3700 3563 3770 similis
3649 3723 3869 3771 essem

2326 3808 2483 3889 illis,
2532 3839 2565 3873 κ
2599 3808 2819 3878 dilexi
2870 3809 3255 3879 testimonia
3302 3819 3449 3888 tua,
3512 3835 3547 3878 ι
3609 3810 3678 3879 in
3717 3809 3866 3903 lege

2323 3923 2441 3984 tua
2468 3916 2741 4009 scripta,
2776 3917 2933 4008 quia
2971 3916 3194 3985 tidelia
3217 3915 3414 3985 valde
3443 3925 3511 3986 et
3547 3915 3856 3987 honesta.

2325 4019 2573 4114 Supra,
2633 4023 2702 4091 in
2742 4021 2921 4092 Psal.
2973 4045 3163 4107 xvm,
3205 4023 3246 4090 8
3287 4045 3307 4088 z
3372 4025 3855 4093 Testimonium

2319 4130 2608 4197 Domini
2630 4129 2859 4220 fidele,
2887 4131 3297 4222 sapientiam
3320 4140 3656 4222 pra-stans
3688 4153 3860 4223 par·

2316 4235 2524 4305 vulis.
2562 4234 2806 4329 Supra,
2838 4236 2909 4305 in
2952 4236 3129 4305 Psal.
3178 4259 3406 4323 cxviii,
3450 4238 3528 4304 14
3568 4258 3587 4304 ε
3621 4239 3703 4306 In
3742 4240 3856 4307 via

2317 4342 2857 4409 testimoniorum
2921 4351 3195 4410 tuorum
3237 4341 3610 4411 delectatus
3667 4365 3851 4424 sum,

2310 4448 2490 4518 sicut
2517 4449 2589 4517 in
2639 4447 2950 4517 omnibus
2986 4448 3269 4517 divitiis.

2401 4792 2437 4830 α
2501 4764 2778 4854 Confiqe
2838 4764 3081 4832 timore
3124 4773 3265 4833 tuo.
3317 4790 3350 4828 ι
3383 4763 3511 4833 llic
3539 4767 3841 4846 tertium,

2306 4870 2380 4942 in
2409 4894 2549 4964 quo
2577 4871 2743 4962 petit
2785 4871 3168 4939 confirmari
3190 4873 3259 4939 in
3296 4894 3529 4942 amore
3567 4873 3710 4943 illo.
3758 4873 3846 4942 Et

736 5007 772 5048 ι
798 4978 1334 5049 I'raerarieantes
1363 4975 1707 5066 reputavi.
1746 5000 1780 5038 ι
1824 4971 1955 5041 Hic
2001 4971 2199 5041 tertia
2302 4979 2555 5070 primo,
2588 4978 2847 5071 petitio.
2895 4977 3236 5059 Secunde,
3263 4980 3432 5049 ratio
3461 4981 3840 5073 petitionis,

646 5112 802 5183 pars
824 5088 1029 5158 totius
1068 5083 1427 5153 octonarii.
1472 5079 1766 5150 Ostenso
1789 5080 1976 5150 enim
2014 5078 2199 5171 quod
2302 5084 2422 5166 ibi,
2459 5111 2495 5152 ι
2526 5089 2583 5155 Α
2599 5084 2917 5175 judiciis.
2963 5110 2999 5148 ι

646 5200 882 5291 diligat
926 5197 1172 5289 legem,
1215 5193 1733 5284 comparatione
1767 5190 1852 5260 ad
1893 5190 2191 5281 iniquos,

2388 5193 2573 5261 Dicit
2610 5213 2819 5283 ergo:
2855 5191 2969 5260 Sic
3024 5191 3226 5261 dilexi
3274 5193 3661 5262 testimonia
3694 5202 3835 5272 tua,

642 5318 709 5380 et
731 5330 960 5377 rursus
984 5304 1498 5398 comparatione
1522 5300 1610 5370 ad
1632 5301 2001 5394 malignos,
2025 5321 2196 5391 quo·
2296 5307 2364 5369 et
2402 5299 2554 5368 ideo
2603 5320 2770 5390 rogo
2824 5319 2841 5368 z
2886 5326 2922 5364 α
2966 5298 3256 5390 Cotisiqe
3292 5295 3526 5370 carnes
3553 5324 3764 5385 meas,
3801 5327 3836 5370 ι

639 5440 788 5487 rum
829 5416 1083 5509 primos
1112 5412 1284 5498 odit,
1327 5418 1394 5482 et
1422 5408 1763 5480 secundos
1788 5409 2186 5487 detestatur,
2292 5408 2351 5477 si
2375 5429 2552 5499 opus
2597 5405 2684 5474 sit
2713 5407 2782 5473 in
2813 5403 3002 5496 ligno
3031 5405 3271 5486 crucis,
3303 5414 3371 5475 et
3409 5403 3544 5477 hoc
3588 5437 3622 5472 ι
3644 5410 3841 5479 timo·

705 5661 723 5699 ¹
753 5655 838 5716 Cf.
867 5654 1003 5712 Luc.
1035 5667 1111 5720 ri,
1143 5651 1207 5706 ³1
1246 5663 1262 5705 ε
1295 5649 1361 5706 Ee
1407 5652 1583 5720 prout
1638 5645 1810 5704 vultis
1863 5650 1928 5702 ut
1963 5640 2184 5716 saciant
2286 5639 2443 5700 vobis
2471 5638 2736 5711 homines,
2762 5643 2815 5696 et
2841 5653 2933 5697 ves
2961 5638 3133 5711 tacite
3192 5634 3309 5696 tuis
3336 5635 3625 5708 similiter.
