5008 6329
784 698 861 742 Αι·
927 705 1069 740 men·

758 755 861 794 tum
914 747 1083 793 ulmi:

761 804 1070 865 &mentm-ur

785 865 1044 917 pros-uua

828 910 1002 956 noenu
1113 914 1268 959 cum
1300 893 1556 960 anxius
1573 896 1818 984 suerit,
1853 906 1917 963 et
1949 898 2017 963 in
2058 904 2413 985 conspectu
2432 894 2674 961 Domi·

785 964 1054 1013 miseriam.

1978 390 2690 463 COMMENTARIUS
2741 395 2835 463 IN
2889 396 3319 470 PSALMUM
3372 405 3478 473 CI.
4302 428 4340 491 3

1208 565 1456 656 Agitur
1493 568 1676 635 enim
1710 569 1777 634 in
1810 567 1942 635 hoc
1971 566 2274 650 Psalmo,
2319 570 2495 638 sicut
2532 568 2683 636 vult

1118 674 1383 754 titulus,
1430 676 1511 744 de
1535 679 1845 745 oratione
1876 679 2193 770 pauperis
2224 681 2482 747 anxiati
2518 700 2532 745 :
2580 677 2676 745 sio
2782 691 3004 770 partes
3033 687 3522 779 principaliter.
3560 691 3637 759 In
3673 696 3894 784 prima
3924 702 4104 768 enim
4138 725 4340 772 oran-

1117 783 1298 849 enim
1333 782 1539 852 habet
1598 784 1873 852 titulus:
1941 812 1972 851 «
2040 788 2278 855 Oratio
2307 786 2669 878 pacheris,

2876 572 3218 645 Dividitur
3257 590 3483 650 autom
3543 584 3654 653 hic
3686 587 4001 659 Psalmus
4049 593 4111 659 in
4169 595 4337 665 duas

2781 790 2866 856 do
2899 799 2964 857 et
3022 800 3504 886 conquerendo
3567 803 3708 894 agit
3737 804 3817 872 de
3883 806 4141 878 defectu
4199 812 4334 881 hu-

2778 920 2995 966 manae
3035 904 3489 974 mortalitatis.
3537 909 3614 976 In
3662 915 3979 994 secunda,
4025 918 4105 986 de
4154 928 4332 990 statu

1109 1002 1187 1068 ni
1222 1002 1545 1091 effuderit
1579 1026 1848 1095 precem
1903 1028 2131 1082 suain,
2186 1029 2221 1066 »
2292 1001 2669 1070 secundum
2774 1008 3167 1077 aeternitatis
3199 1021 3265 1078 et
3303 1014 3806 1098 stabilitatis,ad
3837 1046 4041 1113 quam
4083 1031 4334 1097 transi-

1106 1109 1276 1177 illud
1315 1110 1548 1205 lReg.
1582 1121 1629 1196 i,
1671 1117 1792 1184 15:
1843 1116 2088 1183 Vinum
2137 1121 2201 1178 et
2247 1134 2445 1178 omne
2482 1113 2674 1202 quod
2775 1135 2929 1181 mus
2983 1138 3104 1205 per
3161 1117 3533 1208 Christum,
3591 1125 3709 1203 ibi,
3772 1136 3834 1205 5.
3911 1132 3989 1199 13
4051 1153 4066 1200 ε
4142 1161 4174 1201 α
4223 1139 4322 1206 Τιι

1106 1216 1449 1287 inebriare
1468 1231 1719 1312 potest,
1762 1244 1899 1289 non
1930 1218 2095 1296 bibi,
2126 1219 2251 1286 sed
2266 1220 2488 1309 effudi
2516 1220 2668 1288 ani-

1107 1346 1297 1393 mam
1364 1351 1598 1395 meam
1665 1330 1736 1395 in
1776 1335 2135 1417 conspectu
2183 1328 2497 1393 Domini.
2543 1326 2652 1408 Et,

1098 1431 1349 1516 Thren.
1386 1457 1459 1516 11,
1504 1436 1624 1502 19:
1666 1434 2035 1521 Consta-qe,
2087 1430 2304 1498 lauda
2351 1433 2422 1498 in
2470 1440 2664 1499 nocte

1103 1542 1170 1608 in
1223 1543 1572 1635 principio
1628 1540 2082 1631 viyiliarum:
2157 1540 2435 1630 effunde
2480 1541 2661 1607 sicut

1098 1676 1358 1746 aquam
1414 1673 1532 1719 cor
1588 1658 1788 1717 tuum
1847 1660 2007 1719 ante
2050 1662 2479 1742 conspectum
2523 1652 2661 1717 Do-

1098 1766 1294 1834 mini.

1184 1872 1269 1941 Et
1300 1879 1404 1941 est
1433 1870 1714 1963 quintus
1746 1870 1815 1936 in
1875 1868 2166 1937 Psalmis
2197 1868 2657 1937 Poenitentia-

1097 1982 1297 2050 libus.
1332 1980 1610 2049 Primus
1660 1979 1844 2046 enim
1888 1977 2250 2069 respondet
2292 1978 2658 2046 contritio-

1095 2092 1163 2160 ni
1193 2089 1446 2169 cordis,
1482 2086 1820 2156 secundus
1850 2086 2260 2155 confessioni
2292 2086 2457 2172 oriS,
2522 2094 2652 2155 ter-

1092 2201 1228 2268 tius
1266 2220 1433 2267 vero
1492 2218 1650 2264 cum
1708 2194 1861 2264 aliis
1912 2193 2355 2287 sequentibus
2394 2202 2654 2285 spectat

1091 2308 1175 2378 ad
1231 2306 1767 2377 satisfactionem
1826 2306 2078 2396 operit-3,
2146 2326 2298 2395 quoe
2338 2304 2654 2373 consistit

1092 2417 1161 2484 in
1215 2415 1536 2508 passione
1577 2412 1966 2481 voluntaria
2021 2412 2509 2480 adversitatum
2538 2414 2649 2482 vel

1091 2522 1645 2601 tribulationum,
1676 2520 1785 2590 vel
1819 2520 2158 2589 illatarum
2191 2519 2277 2589 ab
2316 2521 2468 2589 aliis
2496 2545 2512 2589 z
2554 2524 2651 2590 sic

1091 2636 1159 2702 in
1198 2630 1552 2711 tertio,ubi
1578 2630 1825 2699 dicitur
1859 2653 1874 2698 ε
1910 2631 1992 2699 In
2029 2629 2649 2724 floqellaparalus

1085 2766 1240 2811 sum
1262 2766 1286 2810 .·
1318 2740 1427 2811 vel
1459 2739 1724 2832 sibiipsi
1757 2764 1797 2808 a
1836 2740 2063 2831 seipso
2095 2740 2536 2824 inflictarum,
2571 2750 2646 2809 ut

1090 2854 1157 2918 in
1199 2857 1490 2942 quarto:
1533 2847 1642 2917 vel
1702 2849 2163 2916 immissarum
2230 2871 2267 2915 a
2330 2847 2501 2928 Deo,
2575 2849 2644 2917 in

1084 2959 1214 3028 isto
1249 2980 1266 3026 :
1303 2956 1413 3027 vel
1447 2958 1515 3027 in
1547 2957 1728 3026 bona
1790 2953 2185 3025 habitudine
2215 2958 2319 3025 sui
2362 2955 2446 3024 ad
2486 2981 2645 3049 pro·

1084 3068 1378 3151 ximum,
1421 3072 1498 3134 ut
1536 3064 1605 3134 in
1652 3065 2096 3156 sequentibus
2162 3063 2473 3134 duobus:
2538 3069 2644 3134 De

1072 3175 1478 3268 profundis,
1509 3182 1603 3255 et,
1635 3172 2224 3259 Domine,eoeaudi
2258 3175 2640 3243 orationem

1077 3306 1300 3353 meam
1324 3307 1347 3352 .·
1387 3282 1681 3352 auribus
1712 3283 2011 3376 percipe,
2054 3290 2183 3352 etc.
2211 3293 2260 3352 ¹.

1072 3591 1198 3647 tion
1246 3588 1322 3647 de
1370 3604 1523 3646 ceux
1570 3586 1646 3644 de
1678 3587 1883 3656 David,
1918 3589 2083 3646 n'ont
2114 3589 2340 3661 jamais
2369 3594 2633 3664 manque

1070 3680 1262 3753 parmi
1290 3677 1348 3736 le
1388 3677 1606 3752 peuple
1649 3678 1725 3734 dc
1766 3678 1935 3747 Dieu,
1964 3678 2162 3735 nieme
2215 3679 2252 3736 a
2305 3678 2628 3753 Babylone.

1070 3773 1149 3830 ici
1180 3771 1236 3829 le
1268 3769 1581 3845 psalmisto
1619 3770 1787 3842 parte
1816 3768 1891 3826 de
1939 3786 2035 3827 ses
2085 3773 2459 3829 soufl'rances
2489 3789 2627 3846 per·

1068 3858 1398 3929 sonnelles,
1430 3860 1585 3918 mais
1624 3875 1721 3916 ses
1746 3862 2114 3917 soufl'rances
2142 3867 2249 3918 ont
2273 3879 2427 3935 pour
2445 3878 2627 3920 cause

1064 3950 1228 4008 l'etat
1254 3948 1578 4007 miserable
1598 3948 1821 4022 auquel
1846 3956 1936 4005 est
1961 3949 2193 4006 reduite
2225 3955 2388 4010 toute
2420 3967 2486 4009 sa
2518 3969 2623 4009 na·

1061 4040 1189 4097 tion
1215 4056 1233 4103 ς
1264 4043 1399 4096 tout
1430 4054 1505 4094 en
1559 4036 1798 4111 pariant
1845 4055 1921 4095 en
1974 4055 2083 4096 sou
2130 4056 2349 4115 propre
2380 4058 2548 4108 nom,
2579 4042 2622 4098 il

1065 4128 1291 4186 tournit
1337 4127 1497 4185 donc
1553 4127 1588 4184 a
1635 4144 1733 4185 scs
1763 4126 2154 4186 malbeureux
2193 4132 2623 4206 compatriotes

1058 4237 1178 4280 une
1207 4221 1407 4295 priere
1445 4237 1565 4295 que
1596 4219 1830 4277 chacun
1861 4218 2035 4279 d’eux
2082 4237 2304 4295 pout-ra
2344 4221 2624 4282 adresser

1058 4309 1339 4368 ale-bova
1379 4309 1463 4366 du
1500 4307 1645 4366 fond
1691 4306 1769 4364 de
1800 4308 1982 4367 l'exil.
2031 4311 2118 4368 On
2169 4312 2500 4386 compi-end
2538 4313 2620 4371 du

1057 4405 1216 4458 reste
1246 4397 1393 4473 qu'il
1445 4414 1522 4456 ne
1578 4397 1821 4472 pouvait
1847 4398 1997 4456 faire
2026 4399 2227 4475 parler
2254 4400 2315 4460 la
2342 4418 2617 4461 commu·

1057 4489 1238 4548 naute
1281 4488 1437 4547 daus
1484 4504 1563 4546 un
1614 4494 1806 4563 temps
1858 4492 1934 4545 ou
1985 4488 2041 4546 le
2087 4489 2249 4548 culte
2291 4490 2617 4568 litun-nique

1054 4578 1201 4637 etait
1248 4578 1648 4652 interrempu,
1694 4584 1755 4635 et
1800 4580 1877 4634 οὐ
1923 4576 2012 4636 les
2048 4581 2264 4655 captit's
2286 4581 2619 4641 refusaient

1052 4667 1127 4723 de
1182 4666 1332 4724 faire
1387 4664 1681 4724 entendre
1740 4665 1829 4724 les
1882 4666 2137 4740 hymnes
2175 4668 2252 4727 de
2306 4671 2449 4731 Sion
2497 4689 2614 4732 aux

1051 4755 1299 4815 oreilles
1328 4754 1403 4813 de
1437 4755 1606 4813 leurs
1634 4757 2042 4831 conquerants
2066 4773 2128 4814 :-
2155 4761 2435 4826 Quomodo
2471 4780 2618 4821 con-

1050 4848 1290 4904 ‘abimus
1362 4845 1642 4904 canticum
1701 4847 1923 4904 Domini
1982 4850 2039 4906 in
2121 4856 2274 4907 terra
2314 4853 2554 4911 alienu?
2583 4879 2612 4906 ω

1048 4936 1214 4996 Psal.
1244 4952 1476 5004 cxxxvi,
1503 4938 1561 4993 ⁴.

1122 5028 1201 5087 Le
1233 5026 1373 5085 titre
1403 5025 1586 5102 qu‘ou
1618 5025 1687 5084 lit
1729 5043 1805 5084 en
1835 5027 2063 5086 bebi-eu
2093 5035 2154 5086 et
2176 5028 2328 5088 dans
2358 5029 2447 5088 les
2479 5050 2612 5090 ver·

1048 5116 1216 5176 sions
1245 5121 1337 5174 est
1367 5132 1487 5176 une
1510 5115 1855 5191 adaptation
1873 5120 2242 5193 posterieure
2260 5121 2341 5179 du
2359 5138 2610 5197 psaume

1047 5206 1082 5264 a
1126 5205 1234 5264 des
1271 5206 1721 5266 circonstances
1770 5206 1907 5283 plus
1934 5210 2284 5282 generales:
2335 5235 2365 5262 ··
2401 5212 2608 5273 Priere

1045 5294 1126 5353 du
1154 5311 1375 5370 paurre
1423 5295 1696 5372 lorsqu'il
1725 5303 1818 5355 est
1843 5297 2106 5369 accable,
2143 5305 2203 5356 et
2243 5317 2360 5374 que
2389 5301 2612 5360 devant

1044 5385 1266 5442 sebove
1323 5383 1364 5441 il
1423 5385 1652 5460 repand
1705 5403 1772 5445 sa
1824 5387 2073 5462 plainte.
2104 5409 2135 5441 n
2193 5391 2280 5448 En
2319 5407 2386 5448 ce
2438 5408 2605 5462 sens,

1047 5497 1077 5527 ιι
1109 5473 1390 5532 convenit
1440 5478 1502 5529 et
1554 5474 1803 5532 cuilibet
1856 5494 1992 5535 cum
2035 5477 2237 5553 aliqua
2260 5479 2605 5540 calamitate

1045 5587 1075 5614 α
1108 5562 1384 5633 luctanti,
1402 5568 1461 5621 et
1489 5562 1752 5623 divinam
1783 5584 1959 5640 opem
1988 5573 2055 5625 ut
2078 5577 2485 5643 consequatur
2506 5571 2608 5630 ob-

1055 5673 1087 5701 n
1119 5653 1401 5712 secr-anti.
1435 5676 1468 5706 n
1498 5653 1723 5712 Theod.

1115 5743 1361 5802 Comme
1406 5749 1541 5801 tous
1583 5743 1672 5802 les
1701 5761 1982 5820 psaumes
2009 5745 2116 5805 des
2154 5753 2349 5825 temps
2377 5751 2601 5811 voisins

2773 1232 3025 1304 autem,
3060 1228 3377 1296 Domine.
3408 1259 3437 1291 υ

2858 1331 2933 1399 In
2976 1335 3197 1422 prima
3255 1336 3418 1404 duo.
3472 1339 3734 1421 Prim0,
3780 1355 3930 1415 orat
3982 1353 4323 1443 tangendo

2768 1439 2840 1505 in
2868 1441 3238 1510 universali
3271 1442 3650 1515 humanam
3683 1454 4055 1539 miseriam,
4081 1467 4148 1526 et
4176 1483 4326 1529 mu-

2765 1547 3194 1619 tabilitatem.
3248 1553 3592 1638 Secundo,
3636 1562 3980 1650 specificat
4025 1589 4146 1656 per
4164 1592 4325 1660 par-

2763 1662 2888 1738 tes,
2929 1668 3183 1749 quanta
3224 1663 3310 1729 sit
3368 1662 3673 1734 humana
3740 1673 4182 1755 mutabilitas,
4254 1686 4321 1746 et

2763 1766 3061 1849 miseria,
3099 1769 3218 1849 ibi,
3251 1778 3316 1846 5.
3362 1772 3444 1840 4:
3486 1776 3669 1860 Quia
3699 1777 4110 1868 defecerunt.
4149 1770 4182 1851 a

2853 1875 2929 1942 ln
2967 1879 3193 1966 prima
3250 1879 3416 1950 duo.
3460 1882 3723 1968 Primo,
3785 1889 3954 1979 petit
3990 1900 4065 1958 ut
4103 1916 4321 1963 exau-

2761 1981 3008 2051 diatur.
3056 1983 3403 2073 SecundO,
3463 1993 3760 2062 ostendit
3825 1997 4108 2067 modum
4177 2025 4314 2093 quo

2763 2088 2909 2158 vult
2946 2093 3278 2174 exaudiri,
3323 2096 3441 2178 ibi,
3480 2123 3515 2165 e
3555 2100 3654 2168 Et
3680 2102 3970 2174 clamor.
4010 2131 4043 2173 »

2852 2408 3022 2479 Dicit
3061 2436 3268 2505 ergo:
3318 2445 3353 2482 κ
3393 2421 3717 2503 Domine,
3766 2453 3799 2489 n
3869 2430 4028 2520 quia
4082 2446 4301 2523 potes,

2757 2541 2790 2576 «
2832 2519 3115 2601 exaudi,
3154 2549 3187 2585 n
3220 2524 3306 2591 ad
3338 2525 3654 2598 effectum
3682 2532 3866 2613 audi,
3910 2538 4016 2606 vel
4048 2541 4117 2607 in
4167 2545 4306 2612 exi·
4333 2559 4495 2607 Pfim·
4536 2576 4652 2623 rur·

2753 2628 2824 2689 tu
2855 2624 2935 2693 dc
2967 2650 3280 2719 corpore,
3316 2634 3421 2701 vel
3455 2635 3537 2705 «le
3572 2640 3861 2729 mundo,
3896 2670 3929 2709 a
3964 2650 4243 2736 maiali,
4265 2679 4299 2714 >2

2749 2738 2913 2801 tunc
2981 2738 3163 2806 enim
3233 2748 3507 2835 tempus
3591 2757 3721 2829 est,
3802 2782 3833 2813 «
3925 2759 4298 2827 orationem

2751 2865 2996 2912 meam.
3039 2873 3069 2909 i>
3109 2847 3378 2929 Judith,
3414 2876 3506 2932 ix,
3553 2857 3666 2924 17:
3710 2860 4055 2932 Dominus
4091 2870 4301 2936 totius

2747 2962 3100 3040 creaturae,
3132 2960 3397 3027 exaudi
3422 2984 3529 3031 me
3565 2965 3889 3036 miseram
3927 2971 4300 3065 deprecan-

2745 3066 2903 3136 tem,
2947 3070 3011 3127 et
3055 3063 3140 3130 de
3187 3074 3315 3134 tua
3371 3069 3849 3143 misericordia
3879 3100 4297 3171 pra-sumen-

2743 3174 2901 3237 lem.

2736 3590 2811 3649 de
2840 3592 2897 3650 la
2925 3596 3227 3670 captivite,
3267 3601 3512 3662 celui-ci
3565 3605 3743 3665 laisse
3792 3617 4090 3674 entreroir
4139 3618 4290 3678 dans

2734 3681 2981 3743 t'aveuir
3021 3685 3082 3745 la
3126 3688 3318 3764 gleire
3363 3694 3722 3756 universelle
3781 3701 3856 3760 de
3901 3705 4119 3767 lebera
4172 3728 4289 3784 que

2734 3778 2868 3829 tous
2909 3773 2996 3833 les
3025 3778 3277 3853 peuples
3308 3788 3761 3847 reconnaltront
3808 3797 3868 3850 et
3914 3795 4288 3859 celebrerent

2732 3863 3062 3922 ensemble.
3087 3868 3233 3926 Nais
3263 3878 3417 3930 cette
3447 3874 3636 3950 gleire
3673 3877 3873 3939 future
3905 3884 4056 3943 n'est
4085 3891 4286 3962 possi·

2728 3948 2827 4008 ble
2855 3969 2973 4026 que
3013 3955 3063 4012 si
3120 3957 3276 4016 dans
3332 3959 3388 4018 le
3438 3967 3686 4037 present
3733 3969 3880 4028 Dieu
3924 3971 4146 4035 ‹tc-livre
4176 3996 4284 4037 son

2728 4042 2984 4117 peuple:
3020 4047 3172 4106 Dieu
3215 4056 3309 4107 est
3351 4054 3630 4127 puissant
3674 4065 3735 4116 et
3791 4062 4041 4133 eternel,
4086 4069 4285 4130 tandis

2725 4145 2843 4200 que
2875 4130 2963 4190 les
2993 4131 3271 4193 hommes
3300 4147 3441 4196 sont
3496 4141 3711 4201 faibles
3759 4153 3819 4204 et
3859 4166 4209 4229 passages-⁸3
4240 4156 4282 4215 il

2724 4233 2870 4276 aura
2927 4219 3084 4279 donc
3132 4225 3279 4297 pitie
3327 4227 3405 4286 de
3462 4229 3520 4288 la
3577 4234 3929 4307 generation
3962 4247 4281 4316 presente:

2723 4310 2896 4384 grace
2925 4311 2962 4369 a
3000 4328 3067 4370 sa
3096 4314 3419 4387 puissance
3448 4326 3512 4377 et
3537 4320 3575 4379 a
3634 4339 3701 4381 sa
3755 4324 3959 4397 boute,
4014 4331 4072 4389 la
4126 4334 4278 4393 deli·

2723 4415 2936 4460 vrance
2966 4408 3060 4461 est
3086 4408 3355 4464 assui-ee.

2793 4492 2870 4549 La
2895 4495 3154 4554 seconde
3184 4498 3378 4571 partie
3406 4499 3487 4558 du
3514 4520 3788 4578 psaume,
3829 4509 3921 4579 ἣ.
3954 4514 4143 4586 13-29,
4175 4517 4282 4577 de·

2718 4581 2833 4638 crit
2858 4598 2940 4641 un
2970 4584 3178 4644 avenir
3220 4587 3325 4661 qui
3357 4588 3564 4650 n'aura
3594 4594 3670 4654 de
3701 4598 3912 4656 realite
3938 4618 4054 4675 que
4085 4622 4194 4680 par
4222 4606 4280 4666 le

2720 4674 2901 4744 regne
2957 4675 3034 4733 de
3077 4677 3487 4739 lesus-Christ
3537 4689 3597 4741 et
3656 4684 3714 4744 la
3764 4693 4114 4753 conver-sion
4171 4696 4281 4756 des

2716 4762 2957 4835 gentils.
2993 4764 3068 4822 Le
3094 4783 3345 4840 psaume
3375 4776 3469 4828 est
3503 4772 3662 4832 donc
3705 4779 4113 4858 messianique
4136 4804 4278 4847 sous

2716 4867 2785 4907 ce
2815 4861 3080 4927 rapport.
3108 4856 3167 4913 S.
3197 4858 3369 4931 Paul,
3398 4859 3478 4919 ad
3531 4862 3710 4923 flebr.
3747 4882 3788 4934 ι.
3824 4871 4007 4940 1042.
4037 4873 4159 4934 voit
4180 4876 4277 4936 di·

2715 4948 3052 5003 rectement
3080 4944 3137 5003 le
3177 4947 3297 5006 Piis
3343 4949 3419 5008 de
3450 4952 3599 5011 Dieu
3647 4953 3801 5015 daus
3855 4959 3944 5020 les
4002 4962 4277 5028 derniers

2713 5038 2940 5091 versets
2981 5033 3062 5092 du
3111 5052 3385 5111 psaume.
3420 5042 3497 5099 La
3528 5041 3870 5106 ‹telin-auce
3893 5049 3968 5110 de
3997 5051 4056 5111 la
4083 5056 4278 5131 capti·

2709 5121 2828 5178 vite
2857 5123 3005 5181 etait
3035 5123 3095 5183 la
3126 5125 3317 5202 figure
3356 5128 3432 5187 de
3477 5131 3537 5189 la
3582 5134 3963 5212 redemption
3993 5144 4274 5217 generale

2710 5213 2793 5271 du
2829 5230 3013 5289 genre
3041 5216 3292 5278 humain
3315 5237 3424 5295 par
3446 5222 3845 5290 l’aveuement
3872 5232 3953 5291 du
3982 5235 4270 5310 Sauveur,

2712 5393 2864 5452 dans
2891 5395 3124 5471 chaque
3153 5397 3290 5457 ame
3319 5418 3429 5474 par
3455 5403 3516 5462 la
3559 5408 3915 5481 penitence;
3947 5413 4090 5475 c'est
4117 5435 4272 5493 pour

2711 5490 2868 5543 cette
2906 5487 3109 5544 raison
3143 5504 3262 5562 que
3295 5480 3532 5568 l‘Eglise
3581 5513 3616 5553 a
3664 5499 3780 5557 mis
3822 5519 3891 5559 ce
3916 5520 4162 5578 psaume
4190 5525 4267 5567 au

2714 5572 2970 5633 nombre
2996 5573 3106 5633 des
3133 5578 3575 5652 penitentiam.

2783 5665 2801 5701 ¹
2835 5662 2992 5722 Psal.
3024 5681 3193 5724 cxxix
3225 5673 3286 5726 et
3308 5685 3479 5728 exui.

4386 2615 4582 2664 Psalmi.
