5008 6329
2377 334 2801 435 PSALMUS
2852 335 2994 402 cx.

1222 511 1340 577 Ait
1380 509 1562 576 enim
1609 531 1622 574 :
1662 507 1770 576 Sic
1799 508 1973 575 bibit
2004 510 2084 577 do
2115 517 2443 584 torrento,
2468 506 2676 595 pleno

1133 618 1410 697 haustu,
1435 645 1465 676 «
1495 627 1853 707 propterea
1884 614 2246 695 exaltabit,
2273 639 2303 677 ι)
2342 615 2408 678 in
2434 611 2677 686 allum,

1135 725 1458 792 audacter
1514 723 1839 791 elevando
1887 748 1920 786 α
1973 730 2206 810 caput,
2246 743 2275 782 n
2327 726 2681 804 tamquam

1132 833 1375 900 victor.
1442 830 1594 908 Vol,
1665 830 1994 896 Dominus
2080 823 2405 892 exaltabit
2480 829 2683 911 eaput

1134 942 1368 1031 ipsius.
1426 939 1533 1005 Ad
1588 936 1836 1024 Philip.
1887 957 1958 1012 11,
2007 934 2046 999 8
2086 939 2153 999 et
2191 934 2229 999 9
2269 954 2283 997 :
2318 931 2685 999 Humilia-

1132 1052 1228 1117 υἰι
1255 1048 1722 1137 semetipsum,
1753 1045 1984 1132 lactus
2040 1040 2376 1121 obediens,
2430 1039 2685 1107 scilicet

1129 1156 1343 1232 Patri,
1385 1175 1597 1243 usque
1636 1151 1733 1218 ad
1767 1161 2075 1228 mortem,
2116 1159 2403 1216 mortem
2450 1156 2680 1214 autem

1130 1265 1371 1333 crucis.
1409 1264 1701 1351 Propter
1755 1259 1941 1350 quod
1984 1269 2046 1326 et
2101 1261 2289 1326 Deus
2345 1256 2684 1324 exaltavit

1129 1373 1367 1455 illum,
1402 1379 1532 1441 olo.
1580 1370 1785 1438 Eccli.
1821 1393 1917 1448 ιιι,
1958 1372 1981 1435 1
2039 1389 2054 1438 t
2125 1369 2490 1457 Sapientia
2557 1365 2683 1431 leu-

1129 1481 1399 1551 miliati
1436 1480 1777 1548 exallabit
1832 1487 2039 1568 caput
2084 1477 2323 1566 ipsius.
2377 1473 2487 1555 Et,
2559 1496 2678 1558 xx,

1132 1592 1206 1657 11
1250 1613 1266 1657 :
1303 1591 1431 1658 Est
1467 1589 1590 1678 qui
1617 1586 1704 1654 ab
1733 1585 2129 1653 humilitate
2161 1582 2410 1652 levabit
2440 1592 2672 1674 caput.

4222 337 4345 402 169

2793 504 2866 570 Si
2895 506 2988 570 sic
3022 505 3332 592 oportuit
3361 506 3501 593 pali
3542 504 3920 587 Christum,
3966 511 4033 569 et
4082 505 4174 569 ita
4240 505 4350 570 in-

2789 618 2968 677 trare
3010 611 3075 676 in
3119 611 3412 699 gloriam
3452 635 3676 694 suam,
3712 619 3974 680 eertum
4005 618 4131 689 esi,
4166 611 4348 699 quod

2792 741 2912 786 nec
2955 742 3079 786 nos
3111 718 3518 785 intrabimus
3550 721 3679 786 nisi
3714 742 3835 809 per
3863 718 4343 786 humilitatem.

2790 832 2954 899 Lu‘0.
3002 856 3143 912 xw,
3185 834 3257 899 11
3296 840 3363 898 ot
3398 854 3591 912 xvm,
3639 832 3716 897 14
3760 852 3775 897 t
3830 831 3968 914 Qui
4003 853 4075 896 se
4111 830 4348 896 leumi-

2795 939 2948 1022 liat,
2992 938 3450 1017 exaltabitur,
3495 947 3559 1006 et
3591 936 3993 1015 elevabitur,
4029 943 4098 1003 el
4133 934 4350 1003 subli-

2794 1047 2922 1113 mis
2963 1048 3089 1113 erit
3119 1045 3343 1130 valde,
3377 1045 3662 1112 affectus
3699 1047 3805 1112 sui
3846 1066 4003 1112 cum
4057 1042 4199 1110 Deo
4233 1043 4352 1109 lir-

2791 1154 3100 1219 missima
3137 1154 3647 1240 conjunctione.
3705 1152 3866 1220 Ilaeo
3931 1161 4032 1220 est
4104 1150 4346 1242 gloria,

2793 1259 2873 1328 de
2906 1283 3042 1350 qua
3068 1260 3228 1343 Job,
3271 1283 3441 1345 xxu,
3477 1263 3562 1329 29
3603 1284 3618 1327 :
3659 1261 3800 1345 Qui
3831 1268 4062 1327 autem
4123 1258 4353 1325 leumi-

2797 1370 3010 1437 liatus
3046 1370 3290 1458 luerit,
3343 1370 3472 1435 erit
3538 1370 3611 1435 in
3663 1367 3926 1457 qloria,
3995 1366 4080 1433 ad
4146 1388 4349 1456 quam

2795 1500 2920 1544 nos
2961 1475 3311 1567 perducat,
3348 1485 3478 1544 ote.

2404 2142 2867 2217 PSALMUS
2919 2141 3074 2214 CX.

1670 2486 1955 2557 Laudat
1995 2456 2218 2556 Deuni
2247 2486 2333 2557 ob
2371 2484 2735 2580 beneficia,
2768 2494 2834 2555 et
2877 2484 3138 2554 incitat
3166 2481 3265 2554 ad
3300 2485 3454 2572 ejus
3491 2483 3852 2554 timorem.

1726 2852 2069 2925 Alleluia.

1194 2986 1250 3030 ι.
1307 2957 1732 3032 Confitebor
1788 2960 1946 3041 tibi,
2000 2960 2334 3040 Domine,
2398 2959 2470 3030 in
2533 2975 2686 3028 toto

1405 3065 1696 3137 cordem
1720 3089 1829 3148 eo,
1863 3065 1936 3136 in
1969 3065 2275 3136 consilio
2296 3063 2682 3156 justorum,

1415 3190 1484 3244 et
1522 3171 2100 3267 congregatione.

1196 3305 1263 3353 2.
1315 3283 1578 3375 Magna
1618 3305 1831 3375 opera
1867 3280 2188 3359 Domini,
2223 3279 2578 3373 exquisita
2611 3280 2680 3349 in

1411 3411 1665 3460 omnes
1695 3391 2095 3460 voluntates
2125 3388 2304 3478 ejus.

1190 3500 1257 3567 3.
1308 3494 1690 3569 Confessio
1750 3516 1820 3567 et
1886 3494 2418 3589 magnificentia
2495 3516 2683 3586 opus

1411 3605 1566 3697 ejus
1624 3631 1640 3676 ε
1682 3624 1748 3677 et
1792 3606 2066 3695 justitia
2115 3605 2269 3695 ejus
2317 3621 2560 3675 manet
2608 3602 2682 3673 in

1420 3714 1765 3786 saeculum
1799 3714 2066 3784 saeculi.

1191 3847 1260 3914 4.
1316 3824 1746 3895 Memoriam
1802 3821 1966 3894 fecit
2016 3820 2467 3892 mirabilium
2519 3841 2697 3890 suo-

1420 3954 1607 4013 rum,
1676 3931 2084 4003 misericors
2166 3947 2235 4000 et
2313 3911 2713 4000 miserator*

1426 4039 1804 4111 Dominus.

1193 4154 1259 4222 5.
1316 4147 1576 4218 Escam
1614 4145 1813 4217 dedit
1855 4145 2276 4218 timentibus
2317 4168 2414 4216 se.

1325 4258 1607 4330 Memor
1634 4254 1771 4330 erit
1806 4256 1878 4326 in
1901 4255 2250 4327 soeculum
2281 4255 2691 4326 testamenti

1421 4367 1560 4439 sui.

1197 4478 1268 4547 6.
1323 4475 1684 4547 Virtutem
1716 4494 2021 4567 operum
2069 4493 2372 4544 suorum
2403 4493 2696 4542 annun·

1421 4581 1632 4654 tiabit
1672 4581 1946 4674 populo
1979 4603 2139 4664 suo,

1223 4848 1240 4884 ¹
1271 4847 1548 4907 Proverb.
1572 4864 1614 4915 ι,
1646 4850 1679 4903 7
1716 4853 1776 4904 et
1804 4863 1885 4915 tx,
1917 4848 1986 4904 ¹0
2015 4865 2033 4916 ς
2064 4847 2243 4905 Eccli.
2277 4862 2318 4919 ι,
2353 4850 2440 4905 ¹⁸.

2842 2879 2909 2947 7.
2968 2855 3070 2928 Ut
3101 2855 3223 2924 det
3264 2852 3409 2923 illis
3443 2850 3942 2922 haereditatem
3992 2843 4345 2940 gentium.

3066 2959 3311 3054 Opera
3352 2978 3711 3030 manuum
3756 2955 3914 3046 ejus
3973 2953 4237 3025 veritas
4284 2966 4353 3020 et

3067 3065 3448 3156 judicium.

2839 3179 2908 3249 8.
2969 3175 3243 3247 Fidelia
3274 3173 3522 3246 omnia
3561 3172 3907 3246 mandata
3954 3170 4137 3262 ejus,
4179 3190 4356 3238 con-

3063 3284 3346 3354 firmata
3459 3282 3533 3353 in
3631 3280 3983 3351 saeculum
4078 3274 4349 3355 saeculi,

3066 3389 3250 3462 facta
3364 3391 3437 3460 in
3550 3388 3854 3460 veritate
3956 3402 4027 3455 et
4127 3380 4358 3475 oequi-

3064 3517 3232 3570 tate.

2841 3631 2911 3701 9.
2969 3605 3584 3698 Redemptionem
3627 3603 3830 3676 misit
3867 3602 4138 3696 populo
4170 3623 4303 3671 suo
4338 3620 4353 3665 :

3075 3712 3443 3785 mandavit
3486 3712 3558 3785 in
3593 3730 3952 3784 aeternum
3980 3726 4359 3781 testamen·

3075 3840 3234 3893 tum
3267 3842 3512 3893 suum.

2985 3929 3338 4003 Sanctum
3377 3948 3449 4002 et
3496 3927 3820 4002 terribile
3871 3947 4135 3998 nomen
4178 3922 4356 4013 ejus.

2816 4064 2923 4110 ιο.
2979 4039 3285 4111 Initium
3318 4036 3695 4132 sapientiae
3717 4036 3944 4108 timor
3976 4030 4270 4105 Domini
4299 4030 4361 4101 ¹:

2987 4148 3408 4220 Intellectus
3439 4146 3682 4247 bonus
3711 4142 4061 4218 omnibus
4100 4141 4365 4213 iacien-

3073 4258 3273 4331 tibus
3303 4279 3499 4329 eum.

2978 4368 3336 4440 Laudatio
3380 4366 3538 4457 ejus
3586 4382 3836 4437 manet
3890 4364 3966 4434 in
4019 4359 4367 4432 saeculum

3073 4474 3346 4546 saeculi.
