5008 6329
2241 197 2950 268 COMMENTARIUS
3000 197 3094 265 IN
3142 197 3577 269 PSALMUM
3626 199 3799 268 CIV.

1415 373 1541 451 tiis,
1574 371 2020 463 Philosophis
2051 371 2306 441 scilicet
2332 372 2716 441 infidelibus
2747 378 2968 438 extor-

1417 477 1681 568 quenda
1722 492 1910 561 sunt,
1955 488 2020 548 et
2052 481 2397 572 rapienda.
2441 480 2867 571 Augustinus
2898 477 2968 542 in

1414 587 1580 653 libro
1622 587 1705 655 de
1733 591 2075 656 Doctrina
2137 592 2537 660 Christiana
2589 611 2609 653 .·
2657 617 2687 651 «
2735 583 2964 652 Philo-

1418 694 1679 784 «sophi
1751 699 1808 763 si
1876 698 2051 767 forte
2113 699 2342 790 aliqua
2405 720 2568 766 vera
2653 696 2968 762 dixerunt

1415 829 1445 867 α
1479 805 1632 871 fidei
1707 817 1964 876 nostroe
2024 808 2493 884 accommoda,
2537 803 2967 872 formidanda

1413 936 1610 981 «non
1669 925 1855 1000 sunt,
1923 919 2042 987 sed
2099 916 2184 986 ab
2242 917 2426 1006 ipsiS,
2488 922 2838 1005 tamquam
2879 912 2963 981 ab

1420 1022 1742 1111 «injustis
1806 1025 2317 1117 possessoribus
2394 1031 2554 1090 sunt
2620 1024 2689 1089 in
2762 1045 2963 1090 usum

1415 1155 1444 1194 α
1480 1141 1791 1200 nostrum
1861 1131 2297 1210 vindicanda,
2369 1131 2542 1198 sicut
2596 1153 2836 1198 aurum
2876 1129 2960 1197 ab

1411 1265 1441 1302 a
1478 1239 1825 1332 AEgyptiis
1855 1244 1927 1309 in
1960 1241 2315 1308 meliorem
2348 1262 2548 1306 usum
2581 1239 2709 1306 sibi
2738 1238 2961 1306 vindi-

1410 1374 1440 1412 «
1476 1356 1802 1417 caverunt
1844 1348 1967 1415 filii
2002 1347 2210 1415 lsrael
2235 1349 2276 1415 ¹.
2326 1375 2359 1411 ι)

1492 1591 1525 1627 κ
1596 1565 1695 1631 Et
1759 1587 1899 1631 non
1960 1575 2131 1633 erat.
2205 1592 2238 1626 »
2311 1564 2483 1631 Ecce
2550 1563 2950 1631 secundum.

1402 1670 1609 1750 Quasi
1641 1671 1900 1741 diceret
1945 1695 1960 1740 ε
1998 1672 2112 1740 Sic
2179 1675 2488 1740 exierunt
2530 1671 2950 1761 locupletes:

1398 1787 1462 1845 et
1499 1781 1706 1848 etiam
1739 1781 1917 1866 sani,
1965 1782 2125 1870 quia
2158 1808 2193 1843 α
2234 1802 2373 1847 non
2430 1789 2578 1847 erat
2627 1780 2695 1845 in
2728 1778 2956 1847 tribu-

1397 1884 1518 1953 bus
1575 1909 1813 1955 eorum
1874 1887 2222 1976 infirmus.
2283 1912 2316 1952 n
2396 1885 2767 1954 Deuteron.
2829 1909 2949 1968 vn,

1401 1996 1476 2061 13
1533 2017 1548 2062 ε
1591 1997 1884 2085 Auferet
1923 1997 2265 2064 Dominus
2296 2018 2339 2063 a
2371 2005 2435 2061 te
2461 2019 2729 2062 omnem
2789 1995 2953 2063 lan-

1391 2125 1701 2191 quorem,
1772 2112 1838 2172 et
1913 2103 2353 2192 infirmitates
2390 2105 2698 2196 ,aegypti
2723 2105 2952 2195 pessi-

1394 2232 1568 2277 mas.
1606 2209 1722 2277 Sic
1761 2232 1903 2279 non
1933 2218 2200 2280 tantum
2230 2210 2473 2279 divites
2504 2212 2573 2278 in
2618 2211 2950 2302 sapientia

1395 2325 1459 2383 et
1497 2315 1917 2408 eloquentia,
1962 2317 2079 2386 sed
2120 2318 2324 2386 fortes
2351 2319 2417 2385 in
2459 2319 2710 2386 virtute
2753 2328 2820 2386 et
2847 2342 2950 2386 sa·

1395 2446 1518 2491 nos
1547 2448 1711 2492 suos
1741 2425 1970 2494 educit
2035 2424 2396 2493 DominuS.
2441 2424 2572 2493 Isa.
2630 2448 2739 2505 xa,
2804 2428 2878 2493 31
2926 2448 2942 2494 z

1397 2534 1532 2618 Qui
1568 2542 1851 2625 sperant
1890 2534 1960 2601 in
1992 2535 2314 2611 Domino,
2377 2533 2747 2602 mutabunt
2789 2536 2946 2624 sor-

1395 2645 1786 2713 titudinem.

1483 2997 1516 3034 «
1548 2972 1821 3039 Laetata
1851 2978 1949 3036 est
1975 2970 2357 3060 squptus.
2398 2993 2429 3032 »
2464 2968 2592 3036 llic
2622 2975 2939 3060 quartum

1393 3080 1598 3149 totius
1637 3079 1844 3173 hujus
1872 3080 2109 3172 partis,
2153 3080 2221 3147 in
2261 3102 2396 3171 qua
2435 3081 2661 3171 agitur
2699 3079 2780 3146 de
2819 3077 2937 3147 be·

1394 3189 1634 3258 nefieio
1677 3191 1746 3257 in
1778 3191 2086 3280 ipsorum
2127 3187 2527 3257 liberatione
2566 3187 2650 3258 de
2677 3188 2939 3281 AEgyp·

1390 3305 1480 3365 te.
1544 3295 1927 3390 Postquam
1984 3297 2167 3366 enim
2227 3297 2524 3366 ostendit
2590 3319 2711 3388 per
2763 3320 2936 3388 quos

1388 3405 1637 3495 egressi
1693 3414 1879 3484 sunt,
1942 3413 2009 3473 et
2073 3428 2193 3497 per
2230 3428 2406 3497 quac,
2448 3412 2517 3473 et
2554 3403 2928 3495 quomodo,

1385 3510 1677 3580 ostendit
1726 3511 1894 3604 quid
1931 3522 2241 3581 secutum
2281 3514 2365 3580 sit
2411 3513 2482 3579 in
2522 3511 2657 3579 illis
2694 3533 2734 3579 a
2773 3511 2934 3604 qui-

1381 3617 1504 3687 bus
1569 3627 2020 3698 recesserunt,
2064 3620 2224 3712 quia
2289 3617 2519 3687 laetitia
2589 3626 2718 3687 :et
2774 3627 2933 3686 tan·

1380 3736 1631 3815 guntur
1673 3726 1838 3795 duo.
1903 3724 2083 3805 Quia
2139 3725 2374 3794 laetitia
2422 3727 2669 3818 primo,
2722 3734 2789 3795 et
2817 3749 2930 3795 se-

1377 3835 1596 3906 cundo
1617 3859 1825 3906 causa
1851 3833 2259 3918 laetitiae,ibi‚
2280 3862 2311 3899 ιι
2334 3837 2518 3920 Quia
2540 3834 2922 3904 incubuit.»

1458 3944 1641 4013 Dicit
1692 3967 1861 4037 ergo
1914 3966 1932 4010 :
1977 3941 2092 4011 Sic
2129 3944 2436 4012 exierunt
2466 3943 2549 4011 de
2586 3943 2920 4036 AEgypto,

1375 4060 1437 4121 et
1473 4062 1638 4121 tunc
1686 4081 1720 4114 «
1772 4052 2009 4121 taetata
2048 4062 2146 4119 est
2201 4054 2585 4143 Az‘yyptuS.
2620 4080 2651 4117 s
2710 4051 2924 4122 Meto·

1374 4160 1635 4252 nymia,
1695 4161 2058 4229 continens
2105 4182 2231 4252 pru
2278 4170 2628 4243 contento,
2698 4162 2763 4229 id
2792 4170 2918 4244 est,

1372 4267 1705 4360 AEgypni,
1779 4293 1813 4332 ι
1896 4267 1965 4334 in
2024 4268 2450 4360 profectione
2511 4267 2828 4347 illorum,
2881 4295 2915 4331 n

1369 4378 1620 4447 scilicet
1650 4375 1955 4447 liliorum
1995 4375 2226 4447 lsrael.
2297 4377 2382 4445 Et
2437 4379 2669 4447 statim
2702 4377 2914 4460 addit,

1369 4509 1576 4578 quare
1632 4487 1842 4557 laetati
1896 4496 2106 4557 sunt:
2155 4515 2190 4553 ι
2242 4489 2410 4581 quia
2466 4487 2779 4558 incubuit
2832 4489 2916 4556 ti·

1365 4619 1513 4665 mor
1564 4618 1831 4675 eorum,
1899 4625 1933 4658 κ
2004 4595 2253 4665 scilicet
2321 4596 2618 4666 liliorum
2679 4595 2912 4677 lsrael,

1366 4734 1396 4765 «ι
1425 4727 1637 4796 snper
1663 4726 1804 4782 eos,
1836 4729 1874 4767 x
1922 4704 2177 4773 scilicet
2221 4703 2614 4797 AEgyptioS,
2676 4704 2743 4775 id
2782 4716 2909 4787 est,

1362 4836 1475 4883 eos
1513 4824 1699 4883 totos
1727 4814 2017 4883 arctavit
2054 4814 2230 4883 sicut
2260 4823 2426 4884 rete.
2498 4813 2719 4884 Exod.
2787 4837 2908 4897 xu,

1360 4924 1440 4992 33
1475 4945 1493 4992 ε
1535 4922 1887 5014 Uryebant
1927 4923 2259 5014 AEqyptii
2298 4925 2677 5016 poputum,
2727 4925 2913 4995 scili-

1358 5040 1459 5100 cet
1496 5030 1678 5099 lilios
1709 5027 1945 5110 lsrael,
1977 5029 2064 5097 de
2091 5038 2272 5098 terra
2316 5031 2506 5099 erire
2560 5033 2905 5117 velociter,

1357 5137 1647 5207 dicentes
1685 5161 1711 5209 .·
1746 5139 1998 5209 Omnes
2056 5138 2452 5207 moriemur.
2514 5137 2665 5208 Iloc
2701 5139 2908 5208 etiam

1356 5254 1581 5335 posset
1609 5244 1745 5315 dici
1770 5243 1856 5315 de
1886 5243 2021 5314 illis
2049 5246 2165 5338 qui
2215 5254 2714 5327 remanserunt,
2754 5245 2908 5315 aliis

1423 5506 1531 5561 ¹8.
1581 5506 1971 5569 Acavsnscs,
2032 5498 2154 5557 Lib.
2202 5499 2250 5556 n
2293 5498 2366 5557 dc·
2413 5497 2691 5558 doctrina
2736 5498 2904 5559 Chri·

1356 5597 1564 5653 stiana.

4543 197 4626 261 75

3073 369 3466 458 submersiS,
3511 373 3782 463 quando
3824 371 4430 463 persequebantur.
4465 366 4624 435 Cas-

3072 478 3382 549 siodorus
3436 504 3451 550 :
3508 507 3541 547 α
3595 480 3726 560 Qui
3775 483 3844 548 in
3910 480 4214 572 AEgypto
4268 498 4620 547 remanse-

3084 614 3112 650 α
3142 597 3322 671 runt,
3357 589 3638 656 omnino
3671 588 3879 656 laetati
3920 598 4080 655 sunt
4122 612 4137 655 :
4175 587 4336 677 quia
4366 586 4615 652 similia

3072 722 3104 762 α
3138 698 3417 765 minime
3447 696 3894 788 pertulerunt.
3942 722 3974 761 a
4013 695 4125 764 Sic
4173 694 4334 762 mali
4385 715 4614 760 remo-

3068 807 3153 872 tis
3209 805 3316 873 vel
3383 806 3669 873 mortuis
3712 804 3936 883 boniS,
3981 804 4090 871 vel
4139 799 4604 892 corporaliter,
4640 829 4757 875 Man
4789 829 4952 875 taetan-

3062 914 3172 980 vel
3229 914 3691 1003 spiritualiter,
3762 915 3936 981 sicut
3993 910 4268 1003 quando
4353 891 4654 976 intrant‘

3066 1020 3378 1105 claustra,
3440 1022 3776 1090 laetantur.
3843 1022 4101 1097 Primo,
4166 1020 4326 1110 quia
4363 1020 4609 1086 timent

3063 1151 3300 1196 eorum
3358 1130 3779 1197 societatem.
3842 1127 3973 1196 Isa.
4040 1150 4184 1207 xix,
4251 1126 4331 1193 17
4400 1147 4415 1191 :
4450 1126 4612 1192 Eri!

3064 1247 3245 1306 terra
3273 1237 3462 1306 Juda
3518 1241 3834 1331 AEqypto
3902 1240 3973 1305 in
4003 1259 4364 1329 pavorem.
4407 1235 4605 1316 ltem,

3062 1368 3179 1413 eos
3240 1347 3429 1414 oneri
3478 1344 3758 1429 habent,
3808 1355 4164 1435 tamquam
4197 1365 4404 1436 grave
4444 1364 4615 1432 pon-

3062 1453 3211 1521 duS.
3256 1454 3460 1522 Eccli.
3503 1477 3646 1532 xm,
3682 1456 3721 1521 2
3758 1477 3774 1522 :
3818 1453 4105 1521 Pondus
4131 1476 4340 1544 super
4365 1475 4436 1518 se
4481 1450 4612 1516 tol-

3064 1562 3156 1629 let
3204 1565 3327 1654 qui
3388 1565 3759 1632 honestiori
3809 1587 3881 1631 se
3934 1563 4419 1631 communicat.
4490 1559 4611 1625 Za·

3058 1670 3242 1738 char.
3278 1694 3396 1751 xn,
3442 1672 3481 1738 3
3520 1695 3534 1739 :
3577 1674 3675 1740 Et
3701 1673 3831 1738 erit
3861 1695 3883 1737 .·
3918 1672 3988 1737 in
4019 1671 4133 1737 die
4163 1670 4295 1737 illa
4346 1689 4607 1760 ponam

3054 1780 3442 1848 Jerusalem
3475 1779 3776 1872 lapidem
3816 1781 4040 1848 oneris
4068 1781 4330 1847 cunctis
4378 1799 4605 1869 popu·

3061 1888 3170 1956 lis.
3203 1890 3400 1968 Item,
3438 1890 3598 1982 quia
3637 1913 3754 1959 eos
3794 1892 3999 1958 etiam
4030 1888 4263 1958 videre
4302 1888 4420 1956 vix
4448 1909 4606 1954 sus-

3058 1996 3299 2066 tinent.
3344 1996 3651 2090 Sapient,
3694 2021 3768 2078 11,
3810 2001 3887 2067 13
3924 2022 3939 2067 :
3982 1998 4229 2068 Gravis
4255 2007 4354 2065 est
4408 1993 4603 2063 nobis

3054 2107 3261 2173 etiam
3323 2106 3420 2173 ad
3478 2106 3873 2174 videndum.
3934 2104 3960 2171 1
4027 2104 4199 2197 Reg.
4259 2126 4451 2181 xvnt,
4496 2104 4597 2168 9:

3051 2215 3206 2282 Non
3253 2216 3451 2281 rectis·
3488 2215 3706 2282 oculis
3752 2213 3939 2284 Saul
3982 2210 4407 2305 adspiciebat
4443 2213 4601 2278 Da-

3052 2322 3173 2388 vid
3233 2346 3275 2390 a
3331 2321 3442 2391 die
3489 2322 3649 2406 illa,
3699 2332 3762 2390 et
3805 2322 4140 2414 deinccpS.
4175 2320 4594 2412 Gregorius:

3056 2456 3090 2498 ι
3121 2428 3467 2511 Tenebrae,
3501 2431 3569 2499 id
3606 2439 3734 2514 est,
3765 2429 3952 2510 mali,
3987 2452 4129 2499 non
4175 2436 4460 2521 possunt
4492 2427 4604 2494 vi-

3056 2567 3088 2601 «
3124 2537 3281 2608 dere
3309 2539 3569 2620 lumen,
3598 2540 3665 2608 id
3695 2550 3821 2619 est,
3855 2539 4100 2608 bonos,
4140 2562 4174 2604 ι
4209 2536 4406 2614 ltem,
4441 2537 4602 2627 quia

3049 2673 3122 2718 se
3161 2648 3329 2717 nihil
3371 2649 3456 2717 ab
3496 2649 3591 2718 illi
3632 2651 3929 2740 reputari
3958 2649 4218 2731 vident,
4260 2656 4328 2716 et
4356 2645 4599 2715 volunt

3049 2758 3344 2848 reputari
3383 2756 3666 2850 aliquid.
3720 2757 4026 2847 Sapient.
4064 2780 4137 2838 n,
4205 2757 4284 2822 lti
4328 2778 4345 2822 ε
4392 2755 4601 2822 Tam-

3047 2889 3259 2957 quam
3287 2889 3585 2958 nuqaces
3601 2867 3931 2935 aestimati
3946 2887 4189 2934 sumus
4215 2862 4303 2933 ab
4345 2863 4503 2943 illo,
4534 2873 4599 2929 ct

3047 2972 3340 3043 abstinet
3391 2998 3463 3042 se
3525 2998 3569 3043 a
3615 2975 3749 3043 viis
3792 2974 4046 3043 nostris
4091 2983 4452 3064 tamquam
4509 2970 4596 3039 ab

3046 3082 3532 3151 immunditiis.
3564 3080 3724 3162 Job,
3757 3103 3951 3168 xvm,
3988 3081 4028 3149 3
4062 3103 4079 3149 ε
4127 3081 4359 3168 Quare
4387 3102 4597 3172 repu-

3045 3195 3177 3261 tati
3199 3215 3441 3262 sumus
3470 3201 3549 3261 ut
3562 3192 3923 3284 jumenta,
3950 3199 4016 3258 et
4049 3190 4452 3260 sorduimus
4490 3213 4594 3256 co·

3041 3321 3192 3367 ram
3224 3297 3351 3367 te?
3377 3298 3577 3383 Item,
3610 3299 3771 3390 quia
3799 3298 4000 3386 juxta
4028 3295 4199 3364 tales
4228 3296 4449 3386 magis
4480 3317 4596 3385 ap-

3039 3414 3278 3496 parent
3318 3429 3336 3475 ε
3408 3407 3569 3498 quia
3616 3404 3931 3498 opposita
3977 3404 4181 3492 juxta
4226 3426 4299 3472 se
4340 3402 4585 3495 posita.

3041 3517 3258 3608 magis
3281 3515 3693 3586 elucescunt.
3735 3515 3939 3583 Joan.
3994 3536 4093 3594 ιιι,
4144 3515 4232 3582 20
4274 3534 4292 3582 2
4349 3514 4591 3583 Omnis

3035 3627 3160 3715 qui
3185 3625 3372 3695 mate
3404 3627 3579 3717 aqit,
3612 3624 3759 3692 odit
3816 3624 4065 3703 lucem,
4115 3632 4182 3692 et
4220 3645 4356 3691 non
4407 3622 4589 3690 venit

3035 3732 3134 3801 ad
3168 3733 3416 3819 lucem,
3450 3743 3686 3803 utnon
3717 3741 4114 3826 arquantur
4148 3755 4359 3825 opera
4396 3729 4578 3821 ejus.

3036 3838 3233 3925 ltem,
3291 3842 3453 3932 quia
3493 3839 3657 3909 boni
3711 3863 3832 3911 eos
3894 3839 4248 3932 arguendo
4317 3838 4585 3907 fortiter

3032 3949 3371 4019 mordent.
3421 3947 3728 4039 Sapient.
3790 3970 3864 4029 n,
3921 3950 4002 4017 12
4066 3969 4084 4016 ε
4150 3948 4583 4040 Improperat

3029 4057 3224 4128 nobis
3250 4066 3533 4151 peccata
3563 4056 3760 4148 teqis.
3805 4054 4096 4150 Propter
4139 4054 4273 4124 hoc
4320 4053 4582 4144 fugavit

3026 4166 3294 4236 Jezabel
3341 4160 3666 4235 Eliam⁸2
3719 4174 3788 4236 et
3846 4163 4157 4235 llerodes
4213 4159 4580 4232 decollavit

3022 4276 3362 4345 loannem
3381 4272 3429 4343 ³.
3462 4275 3661 4354 Item,
3696 4275 3858 4368 quia
3890 4273 4112 4344 malos
4139 4294 4453 4344 rumores
4480 4271 4580 4341 eis

3027 4390 3415 4476 apportant,
3488 4381 3747 4454 scilicet
3831 4383 3916 4454 de
3991 4394 4213 4454 morte
4293 4391 4572 4453 aeterua.

3027 4491 3119 4560 lll
3170 4492 3340 4585 neg.
3398 4513 3571 4576 xxn,
3621 4492 3690 4575 8,
3785 4491 3959 4562 dixit
4012 4490 4241 4561 Achae
4289 4491 4373 4559 de
4445 4489 4580 4558 Mi-

3023 4599 3262 4670 chaea:
3304 4602 3460 4692 qu
3497 4598 3619 4669 odi
3666 4621 3823 4669 eum
3855 4622 3880 4667 .·
3926 4622 4068 4670 non
4115 4622 4281 4669 curo
4328 4595 4413 4667 de
4450 4619 4577 4665 sua

3022 4709 3368 4793 societate,
3413 4708 3583 4801 quia
3635 4731 3770 4776 non
3829 4708 4203 4800 prophetat
4240 4706 4417 4776 milii
4455 4703 4574 4774 bo·

3020 4840 3214 4886 num.
3252 4815 3537 4900 Ultimo,
3568 4815 3731 4909 quia
3762 4815 4255 4906 impedimento
4285 4816 4383 4884 eis
4410 4821 4571 4882 sunt

3021 4923 3106 4993 ad
3155 4921 3541 4992 faciendum
3589 4919 3878 4992 malum.
3925 4920 4278 5006 Judicum,
4338 4943 4388 5005 1,
4429 4921 4568 4989 32:

3020 5031 3329 5100 Arctavit
3356 5030 3796 5100 Amorrhaeus
3820 5029 4013 5119 filios
4031 5031 4191 5099 Dan
4216 5031 4284 5096 in
4315 5037 4566 5107 monte,

3017 5162 3138 5207 nec
3183 5136 3374 5207 dedit
3408 5138 3505 5207 eis
3550 5137 3778 5206 Iocum
3819 5146 3896 5204 ut
3940 5141 4037 5206 ad
4063 5136 4404 5230 planiora
4448 5132 4573 5204 de-

3012 5246 3425 5317 scenderent.

3086 5497 3111 5535 ¹
3146 5496 3234 5556 Cr.
3265 5496 3343 5555 nl
3377 5497 3518 5571 Reg.
3549 5510 3670 5569 xix,
3707 5499 3728 5553 t
3762 5502 3826 5555 et
3853 5513 3982 5571 seq.

3087 5591 3109 5626 ²
3137 5587 3223 5646 Cr.
3257 5588 3459 5645 ssatth.
3487 5604 3601 5659 xiv,
3631 5589 3664 5643 3
3692 5592 3755 5646 et
3785 5604 3922 5663 seq.

4659 897 4714 927 ur
4745 885 4952 929 absentia

4679 941 4738 982 bo
4743 950 4931 984 nnnnnn
