<?xml version="1.0" encoding="UTF-8"?>
<!DOCTYPE html PUBLIC "-//W3C//DTD XHTML 1.0 Transitional//EN"
    "http://www.w3.org/TR/xhtml1/DTD/xhtml1-transitional.dtd">
<html xmlns="http://www.w3.org/1999/xhtml" xml:lang="en" lang="en">
 <head>
  <title>
</title>
<meta http-equiv="Content-Type" content="text/html;charset=utf-8" />
  <meta name='ocr-system' content='tesseract 3.04.00' />
  <meta name='ocr-capabilities' content='ocr_page ocr_carea ocr_par ocr_line ocrx_word'/>
</head>
<body>
  <div class='ocr_page' id='page_1' title='image "balbertimagnira02chgoog_0121.png"; bbox 0 0 5008 6329; ppageno 0'>
   <div class='ocr_carea' id='block_1_1' title="bbox 1929 153 3489 225">
    <p class='ocr_par' dir='ltr' id='par_1_1' title="bbox 1929 153 3489 225">
     <span class='ocr_line' id='line_1_1' title="bbox 1929 153 3489 225; baseline -0.003 -2"><span class='ocrx_word' id='word_1_1' title='bbox 1929 155 2634 225; x_wconf 76' lang='lat' dir='ltr'><strong>COMMENTARIUS</strong></span> <span class='ocrx_word' id='word_1_2' title='bbox 2686 154 2776 221; x_wconf 79' lang='lat' dir='ltr'><strong>IN</strong></span> <span class='ocrx_word' id='word_1_3' title='bbox 2834 153 3257 221; x_wconf 66' lang='lat' dir='ltr'><strong>t’SALMUM</strong></span> <span class='ocrx_word' id='word_1_4' title='bbox 3314 153 3489 221; x_wconf 70' lang='lat' dir='ltr'><strong>cvl.</strong></span> 
     </span>
    </p>
   </div>
   <div class='ocr_carea' id='block_1_2' title="bbox 1099 332 2653 858">
    <p class='ocr_par' dir='ltr' id='par_1_2' title="bbox 1099 332 2653 858">
     <span class='ocr_line' id='line_1_2' title="bbox 1101 332 2651 427; baseline -0.005 -22"><span class='ocrx_word' id='word_1_5' title='bbox 1101 340 1303 406; x_wconf 85' lang='lat' dir='ltr'><strong>dicite</strong></span> <span class='ocrx_word' id='word_1_6' title='bbox 1335 361 1356 403; x_wconf 91' lang='lat'><strong>.·</strong></span> <span class='ocrx_word' id='word_1_7' title='bbox 1394 338 1533 422; x_wconf 86' lang='lat' dir='ltr'><strong>Qui</strong></span> <span class='ocrx_word' id='word_1_8' title='bbox 1571 336 1888 427; x_wconf 79' lang='lat' dir='ltr'><em>dispersit</em></span> <span class='ocrx_word' id='word_1_9' title='bbox 1926 335 2167 418; x_wconf 85' lang='lat' dir='ltr'><strong>Israel,</strong></span> <span class='ocrx_word' id='word_1_10' title='bbox 2209 332 2651 424; x_wconf 70' lang='lat' dir='ltr'><strong>corzqreqabit</strong></span> 
     </span>
     <span class='ocr_line' id='line_1_3' title="bbox 1102 444 2650 530; baseline -0.003 -15"><span class='ocrx_word' id='word_1_11' title='bbox 1102 471 1278 515; x_wconf 83' lang='lat' dir='ltr'><strong>eum.</strong></span> <span class='ocrx_word' id='word_1_12' title='bbox 1326 448 1457 516; x_wconf 89' lang='lat' dir='ltr'><strong>Isa.</strong></span> <span class='ocrx_word' id='word_1_13' title='bbox 1495 471 1591 530; x_wconf 75' lang='lat' dir='ltr'><strong>xt,</strong></span> <span class='ocrx_word' id='word_1_14' title='bbox 1641 449 1762 515; x_wconf 83' lang='lat'><strong>12:</strong></span> <span class='ocrx_word' id='word_1_15' title='bbox 1836 448 2117 517; x_wconf 83' lang='lat' dir='ltr'><strong>Levabit</strong></span> <span class='ocrx_word' id='word_1_16' title='bbox 2170 448 2511 514; x_wconf 85' lang='lat' dir='ltr'>Dominus</span> <span class='ocrx_word' id='word_1_17' title='bbox 2546 444 2650 510; x_wconf 89' lang='lat' dir='ltr'><strong>si-</strong></span> 
     </span>
     <span class='ocr_line' id='line_1_4' title="bbox 1099 550 2653 645; baseline -0.003 -26"><span class='ocrx_word' id='word_1_18' title='bbox 1099 577 1343 645; x_wconf 76' lang='lat' dir='ltr'><strong>qnum,</strong></span> <span class='ocrx_word' id='word_1_19' title='bbox 1387 556 1634 634; x_wconf 81' lang='lat' dir='ltr'><strong>erucis,</strong></span> <span class='ocrx_word' id='word_1_20' title='bbox 1678 556 1749 621; x_wconf 84' lang='lat' dir='ltr'><strong>in</strong></span> <span class='ocrx_word' id='word_1_21' title='bbox 1774 556 2080 623; x_wconf 82' lang='lat' dir='ltr'><strong>nationes</strong></span> <span class='ocrx_word' id='word_1_22' title='bbox 2111 550 2369 643; x_wconf 82' lang='lat' dir='ltr'><strong>procul,</strong></span> <span class='ocrx_word' id='word_1_23' title='bbox 2408 561 2469 617; x_wconf 81' lang='lat' dir='ltr'><strong>et</strong></span> <span class='ocrx_word' id='word_1_24' title='bbox 2500 573 2653 615; x_wconf 82' lang='lat' dir='ltr'><strong>con-</strong></span> 
     </span>
     <span class='ocr_line' id='line_1_5' title="bbox 1100 657 2647 754; baseline -0.005 -24"><span class='ocrx_word' id='word_1_25' title='bbox 1100 663 1418 753; x_wconf 75' lang='lat' dir='ltr'><strong>yrcqabit</strong></span> <span class='ocrx_word' id='word_1_26' title='bbox 1511 666 1858 754; x_wconf 67' lang='lat' dir='ltr'><strong>liroluqos</strong></span> <span class='ocrx_word' id='word_1_27' title='bbox 1934 661 2172 731; x_wconf 86' lang='lat' dir='ltr'><strong>Israel.</strong></span> <span class='ocrx_word' id='word_1_28' title='bbox 2235 657 2513 726; x_wconf 86' lang='lat' dir='ltr'><strong>Zachar.</strong></span> <span class='ocrx_word' id='word_1_29' title='bbox 2577 680 2647 740; x_wconf 84' lang='lat' dir='ltr'><strong>x,</strong></span> 
     </span>
     <span class='ocr_line' id='line_1_6' title="bbox 1106 763 2646 858; baseline -0.006 -20"><span class='ocrx_word' id='word_1_30' title='bbox 1106 772 1145 838; x_wconf 89' lang='lat'>8</span> <span class='ocrx_word' id='word_1_31' title='bbox 1181 794 1196 838; x_wconf 89' lang='lat'>:</span> <span class='ocrx_word' id='word_1_32' title='bbox 1278 770 1602 839; x_wconf 77' lang='lat' dir='ltr'><strong>sibilabo</strong></span> <span class='ocrx_word' id='word_1_33' title='bbox 1667 773 1787 850; x_wconf 84' lang='lat' dir='ltr'><strong>eis,</strong></span> <span class='ocrx_word' id='word_1_34' title='bbox 1857 782 1919 838; x_wconf 85' lang='lat' dir='ltr'><strong>et</strong></span> <span class='ocrx_word' id='word_1_35' title='bbox 1970 764 2390 858; x_wconf 77' lang='lat' dir='ltr'><strong>couqreqabo</strong></span> <span class='ocrx_word' id='word_1_36' title='bbox 2458 763 2646 830; x_wconf 87' lang='lat' dir='ltr'><strong>illos.</strong></span> 
     </span>
    </p>
   </div>
   <div class='ocr_carea' id='block_1_3' title="bbox 1105 1085 2653 1297">
    <p class='ocr_par' dir='ltr' id='par_1_3' title="bbox 1105 1085 2653 1297">
     <span class='ocr_line' id='line_1_7' title="bbox 1203 1085 2653 1166; baseline -0.008 -4"><span class='ocrx_word' id='word_1_37' title='bbox 1203 1124 1234 1162; x_wconf 86' lang='lat'>«</span> <span class='ocrx_word' id='word_1_38' title='bbox 1278 1100 1332 1166; x_wconf 78' lang='lat' dir='ltr'><em>A</em></span> <span class='ocrx_word' id='word_1_39' title='bbox 1373 1097 1544 1165; x_wconf 91' lang='lat' dir='ltr'><strong>solis</strong></span> <span class='ocrx_word' id='word_1_40' title='bbox 1583 1107 1764 1164; x_wconf 84' lang='lat' dir='ltr'><strong>ortu.</strong></span> <span class='ocrx_word' id='word_1_41' title='bbox 1805 1122 1836 1156; x_wconf 87' lang='lat'>»</span> <span class='ocrx_word' id='word_1_42' title='bbox 1883 1093 2050 1160; x_wconf 82' lang='lat' dir='ltr'><strong>Eece</strong></span> <span class='ocrx_word' id='word_1_43' title='bbox 2100 1088 2498 1163; x_wconf 85' lang='lat' dir='ltr'><strong>seeundum,</strong></span> <span class='ocrx_word' id='word_1_44' title='bbox 2582 1085 2653 1152; x_wconf 94' lang='lat' dir='ltr'><strong>in</strong></span> 
     </span>
     <span class='ocr_line' id='line_1_8' title="bbox 1105 1195 2653 1297; baseline -0.01 -24"><span class='ocrx_word' id='word_1_45' title='bbox 1105 1228 1240 1297; x_wconf 91' lang='lat' dir='ltr'><strong>quo</strong></span> <span class='ocrx_word' id='word_1_46' title='bbox 1281 1204 1625 1294; x_wconf 81' lang='lat' dir='ltr'><strong>specificat</strong></span> <span class='ocrx_word' id='word_1_47' title='bbox 1663 1200 1841 1268; x_wconf 91' lang='lat' dir='ltr'><strong>unde</strong></span> <span class='ocrx_word' id='word_1_48' title='bbox 1872 1195 2332 1286; x_wconf 79' lang='lat' dir='ltr'>congregabit,</span> <span class='ocrx_word' id='word_1_49' title='bbox 2366 1202 2653 1282; x_wconf 80' lang='lat' dir='ltr'><strong>tangens</strong></span> 
     </span>
    </p>
   </div>
   <div class='ocr_carea' id='block_1_4' title="bbox 1100 1304 2652 1507">
    <p class='ocr_par' dir='ltr' id='par_1_4' title="bbox 1100 1304 2652 1507">
     <span class='ocr_line' id='line_1_9' title="bbox 1100 1304 2200 1404; baseline -0.008 -23"><span class='ocrx_word' id='word_1_50' title='bbox 1100 1324 1328 1404; x_wconf 88' lang='lat' dir='ltr'><strong>aperte</strong></span> <span class='ocrx_word' id='word_1_51' title='bbox 1362 1322 1659 1403; x_wconf 89' lang='lat' dir='ltr'><strong>quatuor</strong></span> <span class='ocrx_word' id='word_1_52' title='bbox 1688 1318 1912 1401; x_wconf 87' lang='lat' dir='ltr'><strong>partes</strong></span> <span class='ocrx_word' id='word_1_53' title='bbox 1942 1304 2200 1373; x_wconf 90' lang='lat' dir='ltr'><strong>mundi.</strong></span> 
     </span>
     <span class='ocr_line' id='line_1_10' title="bbox 1188 1410 2652 1507; baseline -0.009 -19"><span class='ocrx_word' id='word_1_54' title='bbox 1188 1422 1304 1488; x_wconf 85' lang='lat' dir='ltr'><strong>Ait</strong></span> <span class='ocrx_word' id='word_1_55' title='bbox 1332 1422 1516 1487; x_wconf 90' lang='lat' dir='ltr'><strong>enim</strong></span> <span class='ocrx_word' id='word_1_56' title='bbox 1551 1442 1565 1486; x_wconf 90' lang='lat'>:</span> <span class='ocrx_word' id='word_1_57' title='bbox 1605 1417 1720 1486; x_wconf 87' lang='lat' dir='ltr'><strong>Sic</strong></span> <span class='ocrx_word' id='word_1_58' title='bbox 1749 1413 2231 1507; x_wconf 68' lang='lat' dir='ltr'><strong>congregandi,</strong></span> <span class='ocrx_word' id='word_1_59' title='bbox 2268 1411 2385 1479; x_wconf 88' lang='lat' dir='ltr'><strong>sed</strong></span> <span class='ocrx_word' id='word_1_60' title='bbox 2416 1410 2597 1478; x_wconf 88' lang='lat' dir='ltr'><strong>unde</strong></span> <span class='ocrx_word' id='word_1_61' title='bbox 2617 1411 2652 1475; x_wconf 77' lang='lat'><strong>⁴?</strong></span> 
     </span>
    </p>
   </div>
   <div class='ocr_carea' id='block_1_5' title="bbox 1095 1518 2658 2694">
    <p class='ocr_par' dir='ltr' id='par_1_5' title="bbox 1095 1518 2658 2694">
     <span class='ocr_line' id='line_1_11' title="bbox 1102 1518 2645 1606; baseline -0.006 -14"><span class='ocrx_word' id='word_1_62' title='bbox 1102 1556 1134 1592; x_wconf 71' lang='grc' dir='ltr'><strong>α</strong></span> <span class='ocrx_word' id='word_1_63' title='bbox 1177 1531 1234 1597; x_wconf 84' lang='grc' dir='ltr'><strong><em>Α</em></strong></span> <span class='ocrx_word' id='word_1_64' title='bbox 1275 1525 1448 1594; x_wconf 89' lang='lat' dir='ltr'><strong>solis</strong></span> <span class='ocrx_word' id='word_1_65' title='bbox 1477 1535 1661 1606; x_wconf 88' lang='lat' dir='ltr'><strong>ortu,</strong></span> <span class='ocrx_word' id='word_1_66' title='bbox 1702 1552 1734 1588; x_wconf 71' lang='lat' dir='ltr'>n</span> <span class='ocrx_word' id='word_1_67' title='bbox 1805 1523 1936 1590; x_wconf 83' lang='lat' dir='ltr'><strong>hoe</strong></span> <span class='ocrx_word' id='word_1_68' title='bbox 1993 1530 2117 1599; x_wconf 81' lang='lat' dir='ltr'><strong>est,</strong></span> <span class='ocrx_word' id='word_1_69' title='bbox 2176 1519 2259 1586; x_wconf 89' lang='lat' dir='ltr'><strong>ab</strong></span> <span class='ocrx_word' id='word_1_70' title='bbox 2339 1518 2645 1593; x_wconf 87' lang='lat' dir='ltr'><strong>Oriente,</strong></span> 
     </span>
     <span class='ocr_line' id='line_1_12' title="bbox 1099 1626 2650 1721; baseline -0.006 -20"><span class='ocrx_word' id='word_1_71' title='bbox 1099 1665 1131 1701; x_wconf 70' lang='grc' dir='ltr'><strong>α</strong></span> <span class='ocrx_word' id='word_1_72' title='bbox 1166 1649 1228 1704; x_wconf 77' lang='lat' dir='ltr'><strong>ct</strong></span> <span class='ocrx_word' id='word_1_73' title='bbox 1259 1660 1530 1721; x_wconf 89' lang='lat' dir='ltr'><strong>occasu,</strong></span> <span class='ocrx_word' id='word_1_74' title='bbox 1568 1664 1600 1701; x_wconf 70' lang='grc' dir='ltr'><strong>ι</strong></span> <span class='ocrx_word' id='word_1_75' title='bbox 1635 1634 1766 1703; x_wconf 78' lang='lat' dir='ltr'><strong>lioe</strong></span> <span class='ocrx_word' id='word_1_76' title='bbox 1799 1643 1922 1713; x_wconf 88' lang='lat' dir='ltr'><strong>est,</strong></span> <span class='ocrx_word' id='word_1_77' title='bbox 1956 1634 2038 1700; x_wconf 87' lang='lat' dir='ltr'><strong>ab</strong></span> <span class='ocrx_word' id='word_1_78' title='bbox 2071 1630 2456 1712; x_wconf 76' lang='lat' dir='ltr'>Occidente,</span> <span class='ocrx_word' id='word_1_79' title='bbox 2494 1654 2527 1693; x_wconf 75' lang='grc' dir='ltr'><strong>α</strong></span> <span class='ocrx_word' id='word_1_80' title='bbox 2564 1626 2650 1694; x_wconf 87' lang='lat' dir='ltr'><strong>ab</strong></span> 
     </span>
     <span class='ocr_line' id='line_1_13' title="bbox 1095 1736 2653 1836; baseline -0.006 -25"><span class='ocrx_word' id='word_1_81' title='bbox 1095 1746 1450 1836; x_wconf 79' lang='lat' dir='ltr'><strong>aquilone,</strong></span> <span class='ocrx_word' id='word_1_82' title='bbox 1496 1768 1531 1806; x_wconf 83' lang='lat'>»</span> <span class='ocrx_word' id='word_1_83' title='bbox 1584 1740 1969 1833; x_wconf 76' lang='lat' dir='ltr'><strong>aquilonari</strong></span> <span class='ocrx_word' id='word_1_84' title='bbox 2000 1748 2186 1830; x_wconf 84' lang='lat' dir='ltr'><strong>parte</strong></span> <span class='ocrx_word' id='word_1_85' title='bbox 2218 1736 2495 1815; x_wconf 84' lang='lat' dir='ltr'><strong>seilicet,</strong></span> <span class='ocrx_word' id='word_1_86' title='bbox 2527 1762 2559 1796; x_wconf 92' lang='lat'>«</span> <span class='ocrx_word' id='word_1_87' title='bbox 2588 1744 2653 1801; x_wconf 85' lang='lat' dir='ltr'><strong>et</strong></span> 
     </span>
     <span class='ocr_line' id='line_1_14' title="bbox 1102 1843 2648 1940; baseline -0.006 -23"><span class='ocrx_word' id='word_1_88' title='bbox 1102 1852 1308 1932; x_wconf 82' lang='lat' dir='ltr'><strong>mari,</strong></span> <span class='ocrx_word' id='word_1_89' title='bbox 1356 1875 1387 1915; x_wconf 73' lang='grc' dir='ltr'><strong>ι</strong></span> <span class='ocrx_word' id='word_1_90' title='bbox 1425 1848 1706 1917; x_wconf 90' lang='lat' dir='ltr'><strong>australi</strong></span> <span class='ocrx_word' id='word_1_91' title='bbox 1746 1855 1960 1940; x_wconf 89' lang='lat' dir='ltr'><strong>parte.</strong></span> <span class='ocrx_word' id='word_1_92' title='bbox 1999 1845 2100 1912; x_wconf 68' lang='lat' dir='ltr'><strong>Ad</strong></span> <span class='ocrx_word' id='word_1_93' title='bbox 2141 1844 2432 1911; x_wconf 72' lang='lat' dir='ltr'><strong>litteram</strong></span> <span class='ocrx_word' id='word_1_94' title='bbox 2465 1843 2648 1909; x_wconf 90' lang='lat' dir='ltr'><strong>enim</strong></span> 
     </span>
     <span class='ocr_line' id='line_1_15' title="bbox 1096 1951 2654 2028; baseline -0.009 0"><span class='ocrx_word' id='word_1_95' title='bbox 1096 1959 1447 2028; x_wconf 79' lang='lat' dir='ltr'><strong>Oceanum</strong></span> <span class='ocrx_word' id='word_1_96' title='bbox 1489 1958 1694 2026; x_wconf 87' lang='lat' dir='ltr'><strong>habet</strong></span> <span class='ocrx_word' id='word_1_97' title='bbox 1723 1965 1898 2024; x_wconf 86' lang='lat' dir='ltr'><strong>terra</strong></span> <span class='ocrx_word' id='word_1_98' title='bbox 1937 1953 2311 2022; x_wconf 79' lang='lat' dir='ltr'><strong>Jerusalem</strong></span> <span class='ocrx_word' id='word_1_99' title='bbox 2353 1952 2438 2018; x_wconf 86' lang='lat' dir='ltr'><strong>ad</strong></span> <span class='ocrx_word' id='word_1_100' title='bbox 2502 1951 2654 2016; x_wconf 80' lang='lat' dir='ltr'><strong>Au-</strong></span> 
     </span>
     <span class='ocr_line' id='line_1_16' title="bbox 1096 2062 2648 2154; baseline -0.009 -18"><span class='ocrx_word' id='word_1_101' title='bbox 1096 2077 1338 2136; x_wconf 82' lang='lat' dir='ltr'><strong>strum.</strong></span> <span class='ocrx_word' id='word_1_102' title='bbox 1413 2065 1554 2133; x_wconf 86' lang='lat' dir='ltr'><strong>Nec</strong></span> <span class='ocrx_word' id='word_1_103' title='bbox 1584 2067 1864 2140; x_wconf 87' lang='lat' dir='ltr'><strong>mirum,</strong></span> <span class='ocrx_word' id='word_1_104' title='bbox 1917 2064 2073 2154; x_wconf 92' lang='lat' dir='ltr'><strong>quia</strong></span> <span class='ocrx_word' id='word_1_105' title='bbox 2140 2062 2372 2128; x_wconf 83' lang='lat' dir='ltr'><strong>circuit</strong></span> <span class='ocrx_word' id='word_1_106' title='bbox 2436 2067 2648 2127; x_wconf 89' lang='lat' dir='ltr'><strong>totam</strong></span> 
     </span>
     <span class='ocr_line' id='line_1_17' title="bbox 1098 2164 2655 2252; baseline -0.009 -7"><span class='ocrx_word' id='word_1_107' title='bbox 1098 2188 1376 2245; x_wconf 90' lang='lat' dir='ltr'><strong>terram.</strong></span> <span class='ocrx_word' id='word_1_108' title='bbox 1416 2175 1544 2241; x_wconf 88' lang='lat' dir='ltr'><strong>lsa.</strong></span> <span class='ocrx_word' id='word_1_109' title='bbox 1581 2196 1764 2252; x_wconf 77' lang='lat' dir='ltr'><strong>xmu,</strong></span> <span class='ocrx_word' id='word_1_110' title='bbox 1801 2175 1839 2240; x_wconf 78' lang='lat'><strong>3</strong></span> <span class='ocrx_word' id='word_1_111' title='bbox 1872 2180 1934 2237; x_wconf 88' lang='lat' dir='ltr'><strong>et</strong></span> <span class='ocrx_word' id='word_1_112' title='bbox 1976 2178 2056 2237; x_wconf 78' lang='lat' dir='ltr'><strong>ti:</strong></span> <span class='ocrx_word' id='word_1_113' title='bbox 2091 2169 2195 2239; x_wconf 73' lang='lat' dir='ltr'><strong>Ab</strong></span> <span class='ocrx_word' id='word_1_114' title='bbox 2226 2170 2480 2236; x_wconf 84' lang='lat' dir='ltr'><strong>oriente</strong></span> <span class='ocrx_word' id='word_1_115' title='bbox 2524 2164 2655 2232; x_wconf 83' lang='lat' dir='ltr'><strong>ad-</strong></span> 
     </span>
     <span class='ocr_line' id='line_1_18' title="bbox 1102 2276 2658 2363; baseline -0.007 -13"><span class='ocrx_word' id='word_1_116' title='bbox 1102 2285 1352 2351; x_wconf 82' lang='lat' dir='ltr'><strong>ducam</strong></span> <span class='ocrx_word' id='word_1_117' title='bbox 1382 2304 1608 2349; x_wconf 81' lang='lat' dir='ltr'><strong>scmeu</strong></span> <span class='ocrx_word' id='word_1_118' title='bbox 1649 2291 1876 2363; x_wconf 87' lang='lat' dir='ltr'><strong>tuum,</strong></span> <span class='ocrx_word' id='word_1_119' title='bbox 1908 2289 1970 2345; x_wconf 83' lang='lat' dir='ltr'><strong>et</strong></span> <span class='ocrx_word' id='word_1_120' title='bbox 2011 2277 2096 2344; x_wconf 83' lang='lat' dir='ltr'><strong>ab</strong></span> <span class='ocrx_word' id='word_1_121' title='bbox 2137 2276 2475 2344; x_wconf 78' lang='lat' dir='ltr'><strong>occidente</strong></span> <span class='ocrx_word' id='word_1_122' title='bbox 2502 2296 2658 2340; x_wconf 83' lang='lat' dir='ltr'><strong>con·</strong></span> 
     </span>
     <span class='ocr_line' id='line_1_19' title="bbox 1098 2383 2654 2482; baseline -0.009 -25"><span class='ocrx_word' id='word_1_123' title='bbox 1098 2389 1404 2482; x_wconf 73' lang='lat' dir='ltr'><strong>qreqabo</strong></span> <span class='ocrx_word' id='word_1_124' title='bbox 1473 2397 1559 2456; x_wconf 85' lang='lat' dir='ltr'><strong>te.</strong></span> <span class='ocrx_word' id='word_1_125' title='bbox 1632 2387 1880 2454; x_wconf 85' lang='lat' dir='ltr'><strong>Dicam</strong></span> <span class='ocrx_word' id='word_1_126' title='bbox 1947 2383 2261 2475; x_wconf 78' lang='lat' dir='ltr'><strong>aquiloni</strong></span> <span class='ocrx_word' id='word_1_127' title='bbox 2291 2405 2314 2449; x_wconf 93' lang='lat'><strong>.·</strong></span> <span class='ocrx_word' id='word_1_128' title='bbox 2363 2384 2517 2449; x_wconf 85' lang='lat' dir='ltr'><strong>Da:</strong></span> <span class='ocrx_word' id='word_1_129' title='bbox 2590 2388 2654 2444; x_wconf 78' lang='lat' dir='ltr'><strong>ct</strong></span> 
     </span>
     <span class='ocr_line' id='line_1_20' title="bbox 1104 2492 2650 2587; baseline -0.007 -22"><span class='ocrx_word' id='word_1_130' title='bbox 1104 2509 1341 2566; x_wconf 83' lang='lat' dir='ltr'><strong>austro</strong></span> <span class='ocrx_word' id='word_1_131' title='bbox 1365 2521 1387 2564; x_wconf 95' lang='lat'><strong>.·</strong></span> <span class='ocrx_word' id='word_1_132' title='bbox 1420 2494 1590 2564; x_wconf 76' lang='lat' dir='ltr'><strong>Noli</strong></span> <span class='ocrx_word' id='word_1_133' title='bbox 1613 2493 1994 2587; x_wconf 73' lang='lat' dir='ltr'><strong>prohibere.</strong></span> <span class='ocrx_word' id='word_1_134' title='bbox 2039 2492 2291 2559; x_wconf 84' lang='lat' dir='ltr'><strong>Jerem.</strong></span> <span class='ocrx_word' id='word_1_135' title='bbox 2330 2512 2517 2565; x_wconf 76' lang='lat' dir='ltr'><strong>xxxi,</strong></span> <span class='ocrx_word' id='word_1_136' title='bbox 2560 2493 2602 2557; x_wconf 88' lang='grc'>8</span> <span class='ocrx_word' id='word_1_137' title='bbox 2636 2511 2650 2554; x_wconf 85' lang='grc'>;</span> 
     </span>
     <span class='ocr_line' id='line_1_21' title="bbox 1104 2602 2658 2694; baseline -0.01 -15"><span class='ocrx_word' id='word_1_138' title='bbox 1104 2610 1468 2680; x_wconf 70' lang='lat' dir='ltr'><strong>Adducam</strong></span> <span class='ocrx_word' id='word_1_139' title='bbox 1500 2630 1611 2674; x_wconf 86' lang='lat' dir='ltr'><strong>cos</strong></span> <span class='ocrx_word' id='word_1_140' title='bbox 1649 2606 1732 2672; x_wconf 88' lang='lat' dir='ltr'><strong>dc</strong></span> <span class='ocrx_word' id='word_1_141' title='bbox 1770 2617 1950 2673; x_wconf 81' lang='lat' dir='ltr'><strong>terra</strong></span> <span class='ocrx_word' id='word_1_142' title='bbox 1979 2602 2360 2694; x_wconf 66' lang='lat' dir='ltr'><strong>Aquilonis,</strong></span> <span class='ocrx_word' id='word_1_143' title='bbox 2403 2610 2466 2667; x_wconf 85' lang='lat' dir='ltr'><strong>ct</strong></span> <span class='ocrx_word' id='word_1_144' title='bbox 2504 2623 2658 2666; x_wconf 83' lang='lat' dir='ltr'><strong>con-</strong></span> 
     </span>
    </p>
   </div>
   <div class='ocr_carea' id='block_1_6' title="bbox 1103 2705 2658 3006">
    <p class='ocr_par' dir='ltr' id='par_1_6' title="bbox 1103 2705 2658 3006">
     <span class='ocr_line' id='line_1_22' title="bbox 1103 2705 2647 2808; baseline -0.006 -24"><span class='ocrx_word' id='word_1_145' title='bbox 1103 2716 1405 2808; x_wconf 72' lang='lat' dir='ltr'><strong>qrcqabo</strong></span> <span class='ocrx_word' id='word_1_146' title='bbox 1445 2738 1556 2781; x_wconf 84' lang='lat' dir='ltr'><strong>cos</strong></span> <span class='ocrx_word' id='word_1_147' title='bbox 1613 2712 1702 2780; x_wconf 82' lang='lat' dir='ltr'><strong>ab</strong></span> <span class='ocrx_word' id='word_1_148' title='bbox 1758 2712 2074 2779; x_wconf 69' lang='lat' dir='ltr'><strong>extremis</strong></span> <span class='ocrx_word' id='word_1_149' title='bbox 2130 2717 2344 2775; x_wconf 59' lang='lat' dir='ltr'><strong>terrie.</strong></span> <span class='ocrx_word' id='word_1_150' title='bbox 2409 2705 2647 2774; x_wconf 64' lang='lat' dir='ltr'><strong>Malui.</strong></span> 
     </span>
     <span class='ocr_line' id='line_1_23' title="bbox 1104 2814 2657 2903; baseline -0.008 -11"><span class='ocrx_word' id='word_1_151' title='bbox 1104 2847 1251 2903; x_wconf 77' lang='lat' dir='ltr'><strong>vm,</strong></span> <span class='ocrx_word' id='word_1_152' title='bbox 1297 2825 1361 2890; x_wconf 88' lang='grc'><strong>11</strong></span> <span class='ocrx_word' id='word_1_153' title='bbox 1433 2844 1447 2888; x_wconf 89' lang='lat'>:</span> <span class='ocrx_word' id='word_1_154' title='bbox 1493 2819 1713 2888; x_wconf 76' lang='lat' dir='ltr'><strong>Multi</strong></span> <span class='ocrx_word' id='word_1_155' title='bbox 1751 2817 1838 2884; x_wconf 89' lang='lat' dir='ltr'><strong>ab</strong></span> <span class='ocrx_word' id='word_1_156' title='bbox 1887 2818 2158 2885; x_wconf 78' lang='lat' dir='ltr'><strong>Oriente</strong></span> <span class='ocrx_word' id='word_1_157' title='bbox 2194 2825 2258 2882; x_wconf 85' lang='lat' dir='ltr'><strong>et</strong></span> <span class='ocrx_word' id='word_1_158' title='bbox 2300 2814 2657 2884; x_wconf 80' lang='lat' dir='ltr'><em>Occidente</em></span> 
     </span>
     <span class='ocr_line' id='line_1_24' title="bbox 1107 2920 2658 3006; baseline -0.006 -9"><span class='ocrx_word' id='word_1_159' title='bbox 1107 2937 1398 3006; x_wconf 73' lang='lat' dir='ltr'><strong>venient,</strong></span> <span class='ocrx_word' id='word_1_160' title='bbox 1441 2936 1503 2995; x_wconf 89' lang='lat' dir='ltr'><strong>ct</strong></span> <span class='ocrx_word' id='word_1_161' title='bbox 1542 2924 1931 2994; x_wconf 80' lang='lat' dir='ltr'><em>recumbent</em></span> <span class='ocrx_word' id='word_1_162' title='bbox 1975 2946 2125 2991; x_wconf 85' lang='lat' dir='ltr'><strong>cum</strong></span> <span class='ocrx_word' id='word_1_163' title='bbox 2173 2920 2552 3004; x_wconf 76' lang='lat' dir='ltr'><strong>Abraham,</strong></span> <span class='ocrx_word' id='word_1_164' title='bbox 2593 2930 2658 2988; x_wconf 85' lang='lat' dir='ltr'><strong>et</strong></span> 
     </span>
    </p>
   </div>
   <div class='ocr_carea' id='block_1_7' title="bbox 1109 3032 1711 3113">
    <p class='ocr_par' dir='ltr' id='par_1_7' title="bbox 1109 3032 1711 3113">
     <span class='ocr_line' id='line_1_25' title="bbox 1109 3032 1711 3113; baseline -0.013 -6"><span class='ocrx_word' id='word_1_165' title='bbox 1109 3040 1327 3113; x_wconf 83' lang='lat' dir='ltr'><strong>Isaac,</strong></span> <span class='ocrx_word' id='word_1_166' title='bbox 1372 3046 1438 3104; x_wconf 88' lang='lat' dir='ltr'><strong>et</strong></span> <span class='ocrx_word' id='word_1_167' title='bbox 1470 3032 1711 3105; x_wconf 83' lang='lat' dir='ltr'><strong>Jacob.</strong></span> 
     </span>
    </p>
   </div>
   <div class='ocr_carea' id='block_1_8' title="bbox 1102 3345 2666 5393">
    <p class='ocr_par' dir='ltr' id='par_1_8' title="bbox 1102 3345 2666 4948">
     <span class='ocr_line' id='line_1_26' title="bbox 1121 3345 2660 3428; baseline -0.002 -5"><span class='ocrx_word' id='word_1_168' title='bbox 1121 3345 1137 3358; x_wconf 77' lang='grc'><strong><em>’</em></strong></span> <span class='ocrx_word' id='word_1_169' title='bbox 1218 3388 1248 3423; x_wconf 74' lang='grc' dir='ltr'><strong>α</strong></span> <span class='ocrx_word' id='word_1_170' title='bbox 1296 3361 1730 3428; x_wconf 68' lang='lat' dir='ltr'><strong>Eri-averunt</strong></span> <span class='ocrx_word' id='word_1_171' title='bbox 1767 3356 1838 3422; x_wconf 81' lang='lat' dir='ltr'><strong>iu</strong></span> <span class='ocrx_word' id='word_1_172' title='bbox 1866 3352 2261 3420; x_wconf 73' lang='lat' dir='ltr'><strong>solitudine.</strong></span> <span class='ocrx_word' id='word_1_173' title='bbox 2298 3377 2333 3417; x_wconf 71' lang='grc' dir='ltr'><strong>ι</strong></span> <span class='ocrx_word' id='word_1_174' title='bbox 2377 3351 2508 3420; x_wconf 78' lang='lat' dir='ltr'><strong>llic</strong></span> <span class='ocrx_word' id='word_1_175' title='bbox 2544 3374 2660 3420; x_wconf 75' lang='lat' dir='ltr'><strong>se·-</strong></span> 
     </span>
     <span class='ocr_line' id='line_1_27' title="bbox 1114 3460 2663 3551; baseline -0.007 -14"><span class='ocrx_word' id='word_1_176' title='bbox 1114 3467 1417 3538; x_wconf 84' lang='lat' dir='ltr'><strong>cundum</strong></span> <span class='ocrx_word' id='word_1_177' title='bbox 1447 3463 1659 3532; x_wconf 75' lang='lat' dir='ltr'><strong>totius</strong></span> <span class='ocrx_word' id='word_1_178' title='bbox 1705 3461 1889 3529; x_wconf 74' lang='lat' dir='ltr'><strong>illius</strong></span> <span class='ocrx_word' id='word_1_179' title='bbox 1955 3461 2187 3551; x_wconf 83' lang='lat' dir='ltr'><strong>partis.</strong></span> <span class='ocrx_word' id='word_1_180' title='bbox 2223 3460 2292 3527; x_wconf 91' lang='lat' dir='ltr'><strong>in</strong></span> <span class='ocrx_word' id='word_1_181' title='bbox 2324 3481 2461 3551; x_wconf 86' lang='lat' dir='ltr'><strong>quo</strong></span> <span class='ocrx_word' id='word_1_182' title='bbox 2491 3460 2663 3527; x_wconf 77' lang='lat' dir='ltr'><strong>sub-</strong></span> 
     </span>
     <span class='ocr_line' id='line_1_28' title="bbox 1102 3568 2660 3668; baseline -0.005 -23"><span class='ocrx_word' id='word_1_183' title='bbox 1102 3577 1421 3668; x_wconf 76' lang='lat' dir='ltr'><strong>jungitur</strong></span> <span class='ocrx_word' id='word_1_184' title='bbox 1449 3572 1626 3641; x_wconf 84' lang='lat' dir='ltr'><strong>ratio</strong></span> <span class='ocrx_word' id='word_1_185' title='bbox 1666 3570 1910 3639; x_wconf 68' lang='lat' dir='ltr'><strong>laudiS.</strong></span> <span class='ocrx_word' id='word_1_186' title='bbox 1939 3568 2142 3636; x_wconf 84' lang='lat' dir='ltr'><strong>Tacta</strong></span> <span class='ocrx_word' id='word_1_187' title='bbox 2166 3569 2347 3636; x_wconf 84' lang='lat' dir='ltr'><strong>enim</strong></span> <span class='ocrx_word' id='word_1_188' title='bbox 2397 3569 2660 3637; x_wconf 84' lang='lat' dir='ltr'><strong>ratione</strong></span> 
     </span>
     <span class='ocr_line' id='line_1_29' title="bbox 1112 3677 2660 3781; baseline -0.006 -26"><span class='ocrx_word' id='word_1_189' title='bbox 1112 3710 1322 3781; x_wconf 78' lang='lat' dir='ltr'><strong>quare</strong></span> <span class='ocrx_word' id='word_1_190' title='bbox 1354 3681 1739 3750; x_wconf 84' lang='lat' dir='ltr'><strong>laudandus</strong></span> <span class='ocrx_word' id='word_1_191' title='bbox 1796 3681 1987 3772; x_wconf 70' lang='lat' dir='ltr'><strong>quasi</strong></span> <span class='ocrx_word' id='word_1_192' title='bbox 2041 3681 2107 3745; x_wconf 89' lang='lat' dir='ltr'><strong>in</strong></span> <span class='ocrx_word' id='word_1_193' title='bbox 2180 3677 2507 3769; x_wconf 78' lang='lat' dir='ltr'><strong>generali,</strong></span> <span class='ocrx_word' id='word_1_194' title='bbox 2550 3678 2660 3747; x_wconf 84' lang='lat' dir='ltr'><strong>hic</strong></span> 
     </span>
     <span class='ocr_line' id='line_1_30' title="bbox 1107 3784 2657 3882; baseline -0.007 -19"><span class='ocrx_word' id='word_1_195' title='bbox 1107 3795 1412 3882; x_wconf 69' lang='lat' dir='ltr'><strong>tangitur</strong></span> <span class='ocrx_word' id='word_1_196' title='bbox 1454 3793 1522 3858; x_wconf 85' lang='lat' dir='ltr'><strong>in</strong></span> <span class='ocrx_word' id='word_1_197' title='bbox 1589 3787 1890 3879; x_wconf 72' lang='lat' dir='ltr'><strong>speciali,</strong></span> <span class='ocrx_word' id='word_1_198' title='bbox 1951 3784 2292 3876; x_wconf 81' lang='lat' dir='ltr'><strong>tangendo</strong></span> <span class='ocrx_word' id='word_1_199' title='bbox 2332 3784 2657 3853; x_wconf 81' lang='lat' dir='ltr'><strong>beneficia</strong></span> 
     </span>
     <span class='ocr_line' id='line_1_31' title="bbox 1107 3892 2662 3995; baseline -0.008 -22"><span class='ocrx_word' id='word_1_200' title='bbox 1107 3901 1427 3995; x_wconf 73' lang='lat' dir='ltr'><strong>specialia</strong></span> <span class='ocrx_word' id='word_1_201' title='bbox 1458 3908 1779 3993; x_wconf 85' lang='lat' dir='ltr'><strong>quatuor,</strong></span> <span class='ocrx_word' id='word_1_202' title='bbox 1823 3905 1885 3964; x_wconf 89' lang='lat' dir='ltr'><strong>et</strong></span> <span class='ocrx_word' id='word_1_203' title='bbox 1917 3894 2286 3964; x_wconf 74' lang='lat' dir='ltr'><strong>secundum</strong></span> <span class='ocrx_word' id='word_1_204' title='bbox 2329 3892 2459 3963; x_wconf 81' lang='lat' dir='ltr'><strong>hoe</strong></span> <span class='ocrx_word' id='word_1_205' title='bbox 2495 3917 2662 3987; x_wconf 88' lang='lat' dir='ltr'><strong>qua·</strong></span> 
     </span>
     <span class='ocr_line' id='line_1_32' title="bbox 1105 4000 2662 4099; baseline -0.006 -20"><span class='ocrx_word' id='word_1_206' title='bbox 1105 4021 1267 4079; x_wconf 87' lang='lat' dir='ltr'><strong>tuor</strong></span> <span class='ocrx_word' id='word_1_207' title='bbox 1306 4016 1533 4099; x_wconf 77' lang='lat' dir='ltr'><strong>partes</strong></span> <span class='ocrx_word' id='word_1_208' title='bbox 1574 4013 1732 4071; x_wconf 82' lang='lat' dir='ltr'><strong>sunt</strong></span> <span class='ocrx_word' id='word_1_209' title='bbox 1766 4002 1898 4070; x_wconf 84' lang='lat' dir='ltr'><strong>bic.</strong></span> <span class='ocrx_word' id='word_1_210' title='bbox 1938 4002 2244 4070; x_wconf 77' lang='lat' dir='ltr'><strong>Primum</strong></span> <span class='ocrx_word' id='word_1_211' title='bbox 2275 4011 2375 4067; x_wconf 77' lang='lat' dir='ltr'><strong>est</strong></span> <span class='ocrx_word' id='word_1_212' title='bbox 2408 4000 2662 4070; x_wconf 86' lang='lat' dir='ltr'><strong>libera-</strong></span> 
     </span>
     <span class='ocr_line' id='line_1_33' title="bbox 1106 4109 2660 4185; baseline -0.007 0"><span class='ocrx_word' id='word_1_213' title='bbox 1106 4119 1204 4185; x_wconf 87' lang='lat' dir='ltr'><strong>tio</strong></span> <span class='ocrx_word' id='word_1_214' title='bbox 1244 4138 1283 4182; x_wconf 78' lang='lat' dir='ltr'><strong>a</strong></span> <span class='ocrx_word' id='word_1_215' title='bbox 1314 4114 1589 4182; x_wconf 79' lang='lat' dir='ltr'><strong>miseria</strong></span> <span class='ocrx_word' id='word_1_216' title='bbox 1629 4113 1697 4178; x_wconf 90' lang='lat' dir='ltr'><strong>in</strong></span> <span class='ocrx_word' id='word_1_217' title='bbox 1727 4113 1865 4177; x_wconf 81' lang='lat' dir='ltr'><strong>via.</strong></span> <span class='ocrx_word' id='word_1_218' title='bbox 1901 4109 2314 4185; x_wconf 78' lang='lat' dir='ltr'><strong>Secundum,</strong></span> <span class='ocrx_word' id='word_1_219' title='bbox 2348 4109 2660 4176; x_wconf 81' lang='lat' dir='ltr'><strong>liberatio</strong></span> 
     </span>
     <span class='ocr_line' id='line_1_34' title="bbox 1110 4215 2664 4312; baseline -0.006 -20"><span class='ocrx_word' id='word_1_220' title='bbox 1110 4248 1149 4292; x_wconf 78' lang='lat' dir='ltr'><strong>a</strong></span> <span class='ocrx_word' id='word_1_221' title='bbox 1180 4224 1455 4292; x_wconf 76' lang='lat' dir='ltr'><strong>miseria</strong></span> <span class='ocrx_word' id='word_1_222' title='bbox 1529 4241 1736 4312; x_wconf 86' lang='lat' dir='ltr'><strong>quam</strong></span> <span class='ocrx_word' id='word_1_223' title='bbox 1778 4215 2157 4284; x_wconf 84' lang='lat' dir='ltr'><strong>babuerunt</strong></span> <span class='ocrx_word' id='word_1_224' title='bbox 2216 4218 2282 4283; x_wconf 88' lang='lat' dir='ltr'><strong>in</strong></span> <span class='ocrx_word' id='word_1_225' title='bbox 2323 4218 2468 4307; x_wconf 90' lang='lat' dir='ltr'><strong>ipsa</strong></span> <span class='ocrx_word' id='word_1_226' title='bbox 2525 4216 2664 4283; x_wconf 86' lang='lat' dir='ltr'><strong>Ba·-</strong></span> 
     </span>
     <span class='ocr_line' id='line_1_35' title="bbox 1109 4322 2666 4424; baseline -0.006 -23"><span class='ocrx_word' id='word_1_227' title='bbox 1109 4330 1390 4424; x_wconf 74' lang='lat' dir='ltr'><strong>bylone,</strong></span> <span class='ocrx_word' id='word_1_228' title='bbox 1434 4328 1555 4412; x_wconf 90' lang='lat' dir='ltr'><strong>ibi,</strong></span> <span class='ocrx_word' id='word_1_229' title='bbox 1597 4335 1660 4403; x_wconf 67' lang='lat'><strong>5.</strong></span> <span class='ocrx_word' id='word_1_230' title='bbox 1713 4326 1830 4393; x_wconf 79' lang='lat'><strong>¹0:</strong></span> <span class='ocrx_word' id='word_1_231' title='bbox 1914 4353 1949 4388; x_wconf 72' lang='grc' dir='ltr'><strong><em>α</em></strong></span> <span class='ocrx_word' id='word_1_232' title='bbox 1994 4322 2311 4392; x_wconf 71' lang='lat' dir='ltr'><strong>Sede-ntes</strong></span> <span class='ocrx_word' id='word_1_233' title='bbox 2377 4325 2444 4390; x_wconf 82' lang='lat' dir='ltr'><strong>iu</strong></span> <span class='ocrx_word' id='word_1_234' title='bbox 2476 4335 2666 4392; x_wconf 83' lang='lat' dir='ltr'><strong>tene-</strong></span> 
     </span>
     <span class='ocr_line' id='line_1_36' title="bbox 1113 4431 2663 4513; baseline -0.005 -3"><span class='ocrx_word' id='word_1_235' title='bbox 1113 4441 1277 4510; x_wconf 82' lang='lat' dir='ltr'><strong>bris.</strong></span> <span class='ocrx_word' id='word_1_236' title='bbox 1311 4438 1701 4513; x_wconf 79' lang='lat' dir='ltr'><strong>»Tertium.</strong></span> <span class='ocrx_word' id='word_1_237' title='bbox 1744 4433 2056 4503; x_wconf 80' lang='lat' dir='ltr'><strong>liberatio</strong></span> <span class='ocrx_word' id='word_1_238' title='bbox 2103 4454 2145 4501; x_wconf 82' lang='lat' dir='ltr'><strong>a</strong></span> <span class='ocrx_word' id='word_1_239' title='bbox 2190 4431 2374 4502; x_wconf 86' lang='lat' dir='ltr'><strong>malo</strong></span> <span class='ocrx_word' id='word_1_240' title='bbox 2414 4443 2480 4503; x_wconf 88' lang='lat' dir='ltr'><strong>et</strong></span> <span class='ocrx_word' id='word_1_241' title='bbox 2526 4433 2663 4502; x_wconf 78' lang='lat' dir='ltr'><strong>dir-</strong></span> 
     </span>
     <span class='ocr_line' id='line_1_37' title="bbox 1113 4539 2656 4637; baseline -0.006 -19"><span class='ocrx_word' id='word_1_242' title='bbox 1113 4548 1411 4618; x_wconf 83' lang='lat' dir='ltr'><strong>ticultate</strong></span> <span class='ocrx_word' id='word_1_243' title='bbox 1467 4566 1677 4637; x_wconf 85' lang='lat' dir='ltr'><strong>quam</strong></span> <span class='ocrx_word' id='word_1_244' title='bbox 1711 4539 2094 4610; x_wconf 85' lang='lat' dir='ltr'><strong>habueruut</strong></span> <span class='ocrx_word' id='word_1_245' title='bbox 2122 4541 2192 4610; x_wconf 90' lang='lat' dir='ltr'><strong>in</strong></span> <span class='ocrx_word' id='word_1_246' title='bbox 2223 4563 2516 4620; x_wconf 81' lang='lat' dir='ltr'><strong>recessu.</strong></span> <span class='ocrx_word' id='word_1_247' title='bbox 2538 4541 2656 4619; x_wconf 88' lang='lat' dir='ltr'><strong>ibi,</strong></span> 
     </span>
     <span class='ocr_line' id='line_1_38' title="bbox 1110 4648 2662 4738; baseline -0.005 -13"><span class='ocrx_word' id='word_1_248' title='bbox 1110 4668 1172 4734; x_wconf 65' lang='lat'><strong>&gt;²-</strong></span> <span class='ocrx_word' id='word_1_249' title='bbox 1218 4658 1305 4723; x_wconf 81' lang='lat'><strong>23</strong></span> <span class='ocrx_word' id='word_1_250' title='bbox 1337 4682 1372 4717; x_wconf 75' lang='grc' dir='ltr'>ι</span> <span class='ocrx_word' id='word_1_251' title='bbox 1420 4652 1561 4738; x_wconf 84' lang='lat' dir='ltr'><strong>Qui</strong></span> <span class='ocrx_word' id='word_1_252' title='bbox 1617 4649 2050 4716; x_wconf 77' lang='lat' dir='ltr'><strong>descendunt.</strong></span> <span class='ocrx_word' id='word_1_253' title='bbox 2090 4674 2123 4714; x_wconf 68' lang='grc' dir='ltr'>ι</span> <span class='ocrx_word' id='word_1_254' title='bbox 2165 4648 2526 4730; x_wconf 85' lang='lat' dir='ltr'><strong>Quartum,</strong></span> <span class='ocrx_word' id='word_1_255' title='bbox 2571 4651 2662 4718; x_wconf 88' lang='lat' dir='ltr'><strong>li-</strong></span> 
     </span>
     <span class='ocr_line' id='line_1_39' title="bbox 1110 4754 2666 4848; baseline -0.005 -15"><span class='ocrx_word' id='word_1_256' title='bbox 1110 4764 1373 4833; x_wconf 82' lang='lat' dir='ltr'><strong>beratio</strong></span> <span class='ocrx_word' id='word_1_257' title='bbox 1403 4782 1441 4827; x_wconf 82' lang='lat' dir='ltr'><strong>a</strong></span> <span class='ocrx_word' id='word_1_258' title='bbox 1494 4769 1751 4827; x_wconf 89' lang='lat' dir='ltr'><strong>terrore</strong></span> <span class='ocrx_word' id='word_1_259' title='bbox 1803 4754 2332 4847; x_wconf 77' lang='lat' dir='ltr'><strong>Babyloniorum</strong></span> <span class='ocrx_word' id='word_1_260' title='bbox 2389 4766 2547 4848; x_wconf 85' lang='lat' dir='ltr'><strong>post</strong></span> <span class='ocrx_word' id='word_1_261' title='bbox 2586 4756 2666 4825; x_wconf 91' lang='lat' dir='ltr'><strong>li·</strong></span> 
     </span>
     <span class='ocr_line' id='line_1_40' title="bbox 1111 4864 2655 4948; baseline -0.008 -8"><span class='ocrx_word' id='word_1_262' title='bbox 1111 4872 1568 4948; x_wconf 85' lang='lat' dir='ltr'><strong>berationem,</strong></span> <span class='ocrx_word' id='word_1_263' title='bbox 1603 4864 1721 4942; x_wconf 87' lang='lat' dir='ltr'><strong>ibi,</strong></span> <span class='ocrx_word' id='word_1_264' title='bbox 1755 4872 1820 4940; x_wconf 75' lang='lat'><strong>5.</strong></span> <span class='ocrx_word' id='word_1_265' title='bbox 1865 4867 1990 4932; x_wconf 81' lang='lat'><strong>32:</strong></span> <span class='ocrx_word' id='word_1_266' title='bbox 2047 4888 2081 4927; x_wconf 73' lang='grc' dir='ltr'>ι</span> <span class='ocrx_word' id='word_1_267' title='bbox 2115 4866 2209 4931; x_wconf 83' lang='lat' dir='ltr'><strong>Et</strong></span> <span class='ocrx_word' id='word_1_268' title='bbox 2253 4864 2582 4935; x_wconf 74' lang='lat' dir='ltr'><strong>esattmu.</strong></span> <span class='ocrx_word' id='word_1_269' title='bbox 2620 4892 2655 4928; x_wconf 70' lang='lat' dir='ltr'>n</span> 
     </span>
    </p>

    <p class='ocr_par' dir='ltr' id='par_1_9' title="bbox 1108 4970 2662 5393">
     <span class='ocr_line' id='line_1_41' title="bbox 1201 4970 2661 5069; baseline -0.005 -22"><span class='ocrx_word' id='word_1_270' title='bbox 1201 4977 1279 5047; x_wconf 91' lang='lat' dir='ltr'><strong>ln</strong></span> <span class='ocrx_word' id='word_1_271' title='bbox 1303 4977 1527 5069; x_wconf 88' lang='lat' dir='ltr'><strong>prima</strong></span> <span class='ocrx_word' id='word_1_272' title='bbox 1565 4973 1888 5042; x_wconf 86' lang='lat' dir='ltr'><strong>dicuntur</strong></span> <span class='ocrx_word' id='word_1_273' title='bbox 1923 4972 2071 5040; x_wconf 88' lang='lat' dir='ltr'><strong>tria.</strong></span> <span class='ocrx_word' id='word_1_274' title='bbox 2115 4970 2372 5058; x_wconf 82' lang='lat' dir='ltr'><strong>Primo,</strong></span> <span class='ocrx_word' id='word_1_275' title='bbox 2426 4974 2661 5064; x_wconf 80' lang='lat' dir='ltr'><strong>tangi-</strong></span> 
     </span>
     <span class='ocr_line' id='line_1_42' title="bbox 1108 5082 2662 5177; baseline -0.006 -19"><span class='ocrx_word' id='word_1_276' title='bbox 1108 5101 1220 5159; x_wconf 87' lang='lat' dir='ltr'><strong>tur</strong></span> <span class='ocrx_word' id='word_1_277' title='bbox 1251 5087 1512 5156; x_wconf 87' lang='lat' dir='ltr'><strong>malum</strong></span> <span class='ocrx_word' id='word_1_278' title='bbox 1545 5082 1729 5177; x_wconf 86' lang='lat' dir='ltr'><strong>quod</strong></span> <span class='ocrx_word' id='word_1_279' title='bbox 1769 5082 1895 5150; x_wconf 81' lang='lat' dir='ltr'><strong>ruit</strong></span> <span class='ocrx_word' id='word_1_280' title='bbox 1927 5082 1994 5148; x_wconf 84' lang='lat' dir='ltr'><strong>in</strong></span> <span class='ocrx_word' id='word_1_281' title='bbox 2033 5104 2394 5173; x_wconf 81' lang='lat' dir='ltr'><strong>progressu</strong></span> <span class='ocrx_word' id='word_1_282' title='bbox 2430 5082 2497 5150; x_wconf 90' lang='lat' dir='ltr'><strong>in</strong></span> <span class='ocrx_word' id='word_1_283' title='bbox 2522 5083 2662 5151; x_wconf 85' lang='lat' dir='ltr'><strong>Ba-</strong></span> 
     </span>
     <span class='ocr_line' id='line_1_43' title="bbox 1110 5188 2662 5291; baseline -0.005 -25"><span class='ocrx_word' id='word_1_284' title='bbox 1110 5196 1503 5291; x_wconf 74' lang='lat' dir='ltr'><strong>bylonieam</strong></span> <span class='ocrx_word' id='word_1_285' title='bbox 1571 5193 1942 5262; x_wconf 80' lang='lat' dir='ltr'><strong>civitatem.</strong></span> <span class='ocrx_word' id='word_1_286' title='bbox 1999 5188 2339 5269; x_wconf 81' lang='lat' dir='ltr'><strong>Secunde,</strong></span> <span class='ocrx_word' id='word_1_287' title='bbox 2400 5191 2662 5261; x_wconf 87' lang='lat' dir='ltr'><strong>clamor</strong></span> 
     </span>
     <span class='ocr_line' id='line_1_44' title="bbox 1110 5296 2660 5393; baseline -0.006 -18"><span class='ocrx_word' id='word_1_288' title='bbox 1110 5306 1193 5375; x_wconf 82' lang='lat' dir='ltr'><strong>ad</strong></span> <span class='ocrx_word' id='word_1_289' title='bbox 1230 5305 1450 5373; x_wconf 77' lang='lat' dir='ltr'><strong>Deum</strong></span> <span class='ocrx_word' id='word_1_290' title='bbox 1490 5325 1617 5393; x_wconf 85' lang='lat' dir='ltr'><strong>pro</strong></span> <span class='ocrx_word' id='word_1_291' title='bbox 1658 5298 1843 5368; x_wconf 81' lang='lat' dir='ltr'><strong>malo</strong></span> <span class='ocrx_word' id='word_1_292' title='bbox 1881 5298 2025 5378; x_wconf 89' lang='lat' dir='ltr'><strong>illo,</strong></span> <span class='ocrx_word' id='word_1_293' title='bbox 2067 5296 2186 5374; x_wconf 89' lang='lat' dir='ltr'><strong>ibi,</strong></span> <span class='ocrx_word' id='word_1_294' title='bbox 2217 5305 2285 5375; x_wconf 53' lang='grc' dir='ltr'><strong>ὴ.</strong></span> <span class='ocrx_word' id='word_1_295' title='bbox 2320 5301 2361 5363; x_wconf 84' lang='grc'><strong>6</strong></span> <span class='ocrx_word' id='word_1_296' title='bbox 2397 5320 2414 5367; x_wconf 88' lang='lat'>:</span> <span class='ocrx_word' id='word_1_297' title='bbox 2487 5327 2522 5362; x_wconf 75' lang='grc' dir='ltr'><strong>α</strong></span> <span class='ocrx_word' id='word_1_298' title='bbox 2566 5301 2660 5368; x_wconf 83' lang='lat' dir='ltr'><strong>Et</strong></span> 
     </span>
    </p>
   </div>
   <div class='ocr_carea' id='block_1_9' title="bbox 1185 5538 1798 5606">
    <p class='ocr_par' dir='ltr' id='par_1_10' title="bbox 1185 5538 1798 5606">
     <span class='ocr_line' id='line_1_45' title="bbox 1185 5538 1798 5606; baseline -0.015 -5"><span class='ocrx_word' id='word_1_299' title='bbox 1185 5546 1201 5581; x_wconf 82' lang='lat'>⁸</span> <span class='ocrx_word' id='word_1_300' title='bbox 1234 5542 1322 5600; x_wconf 78' lang='lat' dir='ltr'><strong>Cf.</strong></span> <span class='ocrx_word' id='word_1_301' title='bbox 1349 5544 1565 5597; x_wconf 62' lang='lat' dir='ltr'><strong>(tenes.</strong></span> <span class='ocrx_word' id='word_1_302' title='bbox 1597 5554 1674 5606; x_wconf 77' lang='lat' dir='ltr'><strong>iv,</strong></span> <span class='ocrx_word' id='word_1_303' title='bbox 1711 5538 1798 5593; x_wconf 77' lang='lat'><strong>12.</strong></span> 
     </span>
    </p>
   </div>
   <div class='ocr_carea' id='block_1_10' title="bbox 4197 149 4309 215">
    <p class='ocr_par' dir='ltr' id='par_1_11' title="bbox 4197 149 4309 215">
     <span class='ocr_line' id='line_1_46' title="bbox 4197 149 4309 215; baseline -0.018 0"><span class='ocrx_word' id='word_1_304' title='bbox 4197 149 4309 215; x_wconf 80' lang='lat'><strong>111</strong></span> 
     </span>
    </p>
   </div>
   <div class='ocr_carea' id='block_1_11' title="bbox 2755 326 4321 3441">
    <p class='ocr_par' dir='ltr' id='par_1_12' title="bbox 2755 326 4312 632">
     <span class='ocr_line' id='line_1_47' title="bbox 2755 326 4312 408; baseline -0.003 -11"><span class='ocrx_word' id='word_1_305' title='bbox 2755 331 3325 399; x_wconf 78' lang='lat' dir='ltr'><strong>clamaverunt.»</strong></span> <span class='ocrx_word' id='word_1_306' title='bbox 3386 332 3640 408; x_wconf 88' lang='lat' dir='ltr'><strong>Tertio,</strong></span> <span class='ocrx_word' id='word_1_307' title='bbox 3704 328 4042 396; x_wconf 77' lang='lat' dir='ltr'><strong>consessio</strong></span> <span class='ocrx_word' id='word_1_308' title='bbox 4091 326 4312 393; x_wconf 85' lang='lat' dir='ltr'><strong>laudis</strong></span> 
     </span>
     <span class='ocr_line' id='line_1_48' title="bbox 2758 433 4307 526; baseline -0.003 -23"><span class='ocrx_word' id='word_1_309' title='bbox 2758 459 2878 526; x_wconf 90' lang='lat' dir='ltr'><strong>pro</strong></span> <span class='ocrx_word' id='word_1_310' title='bbox 2920 435 3321 504; x_wconf 78' lang='lat' dir='ltr'><strong>liberatione</strong></span> <span class='ocrx_word' id='word_1_311' title='bbox 3372 460 3411 503; x_wconf 88' lang='lat' dir='ltr'><strong>a</strong></span> <span class='ocrx_word' id='word_1_312' title='bbox 3477 436 3657 503; x_wconf 90' lang='lat' dir='ltr'><strong>malo</strong></span> <span class='ocrx_word' id='word_1_313' title='bbox 3727 435 3870 514; x_wconf 91' lang='lat' dir='ltr'><strong>illo,</strong></span> <span class='ocrx_word' id='word_1_314' title='bbox 3916 433 4034 510; x_wconf 91' lang='lat' dir='ltr'><strong>ibi,</strong></span> <span class='ocrx_word' id='word_1_315' title='bbox 4105 441 4169 509; x_wconf 59' lang='lat'><strong>5.</strong></span> <span class='ocrx_word' id='word_1_316' title='bbox 4217 434 4307 499; x_wconf 87' lang='lat'><strong>8:</strong></span> 
     </span>
     <span class='ocr_line' id='line_1_49' title="bbox 2762 544 3740 632; baseline -0.006 -19"><span class='ocrx_word' id='word_1_317' title='bbox 2762 572 2793 606; x_wconf 73' lang='grc' dir='ltr'><strong>(ι</strong></span> <span class='ocrx_word' id='word_1_318' title='bbox 2832 544 3307 632; x_wconf 79' lang='lat' dir='ltr'><strong>Confiteantur</strong></span> <span class='ocrx_word' id='word_1_319' title='bbox 3334 545 3659 611; x_wconf 82' lang='lat' dir='ltr'><strong>Domino.</strong></span> <span class='ocrx_word' id='word_1_320' title='bbox 3710 570 3740 607; x_wconf 73' lang='grc' dir='ltr'><strong>ι)</strong></span> 
     </span>
    </p>

    <p class='ocr_par' dir='ltr' id='par_1_13' title="bbox 2758 652 4313 1375">
     <span class='ocr_line' id='line_1_50' title="bbox 2850 652 4307 745; baseline -0.001 -27"><span class='ocrx_word' id='word_1_321' title='bbox 2850 652 2925 720; x_wconf 89' lang='lat' dir='ltr'><strong>In</strong></span> <span class='ocrx_word' id='word_1_322' title='bbox 2966 657 3184 745; x_wconf 90' lang='lat' dir='ltr'><strong>prima</strong></span> <span class='ocrx_word' id='word_1_323' title='bbox 3225 656 3350 720; x_wconf 88' lang='lat' dir='ltr'><strong>tria</strong></span> <span class='ocrx_word' id='word_1_324' title='bbox 3383 654 3761 721; x_wconf 85' lang='lat' dir='ltr'><strong>secundum</strong></span> <span class='ocrx_word' id='word_1_325' title='bbox 3803 656 3931 721; x_wconf 85' lang='lat' dir='ltr'><strong>tria</strong></span> <span class='ocrx_word' id='word_1_326' title='bbox 3992 652 4173 720; x_wconf 87' lang='lat' dir='ltr'><strong>mala</strong></span> <span class='ocrx_word' id='word_1_327' title='bbox 4238 654 4307 718; x_wconf 90' lang='lat' dir='ltr'><strong>in</strong></span> 
     </span>
     <span class='ocr_line' id='line_1_51' title="bbox 2759 762 4307 853; baseline -0.001 -26"><span class='ocrx_word' id='word_1_328' title='bbox 2759 764 2892 827; x_wconf 82' lang='lat' dir='ltr'><strong>via.</strong></span> <span class='ocrx_word' id='word_1_329' title='bbox 2942 762 3279 840; x_wconf 84' lang='lat' dir='ltr'><strong>Primum,</strong></span> <span class='ocrx_word' id='word_1_330' title='bbox 3325 784 3514 829; x_wconf 87' lang='lat' dir='ltr'><strong>error</strong></span> <span class='ocrx_word' id='word_1_331' title='bbox 3580 770 3645 828; x_wconf 91' lang='lat' dir='ltr'><strong>et</strong></span> <span class='ocrx_word' id='word_1_332' title='bbox 3709 762 4099 853; x_wconf 78' lang='lat' dir='ltr'><strong>ignorantia</strong></span> <span class='ocrx_word' id='word_1_333' title='bbox 4155 762 4307 827; x_wconf 82' lang='lat' dir='ltr'><strong>viae.</strong></span> 
     </span>
     <span class='ocr_line' id='line_1_52' title="bbox 2764 867 4310 958; baseline -0.002 -22"><span class='ocrx_word' id='word_1_334' title='bbox 2764 867 3181 947; x_wconf 83' lang='lat' dir='ltr'><strong>Secundum,</strong></span> <span class='ocrx_word' id='word_1_335' title='bbox 3217 872 3512 936; x_wconf 85' lang='lat' dir='ltr'><strong>carentia</strong></span> <span class='ocrx_word' id='word_1_336' title='bbox 3540 869 3671 936; x_wconf 85' lang='lat' dir='ltr'><strong>loci</strong></span> <span class='ocrx_word' id='word_1_337' title='bbox 3704 867 3792 935; x_wconf 92' lang='lat' dir='ltr'><strong>ad</strong></span> <span class='ocrx_word' id='word_1_338' title='bbox 3821 867 4310 958; x_wconf 85' lang='lat' dir='ltr'><strong>quiescendum</strong></span> 
     </span>
     <span class='ocr_line' id='line_1_53' title="bbox 2760 975 4313 1056; baseline -0.002 -12"><span class='ocrx_word' id='word_1_339' title='bbox 2760 978 2830 1044; x_wconf 89' lang='lat' dir='ltr'><strong>in</strong></span> <span class='ocrx_word' id='word_1_340' title='bbox 2871 986 3090 1056; x_wconf 87' lang='lat' dir='ltr'><strong>nocte,</strong></span> <span class='ocrx_word' id='word_1_341' title='bbox 3173 977 3291 1056; x_wconf 90' lang='lat' dir='ltr'><strong>ibi,</strong></span> <span class='ocrx_word' id='word_1_342' title='bbox 3358 1003 3390 1043; x_wconf 72' lang='grc' dir='ltr'>α</span> <span class='ocrx_word' id='word_1_343' title='bbox 3441 979 3630 1044; x_wconf 82' lang='lat' dir='ltr'><strong>Viam</strong></span> <span class='ocrx_word' id='word_1_344' title='bbox 3695 978 4020 1044; x_wconf 85' lang='lat' dir='ltr'><strong>civitatis.</strong></span> <span class='ocrx_word' id='word_1_345' title='bbox 4069 1001 4103 1041; x_wconf 64' lang='lat' dir='ltr'>n</span> <span class='ocrx_word' id='word_1_346' title='bbox 4145 975 4313 1043; x_wconf 90' lang='lat' dir='ltr'><strong>Ter-</strong></span> 
     </span>
     <span class='ocr_line' id='line_1_54' title="bbox 2758 1084 4313 1175; baseline -0.001 -23"><span class='ocrx_word' id='word_1_347' title='bbox 2758 1088 2956 1166; x_wconf 87' lang='lat' dir='ltr'><strong>tium,</strong></span> <span class='ocrx_word' id='word_1_348' title='bbox 3001 1085 3303 1154; x_wconf 77' lang='lat' dir='ltr'><strong>defectus</strong></span> <span class='ocrx_word' id='word_1_349' title='bbox 3343 1086 3473 1153; x_wconf 84' lang='lat' dir='ltr'><strong>eibi</strong></span> <span class='ocrx_word' id='word_1_350' title='bbox 3505 1095 3570 1152; x_wconf 89' lang='lat' dir='ltr'><strong>et</strong></span> <span class='ocrx_word' id='word_1_351' title='bbox 3607 1094 3832 1175; x_wconf 75' lang='lat' dir='ltr'><strong>potuS,</strong></span> <span class='ocrx_word' id='word_1_352' title='bbox 3872 1092 3939 1151; x_wconf 86' lang='lat' dir='ltr'><strong>et</strong></span> <span class='ocrx_word' id='word_1_353' title='bbox 3979 1086 4048 1151; x_wconf 91' lang='lat' dir='ltr'><strong>in</strong></span> <span class='ocrx_word' id='word_1_354' title='bbox 4106 1084 4215 1152; x_wconf 91' lang='lat' dir='ltr'><strong>die</strong></span> <span class='ocrx_word' id='word_1_355' title='bbox 4248 1093 4313 1151; x_wconf 87' lang='lat' dir='ltr'><strong>et</strong></span> 
     </span>
     <span class='ocr_line' id='line_1_55' title="bbox 2760 1198 4312 1283; baseline -0.001 -19"><span class='ocrx_word' id='word_1_356' title='bbox 2760 1200 2831 1264; x_wconf 93' lang='lat' dir='ltr'><strong>in</strong></span> <span class='ocrx_word' id='word_1_357' title='bbox 2863 1207 3085 1283; x_wconf 85' lang='lat' dir='ltr'><strong>noete,</strong></span> <span class='ocrx_word' id='word_1_358' title='bbox 3124 1198 3237 1275; x_wconf 89' lang='lat' dir='ltr'><strong>ibi,</strong></span> <span class='ocrx_word' id='word_1_359' title='bbox 3262 1205 3325 1273; x_wconf 51' lang='grc' dir='ltr'><strong>δ’.</strong></span> <span class='ocrx_word' id='word_1_360' title='bbox 3363 1201 3401 1265; x_wconf 80' lang='lat'>5</span> <span class='ocrx_word' id='word_1_361' title='bbox 3430 1221 3444 1264; x_wconf 92' lang='lat'>:</span> <span class='ocrx_word' id='word_1_362' title='bbox 3488 1227 3519 1260; x_wconf 89' lang='lat'>«</span> <span class='ocrx_word' id='word_1_363' title='bbox 3544 1198 3942 1265; x_wconf 81' lang='lat' dir='ltr'><strong>Esurientes</strong></span> <span class='ocrx_word' id='word_1_364' title='bbox 3972 1207 4036 1263; x_wconf 88' lang='lat' dir='ltr'><strong>ct</strong></span> <span class='ocrx_word' id='word_1_365' title='bbox 4070 1198 4312 1265; x_wconf 82' lang='lat' dir='ltr'><strong>sitien-</strong></span> 
     </span>
     <span class='ocr_line' id='line_1_56' title="bbox 2759 1319 2958 1375; baseline 0 -1"><span class='ocrx_word' id='word_1_366' title='bbox 2759 1319 2876 1375; x_wconf 83' lang='lat' dir='ltr'><strong>tes.</strong></span> <span class='ocrx_word' id='word_1_367' title='bbox 2927 1334 2958 1374; x_wconf 72' lang='grc' dir='ltr'><strong>ι</strong></span> 
     </span>
    </p>

    <p class='ocr_par' dir='ltr' id='par_1_14' title="bbox 2755 1416 4315 2586">
     <span class='ocr_line' id='line_1_57' title="bbox 2854 1416 4309 1505; baseline 0.002 -24"><span class='ocrx_word' id='word_1_368' title='bbox 2854 1416 3026 1484; x_wconf 78' lang='lat' dir='ltr'><strong>Dicit</strong></span> <span class='ocrx_word' id='word_1_369' title='bbox 3048 1439 3209 1505; x_wconf 85' lang='lat' dir='ltr'><strong>ergo</strong></span> <span class='ocrx_word' id='word_1_370' title='bbox 3237 1439 3250 1482; x_wconf 90' lang='lat'>:</span> <span class='ocrx_word' id='word_1_371' title='bbox 3292 1416 3407 1485; x_wconf 86' lang='lat' dir='ltr'><strong>Sic</strong></span> <span class='ocrx_word' id='word_1_372' title='bbox 3437 1419 3670 1485; x_wconf 91' lang='lat' dir='ltr'><strong>monui</strong></span> <span class='ocrx_word' id='word_1_373' title='bbox 3707 1428 3780 1486; x_wconf 87' lang='lat' dir='ltr'><strong>ut</strong></span> <span class='ocrx_word' id='word_1_374' title='bbox 3809 1417 4309 1500; x_wconf 80' lang='lat' dir='ltr'><strong>confiteamini,</strong></span> 
     </span>
     <span class='ocr_line' id='line_1_58' title="bbox 2759 1526 4308 1615; baseline 0.001 -26"><span class='ocrx_word' id='word_1_375' title='bbox 2759 1526 2978 1613; x_wconf 79' lang='lat' dir='ltr'><strong>quia«</strong></span> <span class='ocrx_word' id='word_1_376' title='bbox 3012 1535 3413 1592; x_wconf 78' lang='lat' dir='ltr'><strong>erraverunt</strong></span> <span class='ocrx_word' id='word_1_377' title='bbox 3469 1527 3539 1591; x_wconf 81' lang='lat' dir='ltr'><strong>in</strong></span> <span class='ocrx_word' id='word_1_378' title='bbox 3593 1527 4000 1604; x_wconf 73' lang='lat' dir='ltr'><strong>solitudine,</strong></span> <span class='ocrx_word' id='word_1_379' title='bbox 4048 1551 4082 1591; x_wconf 69' lang='grc' dir='ltr'><strong>ιο</strong></span> <span class='ocrx_word' id='word_1_380' title='bbox 4126 1546 4308 1615; x_wconf 83' lang='lat' dir='ltr'><strong>quae,</strong></span> 
     </span>
     <span class='ocr_line' id='line_1_59' title="bbox 2757 1631 4307 1724; baseline -0.001 -27"><span class='ocrx_word' id='word_1_381' title='bbox 2757 1631 3062 1720; x_wconf 83' lang='lat' dir='ltr'><strong>iuquam,</strong></span> <span class='ocrx_word' id='word_1_382' title='bbox 3121 1631 3416 1700; x_wconf 83' lang='lat' dir='ltr'><strong>solitudo</strong></span> <span class='ocrx_word' id='word_1_383' title='bbox 3467 1642 3609 1701; x_wconf 83' lang='lat' dir='ltr'><strong>erat</strong></span> <span class='ocrx_word' id='word_1_384' title='bbox 3652 1660 3683 1698; x_wconf 73' lang='grc' dir='ltr'>ι</span> <span class='ocrx_word' id='word_1_385' title='bbox 3732 1635 3800 1700; x_wconf 81' lang='lat' dir='ltr'><strong>in</strong></span> <span class='ocrx_word' id='word_1_386' title='bbox 3863 1635 4221 1724; x_wconf 81' lang='lat' dir='ltr'><strong>inaquoso,</strong></span> <span class='ocrx_word' id='word_1_387' title='bbox 4276 1657 4307 1695; x_wconf 70' lang='grc' dir='ltr'><strong>ι</strong></span> 
     </span>
     <span class='ocr_line' id='line_1_60' title="bbox 2756 1738 4310 1829; baseline 0.001 -25"><span class='ocrx_word' id='word_1_388' title='bbox 2756 1738 3021 1829; x_wconf 80' lang='lat' dir='ltr'><strong>supple,</strong></span> <span class='ocrx_word' id='word_1_389' title='bbox 3057 1738 3251 1806; x_wconf 87' lang='lat' dir='ltr'><strong>loco:</strong></span> <span class='ocrx_word' id='word_1_390' title='bbox 3315 1742 3592 1829; x_wconf 84' lang='lat' dir='ltr'><strong>quidam</strong></span> <span class='ocrx_word' id='word_1_391' title='bbox 3662 1740 4027 1829; x_wconf 74' lang='lat' dir='ltr'><strong>fugienteS,</strong></span> <span class='ocrx_word' id='word_1_392' title='bbox 4072 1749 4138 1808; x_wconf 87' lang='lat' dir='ltr'><strong>et</strong></span> <span class='ocrx_word' id='word_1_393' title='bbox 4184 1763 4310 1805; x_wconf 75' lang='lat' dir='ltr'><strong>va-</strong></span> 
     </span>
     <span class='ocr_line' id='line_1_61' title="bbox 2756 1846 4315 1937; baseline 0.001 -26"><span class='ocrx_word' id='word_1_394' title='bbox 2756 1853 3018 1934; x_wconf 77' lang='lat' dir='ltr'><strong>gantes,</strong></span> <span class='ocrx_word' id='word_1_395' title='bbox 3126 1853 3479 1936; x_wconf 86' lang='lat' dir='ltr'><strong>tamquam</strong></span> <span class='ocrx_word' id='word_1_396' title='bbox 3549 1847 3821 1937; x_wconf 75' lang='lat' dir='ltr'><strong>profugi</strong></span> <span class='ocrx_word' id='word_1_397' title='bbox 3880 1846 4049 1914; x_wconf 88' lang='lat' dir='ltr'><strong>Cain</strong></span> <span class='ocrx_word' id='word_1_398' title='bbox 4108 1868 4315 1937; x_wconf 89' lang='lat' dir='ltr'><strong>super</strong></span> 
     </span>
     <span class='ocr_line' id='line_1_62' title="bbox 2757 1952 4312 2043; baseline 0.001 -25"><span class='ocrx_word' id='word_1_399' title='bbox 2757 1960 3007 2019; x_wconf 87' lang='lat' dir='ltr'><strong>terram</strong></span> <span class='ocrx_word' id='word_1_400' title='bbox 3042 1971 3087 2020; x_wconf 86' lang='lat'><strong>¹.</strong></span> <span class='ocrx_word' id='word_1_401' title='bbox 3124 1952 3254 2020; x_wconf 77' lang='lat' dir='ltr'><strong>Alii</strong></span> <span class='ocrx_word' id='word_1_402' title='bbox 3296 1956 3474 2043; x_wconf 89' lang='lat' dir='ltr'><strong>capti</strong></span> <span class='ocrx_word' id='word_1_403' title='bbox 3515 1954 3787 2021; x_wconf 88' lang='lat' dir='ltr'><strong>suntab</strong></span> <span class='ocrx_word' id='word_1_404' title='bbox 3829 1955 4125 2022; x_wconf 83' lang='lat' dir='ltr'><strong>inimicis</strong></span> <span class='ocrx_word' id='word_1_405' title='bbox 4173 1975 4312 2020; x_wconf 89' lang='lat' dir='ltr'><strong>non</strong></span> 
     </span>
     <span class='ocr_line' id='line_1_63' title="bbox 2758 2060 4310 2155; baseline 0.002 -28"><span class='ocrx_word' id='word_1_406' title='bbox 2758 2060 3149 2140; x_wconf 71' lang='lat' dir='ltr'><strong>evadenteS,</strong></span> <span class='ocrx_word' id='word_1_407' title='bbox 3196 2064 3371 2129; x_wconf 85' lang='lat' dir='ltr'><strong>sicut</strong></span> <span class='ocrx_word' id='word_1_408' title='bbox 3412 2061 3757 2146; x_wconf 82' lang='lat' dir='ltr'><strong>Sedecias,</strong></span> <span class='ocrx_word' id='word_1_409' title='bbox 3794 2062 3888 2129; x_wconf 78' lang='lat' dir='ltr'><strong>lv</strong></span> <span class='ocrx_word' id='word_1_410' title='bbox 3930 2063 4100 2155; x_wconf 84' lang='lat' dir='ltr'><strong>Reg.</strong></span> <span class='ocrx_word' id='word_1_411' title='bbox 4144 2087 4310 2147; x_wconf 81' lang='lat' dir='ltr'><strong>xxv,</strong></span> 
     </span>
     <span class='ocr_line' id='line_1_64' title="bbox 2762 2170 4313 2263; baseline 0.001 -28"><span class='ocrx_word' id='word_1_412' title='bbox 2762 2170 3008 2237; x_wconf 68' lang='lat' dir='ltr'><strong>-iet51</strong></span> <span class='ocrx_word' id='word_1_413' title='bbox 3047 2171 3257 2260; x_wconf 73' lang='lat' dir='ltr'><strong>Fuqit</strong></span> <span class='ocrx_word' id='word_1_414' title='bbox 3290 2171 3524 2261; x_wconf 81' lang='lat' dir='ltr'><strong>itaque</strong></span> <span class='ocrx_word' id='word_1_415' title='bbox 3577 2171 3896 2240; x_wconf 84' lang='lat' dir='ltr'><strong>Sedecias</strong></span> <span class='ocrx_word' id='word_1_416' title='bbox 3946 2195 4074 2263; x_wconf 82' lang='lat' dir='ltr'><strong>per</strong></span> <span class='ocrx_word' id='word_1_417' title='bbox 4127 2172 4313 2239; x_wconf 79' lang='lat' dir='ltr'><strong>viam</strong></span> 
     </span>
     <span class='ocr_line' id='line_1_65' title="bbox 2760 2277 4313 2368; baseline 0.001 -25"><span class='ocrx_word' id='word_1_418' title='bbox 2760 2300 2912 2368; x_wconf 76' lang='lat' dir='ltr'><strong>qua·</strong></span> <span class='ocrx_word' id='word_1_419' title='bbox 2942 2277 3131 2344; x_wconf 86' lang='lat' dir='ltr'><strong>ducit</strong></span> <span class='ocrx_word' id='word_1_420' title='bbox 3170 2278 3267 2344; x_wconf 89' lang='lat' dir='ltr'><strong>ad</strong></span> <span class='ocrx_word' id='word_1_421' title='bbox 3309 2280 3720 2368; x_wconf 82' lang='lat' dir='ltr'><strong>campestria</strong></span> <span class='ocrx_word' id='word_1_422' title='bbox 3757 2278 4190 2362; x_wconf 83' lang='lat' dir='ltr'><strong>solitudinis,</strong></span> <span class='ocrx_word' id='word_1_423' title='bbox 4251 2289 4313 2346; x_wconf 85' lang='lat' dir='ltr'><strong>et</strong></span> 
     </span>
     <span class='ocr_line' id='line_1_66' title="bbox 2755 2388 4312 2479; baseline 0.001 -24"><span class='ocrx_word' id='word_1_424' title='bbox 2755 2396 3147 2479; x_wconf 82' lang='lat' dir='ltr'><strong>persecutus</strong></span> <span class='ocrx_word' id='word_1_425' title='bbox 3176 2397 3272 2454; x_wconf 80' lang='lat' dir='ltr'><strong>est</strong></span> <span class='ocrx_word' id='word_1_426' title='bbox 3302 2390 3638 2455; x_wconf 70' lang='lat' dir='ltr'><strong>exercitus</strong></span> <span class='ocrx_word' id='word_1_427' title='bbox 3676 2388 4167 2458; x_wconf 72' lang='lat' dir='ltr'><strong>Cleatdaeorum</strong></span> <span class='ocrx_word' id='word_1_428' title='bbox 4209 2411 4312 2457; x_wconf 79' lang='lat' dir='ltr'><strong>re·</strong></span> 
     </span>
     <span class='ocr_line' id='line_1_67' title="bbox 2760 2519 2939 2586; baseline 0 -25"><span class='ocrx_word' id='word_1_429' title='bbox 2760 2519 2939 2586; x_wconf 77' lang='lat' dir='ltr'><strong>qcm.</strong></span> 
     </span>
    </p>

    <p class='ocr_par' dir='ltr' id='par_1_15' title="bbox 2760 2605 4321 3441">
     <span class='ocr_line' id='line_1_68' title="bbox 2855 2605 4314 2699; baseline 0.003 -30"><span class='ocrx_word' id='word_1_430' title='bbox 2855 2605 2966 2673; x_wconf 70' lang='lat' dir='ltr'><strong>Sic</strong></span> <span class='ocrx_word' id='word_1_431' title='bbox 2998 2607 3441 2697; x_wconf 68' lang='lat' dir='ltr'><strong>spiritualiter</strong></span> <span class='ocrx_word' id='word_1_432' title='bbox 3488 2610 3823 2698; x_wconf 77' lang='lat' dir='ltr'><strong>contingit</strong></span> <span class='ocrx_word' id='word_1_433' title='bbox 3873 2608 4056 2699; x_wconf 82' lang='lat' dir='ltr'><strong>quod</strong></span> <span class='ocrx_word' id='word_1_434' title='bbox 4103 2609 4169 2674; x_wconf 89' lang='lat' dir='ltr'><strong>in</strong></span> <span class='ocrx_word' id='word_1_435' title='bbox 4202 2608 4314 2674; x_wconf 87' lang='lat' dir='ltr'><strong>de-</strong></span> 
     </span>
     <span class='ocr_line' id='line_1_69' title="bbox 2761 2714 4320 2805; baseline 0 -24"><span class='ocrx_word' id='word_1_436' title='bbox 2761 2723 2969 2790; x_wconf 83' lang='lat' dir='ltr'><strong>serto.</strong></span> <span class='ocrx_word' id='word_1_437' title='bbox 3012 2716 3171 2781; x_wconf 86' lang='lat' dir='ltr'><strong>etin</strong></span> <span class='ocrx_word' id='word_1_438' title='bbox 3206 2716 3566 2805; x_wconf 74' lang='lat' dir='ltr'><strong>inaquoso,</strong></span> <span class='ocrx_word' id='word_1_439' title='bbox 3612 2714 3723 2781; x_wconf 83' lang='lat' dir='ltr'><strong>ubi</strong></span> <span class='ocrx_word' id='word_1_440' title='bbox 3760 2715 3946 2782; x_wconf 85' lang='lat' dir='ltr'><strong>nulla</strong></span> <span class='ocrx_word' id='word_1_441' title='bbox 3977 2724 4077 2781; x_wconf 83' lang='lat' dir='ltr'><strong>est</strong></span> <span class='ocrx_word' id='word_1_442' title='bbox 4106 2715 4320 2805; x_wconf 70' lang='lat' dir='ltr'><strong>lacry-</strong></span> 
     </span>
     <span class='ocr_line' id='line_1_70' title="bbox 2764 2818 4317 2897; baseline 0.001 -12"><span class='ocrx_word' id='word_1_443' title='bbox 2764 2841 3031 2885; x_wconf 89' lang='lat' dir='ltr'><strong>marum</strong></span> <span class='ocrx_word' id='word_1_444' title='bbox 3070 2818 3515 2897; x_wconf 80' lang='lat' dir='ltr'><strong>abundantia,</strong></span> <span class='ocrx_word' id='word_1_445' title='bbox 3567 2818 3684 2886; x_wconf 77' lang='lat' dir='ltr'><strong>sed</strong></span> <span class='ocrx_word' id='word_1_446' title='bbox 3755 2820 3983 2886; x_wconf 89' lang='lat' dir='ltr'><strong>omnis</strong></span> <span class='ocrx_word' id='word_1_447' title='bbox 4024 2819 4317 2888; x_wconf 77' lang='lat' dir='ltr'><strong>indevo-</strong></span> 
     </span>
     <span class='ocr_line' id='line_1_71' title="bbox 2763 2926 4321 3005; baseline 0.001 -12"><span class='ocrx_word' id='word_1_448' title='bbox 2763 2928 2887 3005; x_wconf 85' lang='lat' dir='ltr'><strong>ti0,</strong></span> <span class='ocrx_word' id='word_1_449' title='bbox 2929 2926 3022 2993; x_wconf 88' lang='lat' dir='ltr'><strong>ibi</strong></span> <span class='ocrx_word' id='word_1_450' title='bbox 3053 2938 3339 2994; x_wconf 80' lang='lat' dir='ltr'><strong>erratur.</strong></span> <span class='ocrx_word' id='word_1_451' title='bbox 3371 2926 3621 2996; x_wconf 88' lang='lat' dir='ltr'><strong>Jerem.</strong></span> <span class='ocrx_word' id='word_1_452' title='bbox 3661 2950 3827 3003; x_wconf 74' lang='lat' dir='ltr'><strong>xvu.</strong></span> <span class='ocrx_word' id='word_1_453' title='bbox 3884 2929 3967 2997; x_wconf 89' lang='lat'><strong>6:</strong></span> <span class='ocrx_word' id='word_1_454' title='bbox 4027 2926 4321 2996; x_wconf 83' lang='lat' dir='ltr'><strong>Habita-</strong></span> 
     </span>
     <span class='ocr_line' id='line_1_72' title="bbox 2765 3033 4318 3113; baseline 0.001 -12"><span class='ocrx_word' id='word_1_455' title='bbox 2765 3033 2864 3102; x_wconf 83' lang='lat' dir='ltr'><strong>bit</strong></span> <span class='ocrx_word' id='word_1_456' title='bbox 2929 3035 2997 3101; x_wconf 79' lang='lat' dir='ltr'><strong>in</strong></span> <span class='ocrx_word' id='word_1_457' title='bbox 3061 3036 3367 3103; x_wconf 84' lang='lat' dir='ltr'><strong>siccitate</strong></span> <span class='ocrx_word' id='word_1_458' title='bbox 3438 3038 3506 3102; x_wconf 81' lang='lat' dir='ltr'><strong>in</strong></span> <span class='ocrx_word' id='word_1_459' title='bbox 3601 3035 3887 3113; x_wconf 75' lang='lat' dir='ltr'><strong>deserto,</strong></span> <span class='ocrx_word' id='word_1_460' title='bbox 3969 3035 4040 3101; x_wconf 80' lang='lat' dir='ltr'><strong>in</strong></span> <span class='ocrx_word' id='word_1_461' title='bbox 4137 3045 4318 3102; x_wconf 75' lang='lat' dir='ltr'><strong>terra</strong></span> 
     </span>
     <span class='ocr_line' id='line_1_73' title="bbox 2760 3142 4318 3237; baseline 0.001 -26"><span class='ocrx_word' id='word_1_462' title='bbox 2760 3143 3165 3234; x_wconf 77' lang='lat' dir='ltr'><strong>salsuqiuis‚</strong></span> <span class='ocrx_word' id='word_1_463' title='bbox 3215 3153 3280 3211; x_wconf 82' lang='lat' dir='ltr'><strong>et</strong></span> <span class='ocrx_word' id='word_1_464' title='bbox 3327 3142 3798 3212; x_wconf 75' lang='lat' dir='ltr'><strong>inhabitabili.</strong></span> <span class='ocrx_word' id='word_1_465' title='bbox 3876 3143 4318 3237; x_wconf 72' lang='lat' dir='ltr'><strong>importabile</strong></span> 
     </span>
     <span class='ocr_line' id='line_1_74' title="bbox 2764 3252 4314 3330; baseline 0.003 -11"><span class='ocrx_word' id='word_1_466' title='bbox 2764 3252 2949 3320; x_wconf 88' lang='lat' dir='ltr'><strong>enim</strong></span> <span class='ocrx_word' id='word_1_467' title='bbox 2989 3252 3120 3321; x_wconf 92' lang='lat' dir='ltr'><strong>tale</strong></span> <span class='ocrx_word' id='word_1_468' title='bbox 3158 3252 3561 3330; x_wconf 83' lang='lat' dir='ltr'><strong>claustrum.</strong></span> <span class='ocrx_word' id='word_1_469' title='bbox 3605 3263 3672 3322; x_wconf 88' lang='lat' dir='ltr'><strong>et</strong></span> <span class='ocrx_word' id='word_1_470' title='bbox 3710 3262 3976 3320; x_wconf 90' lang='lat' dir='ltr'><strong>erratur</strong></span> <span class='ocrx_word' id='word_1_471' title='bbox 4017 3252 4135 3321; x_wconf 89' lang='lat' dir='ltr'><strong>ibi.</strong></span> <span class='ocrx_word' id='word_1_472' title='bbox 4185 3252 4314 3323; x_wconf 85' lang='lat' dir='ltr'><strong>lsa.</strong></span> 
     </span>
     <span class='ocr_line' id='line_1_75' title="bbox 2765 3361 3918 3441; baseline -0.002 -11"><span class='ocrx_word' id='word_1_473' title='bbox 2765 3383 2907 3441; x_wconf 75' lang='lat' dir='ltr'><strong>xvi,</strong></span> <span class='ocrx_word' id='word_1_474' title='bbox 2949 3361 2989 3429; x_wconf 89' lang='lat'>8</span> <span class='ocrx_word' id='word_1_475' title='bbox 3020 3380 3035 3430; x_wconf 90' lang='lat'><strong>:</strong></span> <span class='ocrx_word' id='word_1_476' title='bbox 3071 3362 3500 3430; x_wconf 70' lang='lat' dir='ltr'><strong>Eri-averunt</strong></span> <span class='ocrx_word' id='word_1_477' title='bbox 3531 3363 3599 3428; x_wconf 85' lang='lat' dir='ltr'><strong>in</strong></span> <span class='ocrx_word' id='word_1_478' title='bbox 3633 3361 3918 3429; x_wconf 81' lang='lat' dir='ltr'><strong>deserto.</strong></span> 
     </span>
    </p>
   </div>
   <div class='ocr_carea' id='block_1_12' title="bbox 2770 3574 4325 3983">
    <p class='ocr_par' dir='ltr' id='par_1_16' title="bbox 2770 3574 4325 3983">
     <span class='ocr_line' id='line_1_76' title="bbox 2862 3574 4325 3646; baseline 0.004 -6"><span class='ocrx_word' id='word_1_479' title='bbox 2862 3601 2896 3640; x_wconf 74' lang='grc' dir='ltr'>ι</span> <span class='ocrx_word' id='word_1_480' title='bbox 2952 3575 3141 3642; x_wconf 82' lang='lat' dir='ltr'><strong>Viam</strong></span> <span class='ocrx_word' id='word_1_481' title='bbox 3173 3576 3495 3642; x_wconf 72' lang='lat' dir='ltr'><strong>cit-itatis.</strong></span> <span class='ocrx_word' id='word_1_482' title='bbox 3534 3603 3568 3638; x_wconf 71' lang='lat' dir='ltr'>n</span> <span class='ocrx_word' id='word_1_483' title='bbox 3607 3575 3730 3643; x_wconf 81' lang='lat' dir='ltr'><strong>nic</strong></span> <span class='ocrx_word' id='word_1_484' title='bbox 3761 3574 4140 3646; x_wconf 82' lang='lat' dir='ltr'><strong>secundum</strong></span> <span class='ocrx_word' id='word_1_485' title='bbox 4181 3601 4325 3646; x_wconf 90' lang='lat' dir='ltr'><strong>ma·</strong></span> 
     </span>
     <span class='ocr_line' id='line_1_77' title="bbox 2770 3681 4324 3763; baseline 0.003 -15"><span class='ocrx_word' id='word_1_486' title='bbox 2770 3682 2937 3749; x_wconf 92' lang='lat' dir='ltr'><strong>lum.</strong></span> <span class='ocrx_word' id='word_1_487' title='bbox 2974 3681 3182 3760; x_wconf 86' lang='lat' dir='ltr'><strong>Quasi</strong></span> <span class='ocrx_word' id='word_1_488' title='bbox 3244 3681 3538 3751; x_wconf 81' lang='lat' dir='ltr'><strong>diceret:</strong></span> <span class='ocrx_word' id='word_1_489' title='bbox 3605 3681 3720 3751; x_wconf 86' lang='lat' dir='ltr'><strong>Sic</strong></span> <span class='ocrx_word' id='word_1_490' title='bbox 3785 3693 4213 3763; x_wconf 77' lang='lat' dir='ltr'><strong>erraverunt,</strong></span> <span class='ocrx_word' id='word_1_491' title='bbox 4258 3693 4324 3753; x_wconf 89' lang='lat' dir='ltr'><strong>et</strong></span> 
     </span>
     <span class='ocr_line' id='line_1_78' title="bbox 2771 3790 4319 3882; baseline 0.003 -29"><span class='ocrx_word' id='word_1_492' title='bbox 2771 3814 2805 3853; x_wconf 82' lang='lat'><strong>«</strong></span> <span class='ocrx_word' id='word_1_493' title='bbox 2839 3812 2973 3855; x_wconf 81' lang='lat' dir='ltr'><strong>non</strong></span> <span class='ocrx_word' id='word_1_494' title='bbox 2998 3790 3397 3855; x_wconf 75' lang='lat' dir='ltr'><strong>invenerunt</strong></span> <span class='ocrx_word' id='word_1_495' title='bbox 3426 3790 3606 3855; x_wconf 81' lang='lat' dir='ltr'><strong>viam</strong></span> <span class='ocrx_word' id='word_1_496' title='bbox 3633 3791 3961 3868; x_wconf 72' lang='lat' dir='ltr'><strong>civitatis,</strong></span> <span class='ocrx_word' id='word_1_497' title='bbox 3992 3815 4025 3855; x_wconf 69' lang='grc' dir='ltr'>ι</span> <span class='ocrx_word' id='word_1_498' title='bbox 4051 3791 4319 3882; x_wconf 81' lang='lat' dir='ltr'><strong>supple,</strong></span> 
     </span>
     <span class='ocr_line' id='line_1_79' title="bbox 2770 3890 4321 3983; baseline 0 -23"><span class='ocrx_word' id='word_1_499' title='bbox 2770 3890 3228 3983; x_wconf 70' lang='lat' dir='ltr'><strong>Babylonica·.</strong></span> <span class='ocrx_word' id='word_1_500' title='bbox 3302 3919 3335 3956; x_wconf 73' lang='grc' dir='ltr'><strong><em>α</em></strong></span> <span class='ocrx_word' id='word_1_501' title='bbox 3370 3891 3761 3959; x_wconf 74' lang='lat' dir='ltr'><strong>habitaculi</strong></span> <span class='ocrx_word' id='word_1_502' title='bbox 3790 3921 3822 3953; x_wconf 76' lang='lat' dir='ltr'>n</span> <span class='ocrx_word' id='word_1_503' title='bbox 3894 3916 4067 3961; x_wconf 77' lang='lat' dir='ltr'><strong>esse.</strong></span> <span class='ocrx_word' id='word_1_504' title='bbox 4110 3892 4321 3974; x_wconf 78' lang='lat' dir='ltr'><strong>Quasi</strong></span> 
     </span>
    </p>
   </div>
   <div class='ocr_carea' id='block_1_13' title="bbox 2765 3999 4330 5391">
    <p class='ocr_par' dir='ltr' id='par_1_17' title="bbox 2765 3999 4327 4502">
     <span class='ocr_line' id='line_1_80' title="bbox 2765 3999 4327 4070; baseline 0.001 -4"><span class='ocrx_word' id='word_1_505' title='bbox 2765 4001 3047 4068; x_wconf 73' lang='lat' dir='ltr'><strong>diceret:</strong></span> <span class='ocrx_word' id='word_1_506' title='bbox 3086 3999 3365 4068; x_wconf 73' lang='lat' dir='ltr'><strong>Nullum</strong></span> <span class='ocrx_word' id='word_1_507' title='bbox 3392 4002 3795 4069; x_wconf 78' lang='lat' dir='ltr'><strong>invenerunt</strong></span> <span class='ocrx_word' id='word_1_508' title='bbox 3829 4003 4032 4069; x_wconf 75' lang='lat' dir='ltr'><strong>invia</strong></span> <span class='ocrx_word' id='word_1_509' title='bbox 4065 4001 4178 4070; x_wconf 86' lang='lat' dir='ltr'><strong>illa</strong></span> <span class='ocrx_word' id='word_1_510' title='bbox 4210 4000 4327 4070; x_wconf 83' lang='lat' dir='ltr'><strong>ha·</strong></span> 
     </span>
     <span class='ocr_line' id='line_1_81' title="bbox 2769 4106 4327 4201; baseline 0.002 -27"><span class='ocrx_word' id='word_1_511' title='bbox 2769 4107 3163 4176; x_wconf 85' lang='lat' dir='ltr'><strong>bitaculum.</strong></span> <span class='ocrx_word' id='word_1_512' title='bbox 3201 4107 3355 4177; x_wconf 80' lang='lat' dir='ltr'><strong>Non</strong></span> <span class='ocrx_word' id='word_1_513' title='bbox 3385 4106 3707 4201; x_wconf 83' lang='lat' dir='ltr'><strong>leguntur</strong></span> <span class='ocrx_word' id='word_1_514' title='bbox 3727 4107 4195 4178; x_wconf 85' lang='lat' dir='ltr'><strong>habitaculum</strong></span> <span class='ocrx_word' id='word_1_515' title='bbox 4226 4110 4327 4177; x_wconf 91' lang='lat' dir='ltr'><strong>in·</strong></span> 
     </span>
     <span class='ocr_line' id='line_1_82' title="bbox 2767 4215 4317 4310; baseline 0.003 -28"><span class='ocrx_word' id='word_1_516' title='bbox 2767 4218 3058 4294; x_wconf 58' lang='lat' dir='ltr'><strong>venisse,</strong></span> <span class='ocrx_word' id='word_1_517' title='bbox 3093 4216 3311 4284; x_wconf 83' lang='lat' dir='ltr'><strong>donee</strong></span> <span class='ocrx_word' id='word_1_518' title='bbox 3357 4225 3694 4285; x_wconf 76' lang='lat' dir='ltr'><strong>venerunt</strong></span> <span class='ocrx_word' id='word_1_519' title='bbox 3734 4217 3804 4284; x_wconf 91' lang='lat' dir='ltr'><strong>in</strong></span> <span class='ocrx_word' id='word_1_520' title='bbox 3862 4215 4317 4310; x_wconf 78' lang='lat' dir='ltr'><strong>Babylonem.</strong></span> 
     </span>
     <span class='ocr_line' id='line_1_83' title="bbox 2770 4324 4318 4415; baseline 0.001 -24"><span class='ocrx_word' id='word_1_521' title='bbox 2770 4324 2908 4391; x_wconf 77' lang='lat' dir='ltr'><strong>Nec</strong></span> <span class='ocrx_word' id='word_1_522' title='bbox 2951 4324 3229 4404; x_wconf 88' lang='lat' dir='ltr'><strong>mirum,</strong></span> <span class='ocrx_word' id='word_1_523' title='bbox 3281 4324 3440 4415; x_wconf 87' lang='lat' dir='ltr'><strong>quia</strong></span> <span class='ocrx_word' id='word_1_524' title='bbox 3508 4347 3648 4392; x_wconf 90' lang='lat' dir='ltr'><strong>non</strong></span> <span class='ocrx_word' id='word_1_525' title='bbox 3698 4332 3894 4392; x_wconf 86' lang='lat' dir='ltr'><strong>erant</strong></span> <span class='ocrx_word' id='word_1_526' title='bbox 3925 4325 4165 4402; x_wconf 83' lang='lat' dir='ltr'><strong>invia,</strong></span> <span class='ocrx_word' id='word_1_527' title='bbox 4200 4325 4318 4393; x_wconf 69' lang='lat' dir='ltr'><strong>sed</strong></span> 
     </span>
     <span class='ocr_line' id='line_1_84' title="bbox 2770 4441 2985 4502; baseline -0.019 0"><span class='ocrx_word' id='word_1_528' title='bbox 2770 4441 2985 4502; x_wconf 82' lang='lat' dir='ltr'><strong>extra.</strong></span> 
     </span>
    </p>

    <p class='ocr_par' dir='ltr' id='par_1_18' title="bbox 2765 4540 4330 5391">
     <span class='ocr_line' id='line_1_85' title="bbox 2860 4540 4315 4633; baseline 0.003 -26"><span class='ocrx_word' id='word_1_529' title='bbox 2860 4543 2974 4610; x_wconf 77' lang='lat' dir='ltr'><strong>Sic</strong></span> <span class='ocrx_word' id='word_1_530' title='bbox 3005 4540 3407 4618; x_wconf 85' lang='lat' dir='ltr'><strong>notandum,</strong></span> <span class='ocrx_word' id='word_1_531' title='bbox 3470 4541 3653 4633; x_wconf 86' lang='lat' dir='ltr'><strong>quod</strong></span> <span class='ocrx_word' id='word_1_532' title='bbox 3724 4540 4038 4611; x_wconf 76' lang='lat' dir='ltr'><strong>Christus</strong></span> <span class='ocrx_word' id='word_1_533' title='bbox 4104 4551 4202 4610; x_wconf 77' lang='lat' dir='ltr'><strong>est</strong></span> <span class='ocrx_word' id='word_1_534' title='bbox 4246 4544 4315 4613; x_wconf 91' lang='lat' dir='ltr'><strong>in</strong></span> 
     </span>
     <span class='ocr_line' id='line_1_86' title="bbox 2768 4648 4313 4741; baseline 0.003 -24"><span class='ocrx_word' id='word_1_535' title='bbox 2768 4672 2905 4741; x_wconf 88' lang='lat' dir='ltr'><strong>quo</strong></span> <span class='ocrx_word' id='word_1_536' title='bbox 2935 4648 3082 4717; x_wconf 78' lang='lat' dir='ltr'><strong>solo</strong></span> <span class='ocrx_word' id='word_1_537' title='bbox 3113 4648 3599 4741; x_wconf 83' lang='lat' dir='ltr'><strong>quiescendum</strong></span> <span class='ocrx_word' id='word_1_538' title='bbox 3630 4657 3756 4733; x_wconf 83' lang='lat' dir='ltr'><strong>est,</strong></span> <span class='ocrx_word' id='word_1_539' title='bbox 3777 4649 3984 4718; x_wconf 85' lang='lat' dir='ltr'><strong>Joan.</strong></span> <span class='ocrx_word' id='word_1_540' title='bbox 4018 4672 4162 4734; x_wconf 74' lang='lat' dir='ltr'><strong>xvi,</strong></span> <span class='ocrx_word' id='word_1_541' title='bbox 4187 4651 4313 4721; x_wconf 79' lang='lat'><strong>33:</strong></span> 
     </span>
     <span class='ocr_line' id='line_1_87' title="bbox 2770 4756 4316 4850; baseline 0 -22"><span class='ocrx_word' id='word_1_542' title='bbox 2770 4760 2928 4828; x_wconf 65' lang='lat' dir='ltr'><strong>lle-rc</strong></span> <span class='ocrx_word' id='word_1_543' title='bbox 2954 4758 3221 4824; x_wconf 88' lang='lat' dir='ltr'><strong>locutus</strong></span> <span class='ocrx_word' id='word_1_544' title='bbox 3256 4778 3411 4823; x_wconf 89' lang='lat' dir='ltr'><strong>sum</strong></span> <span class='ocrx_word' id='word_1_545' title='bbox 3471 4756 3681 4836; x_wconf 79' lang='lat' dir='ltr'><strong>robis,</strong></span> <span class='ocrx_word' id='word_1_546' title='bbox 3718 4768 3795 4825; x_wconf 86' lang='lat' dir='ltr'><strong>ut</strong></span> <span class='ocrx_word' id='word_1_547' title='bbox 3844 4757 3915 4824; x_wconf 79' lang='lat' dir='ltr'><strong>in</strong></span> <span class='ocrx_word' id='word_1_548' title='bbox 3948 4781 4056 4826; x_wconf 84' lang='lat' dir='ltr'><strong>mc</strong></span> <span class='ocrx_word' id='word_1_549' title='bbox 4076 4782 4316 4850; x_wconf 75' lang='lat' dir='ltr'><strong>pacem</strong></span> 
     </span>
     <span class='ocr_line' id='line_1_88' title="bbox 2765 4864 4324 4958; baseline 0.001 -24"><span class='ocrx_word' id='word_1_550' title='bbox 2765 4865 3099 4935; x_wconf 77' lang='lat' dir='ltr'><strong>habeatis.</strong></span> <span class='ocrx_word' id='word_1_551' title='bbox 3168 4866 3248 4933; x_wconf 84' lang='lat' dir='ltr'><strong>In</strong></span> <span class='ocrx_word' id='word_1_552' title='bbox 3303 4864 3565 4934; x_wconf 82' lang='lat' dir='ltr'><strong>mundo</strong></span> <span class='ocrx_word' id='word_1_553' title='bbox 3596 4888 3997 4958; x_wconf 79' lang='lat' dir='ltr'><strong>pressuram</strong></span> <span class='ocrx_word' id='word_1_554' title='bbox 4036 4867 4324 4937; x_wconf 77' lang='lat' dir='ltr'><strong>habebi-</strong></span> 
     </span>
     <span class='ocr_line' id='line_1_89' title="bbox 2766 4973 4317 5064; baseline 0.001 -22"><span class='ocrx_word' id='word_1_555' title='bbox 2766 4977 2854 5043; x_wconf 85' lang='lat' dir='ltr'><strong>tis</strong></span> <span class='ocrx_word' id='word_1_556' title='bbox 2894 4997 2916 5042; x_wconf 88' lang='lat'><em>:</em></span> <span class='ocrx_word' id='word_1_557' title='bbox 2988 4973 3112 5042; x_wconf 84' lang='lat' dir='ltr'><strong>sed</strong></span> <span class='ocrx_word' id='word_1_558' title='bbox 3179 4973 3534 5064; x_wconf 78' lang='lat' dir='ltr'><strong>confidete,</strong></span> <span class='ocrx_word' id='word_1_559' title='bbox 3595 4997 3718 5064; x_wconf 78' lang='lat' dir='ltr'><strong>eqo</strong></span> <span class='ocrx_word' id='word_1_560' title='bbox 3781 4975 3914 5043; x_wconf 86' lang='lat' dir='ltr'><strong>vici</strong></span> <span class='ocrx_word' id='word_1_561' title='bbox 3953 4975 4317 5045; x_wconf 66' lang='lat' dir='ltr'><strong>intendunt.</strong></span> 
     </span>
     <span class='ocr_line' id='line_1_90' title="bbox 2769 5081 4322 5174; baseline 0.001 -24"><span class='ocrx_word' id='word_1_562' title='bbox 2769 5083 2917 5174; x_wconf 79' lang='lat' dir='ltr'><strong>lpse</strong></span> <span class='ocrx_word' id='word_1_563' title='bbox 2949 5091 3050 5151; x_wconf 84' lang='lat' dir='ltr'><strong>est</strong></span> <span class='ocrx_word' id='word_1_564' title='bbox 3080 5081 3547 5150; x_wconf 86' lang='lat' dir='ltr'><strong>habitaculum</strong></span> <span class='ocrx_word' id='word_1_565' title='bbox 3588 5092 3929 5162; x_wconf 83' lang='lat' dir='ltr'><strong>nostrum,</strong></span> <span class='ocrx_word' id='word_1_566' title='bbox 3964 5085 4118 5154; x_wconf 82' lang='lat' dir='ltr'><strong>Act.</strong></span> <span class='ocrx_word' id='word_1_567' title='bbox 4154 5107 4322 5165; x_wconf 81' lang='lat' dir='ltr'><strong>xvu,</strong></span> 
     </span>
     <span class='ocr_line' id='line_1_91' title="bbox 2766 5190 4330 5282; baseline 0.001 -24"><span class='ocrx_word' id='word_1_568' title='bbox 2766 5192 2895 5258; x_wconf 80' lang='lat'><strong>28:</strong></span> <span class='ocrx_word' id='word_1_569' title='bbox 2939 5192 3019 5259; x_wconf 82' lang='lat' dir='ltr'><strong>In</strong></span> <span class='ocrx_word' id='word_1_570' title='bbox 3052 5191 3198 5282; x_wconf 82' lang='lat' dir='ltr'><strong>ipso</strong></span> <span class='ocrx_word' id='word_1_571' title='bbox 3229 5190 3548 5270; x_wconf 79' lang='lat' dir='ltr'><strong>vicimus,</strong></span> <span class='ocrx_word' id='word_1_572' title='bbox 3590 5201 3655 5258; x_wconf 84' lang='lat' dir='ltr'><strong>ct</strong></span> <span class='ocrx_word' id='word_1_573' title='bbox 3686 5213 4069 5270; x_wconf 79' lang='lat' dir='ltr'><strong>movemur,</strong></span> <span class='ocrx_word' id='word_1_574' title='bbox 4103 5201 4169 5259; x_wconf 84' lang='lat' dir='ltr'><strong>ct</strong></span> <span class='ocrx_word' id='word_1_575' title='bbox 4204 5214 4330 5260; x_wconf 90' lang='lat' dir='ltr'><strong>su-</strong></span> 
     </span>
     <span class='ocr_line' id='line_1_92' title="bbox 2765 5296 4329 5391; baseline 0.001 -24"><span class='ocrx_word' id='word_1_576' title='bbox 2765 5321 2944 5368; x_wconf 87' lang='lat' dir='ltr'><strong>mus.</strong></span> <span class='ocrx_word' id='word_1_577' title='bbox 2981 5296 3119 5369; x_wconf 87' lang='lat' dir='ltr'><strong>Sed</strong></span> <span class='ocrx_word' id='word_1_578' title='bbox 3146 5297 3233 5368; x_wconf 87' lang='lat' dir='ltr'><strong>ad</strong></span> <span class='ocrx_word' id='word_1_579' title='bbox 3272 5301 3498 5391; x_wconf 82' lang='lat' dir='ltr'><strong>ipsum</strong></span> <span class='ocrx_word' id='word_1_580' title='bbox 3528 5296 3998 5368; x_wconf 87' lang='lat' dir='ltr'><strong>habitaculum</strong></span> <span class='ocrx_word' id='word_1_581' title='bbox 4042 5322 4183 5369; x_wconf 88' lang='lat' dir='ltr'><strong>non</strong></span> <span class='ocrx_word' id='word_1_582' title='bbox 4212 5321 4329 5368; x_wconf 79' lang='lat' dir='ltr'><strong>ve·</strong></span> 
     </span>
    </p>
   </div>
  </div>
 </body>
</html>
