5008 6329
688 309 817 376 414

687 494 786 553 est
825 486 1126 577 quodibi
1184 486 1369 553 latet.
1416 486 1521 555 Ad
1575 487 1870 557 Roman.
1923 514 2018 573 x1,
2065 492 2166 560 33¹
2211 515 2226 560 :

689 594 747 662 O
808 592 1108 660 altitudo
1170 595 1523 685 sapientise
1586 605 1650 664 et
1708 600 2009 668 scientiae
2069 601 2223 678 Dei,

681 723 889 791 quam
947 702 1654 793 incomprehensibilia
1714 716 1879 773 sunt
1918 743 1926 753 ·
1940 706 2225 794 judicia

679 807 854 896 ejuS,
896 818 959 875 et
997 810 1497 902 investiqabiles
1526 815 1652 880 viae
1679 812 1886 900 ejus!

774 1157 805 1192 α
846 1130 984 1215 Qui
1037 1129 1390 1219 percussit.
1456 1153 1490 1190 n
1559 1127 1686 1196 Hic
1747 1130 1969 1221 tangit
2033 1130 2217 1222 quod

676 1235 831 1305 10011
865 1235 951 1303 ad
992 1234 1348 1303 utilitatem
1381 1235 1616 1327 populi
1666 1239 1800 1319 sui,
1843 1248 1908 1307 et
1952 1239 2217 1308 exalta-

669 1342 948 1409 tionem.
1006 1338 1262 1420 Prim0‚
1328 1364 1482 1433 quae
1554 1344 1626 1411 in
1688 1344 2019 1436 AEgypto.
2095 1344 2216 1415 Se·

665 1444 909 1526 cundo,
978 1472 1131 1542 quae
1207 1452 1277 1519 in
1340 1452 1683 1519 veniendo
1751 1451 1834 1520 de
1896 1452 2204 1544 AEgypto

659 1563 813 1646 post
840 1557 1093 1624 exitum
1125 1556 1208 1625 de
1238 1557 1529 1638 deserto,
1563 1557 1684 1636 ibi,
1717 1564 1781 1633 ᾗ.
1822 1559 1902 1625 10
1934 1581 1951 1626 2
1989 1584 2024 1624 (ι
2071 1560 2209 1643 Qui

650 1665 981 1753 percussit
1011 1672 1241 1753 qentes
1264 1662 1547 1730 multas.
1588 1688 1621 1727 n
1652 1662 1906 1746 Το0110,
1942 1686 2094 1755 quae
2135 1665 2205 1731 in

654 1772 943 1838 termino
985 1770 1134 1848 viae,
1193 1768 1447 1837 scilicet
1495 1770 1564 1836 in
1615 1778 1791 1837 terra
1835 1771 2197 1861 promissa,

655 1875 772 1952 ibi,
808 1879 876 1944 in
933 1876 1158 1944 medio
1186 1883 1249 1952 5.
1300 1877 1374 1943 11
1416 1898 1431 1943 :
1495 1904 1527 1937 «
1572 1879 1668 1944 Et
1705 1880 1941 1945 omnia
1987 1900 2199 1969 reqna

655 1982 1006 2050 Chanaan.
1038 2007 1069 2045 ι»

739 2088 815 2154 ln
845 2089 1063 2178 prima
1091 2089 1251 2157 du0.
1287 2088 1546 2168 Primo,
1591 2087 1756 2180 quid
1795 2088 2049 2157 factum
2097 2099 2199 2158 est

652 2200 721 2263 in
774 2196 1074 2288 AEgypto
1124 2206 1452 2288 quantum
1510 2197 1596 2265 ad
1650 2197 2193 2267 interfectionem

647 2307 1256 2397 primogenitorum
1306 2304 1712 2396 specialiter,
1766 2307 1837 2374 in
1886 2329 2022 2398 quo
2063 2330 2193 2398 po·

648 2412 847 2502 pulus
888 2412 1185 2480 maxime
1214 2411 1548 2480 exaltatus
1590 2411 1740 2479 fuit.
1778 2414 1921 2480 Aut
1967 2435 2194 2504 quau-

644 2523 788 2583 tum
821 2516 904 2583 ad
933 2515 1064 2584 alia
1093 2514 1359 2607 flagella
1387 2515 1797 2606 generaliter
1839 2538 1854 2583 :
1898 2515 2032 2585 hoc
2079 2540 2190 2586 se-

643 2623 889 2701 cundo,
925 2624 1041 2700 ibi,
1080 2631 1145 2701 1.
1181 2627 1222 2691 9
1256 2643 1274 2692 :
1310 2647 1344 2690 0
1376 2626 1467 2690 Et
1495 2624 1685 2690 misit
1718 2624 1947 2714 siqua.
1986 2648 2018 2689 n

731 2731 907 2799 Dicit
932 2753 1094 2822 ergo
1129 2754 1144 2798 :
1177 2730 1328 2821 Ipse
1366 2738 1468 2798 est
1513 2730 1631 2822 qui
1680 2729 1907 2826 educit
1942 2740 2186 2800 ventos

643 2833 724 2902 de
754 2832 1111 2911 thesauris,
1152 2864 1185 2897 α
1230 2835 1355 2926 qui
1399 2836 1607 2902 etiam
1649 2836 1986 2925 percussit
2022 2837 2186 2928 pri-

639 2945 982 3034 moqenita
1021 2943 1348 3035 AEqypti,
1401 2967 1435 3008 ι
1485 2965 1626 3011 non
1672 2951 1941 3011 tantum
1990 2966 2184 3035 quae-

633 3046 813 3126 dam,
863 3077 896 3112 «
923 3047 1047 3116 sed
1069 3048 1156 3117 ab
1183 3048 1457 3117 homine
1485 3071 1699 3139 usque
1743 3047 1844 3117 ad
1856 3071 2090 3140 pecus.
2137 3077 2174 3117 ι

632 3156 846 3227 Exod.
874 3180 993 3235 xii,
1027 3157 1112 3226 30
1148 3181 1164 3226 :
1200 3157 1408 3227 Ortus
1444 3167 1542 3226 est
1577 3155 1845 3227 clamor
1880 3181 2178 3249 maynus

631 3266 703 3332 in
731 3267 1073 3356 AEqypto.
1111 3286 1329 3356 neque
1380 3265 1561 3332 enim
1604 3275 1755 3332 erat
1801 3264 2050 3333 domus
2099 3266 2172 3334 in

628 3395 768 3463 qua
814 3395 946 3440 non
991 3371 1259 3462 jaceret
1295 3381 1630 3440 mortuus.
1691 3371 1778 3440 Et
1834 3395 1975 3441 non
2027 3381 2176 3441 tan-

628 3489 771 3548 tum
812 3479 1168 3548 hominum
1211 3478 1475 3571 parvuli
1521 3480 1773 3549 mortui
1823 3488 2009 3557 sunt,
2051 3479 2171 3548 sed

626 3590 827 3656 etiam
849 3589 1346 3676 jumentorum.
1398 3586 1598 3666 Osee,
1631 3610 1773 3666 xiv,
1824 3589 1852 3654 1
1914 3610 1930 3655 :
1985 3591 2172 3656 l’ar-

624 3693 775 3761 vuli
807 3715 1037 3761 eorum
1093 3693 1471 3771 elidantur,
1513 3702 1578 3760 et
1620 3696 1805 3784 soetae
1850 3693 2007 3783 ejus
2054 3693 2170 3761 di·-

617 3800 1512 3891 scindantur.1'rimogenita
1533 3799 1815 3892 AEgypti
1848 3802 1917 3867 in
1949 3798 2169 3868 homi-

621 3908 819 3977 nibus
847 3917 1006 3977 sunt
1055 3905 1373 3976 malitiosi
1431 3906 1635 3999 hujus
1687 3908 1954 3990 mundi,
1995 3905 2167 3976 alios

619 4017 959 4085 mittentes
1005 4016 1073 4083 in
1113 4037 1412 4084 errorem
1454 4023 1808 4107 tamquam
1849 4015 2162 4107 quaedam

613 4145 884 4214 pecora,
916 4146 1067 4216 quae
1096 4122 1413 4193 dicuntur
1439 4145 1762 4215 pecorum
1809 4126 2164 4216 primoge-

618 4232 758 4300 nita
824 4254 841 4300 :
900 4239 969 4302 et
1030 4238 1356 4323 utrosque
1437 4230 1778 4299 Dominus
1838 4232 2157 4322 percutit.

619 4335 839 4405 Eccle.
873 4359 945 4415 n,
1008 4338 1090 4404 16
1132 4358 1150 4404 :
1209 4338 1516 4406 Moritur
1549 4335 1793 4405 doctus
1832 4337 2164 4407 similiter

620 4454 696 4512 ut
725 4445 1059 4513 indoctus.

717 4792 750 4832 ι
792 4768 885 4835 Et
920 4775 1106 4833 miset
1162 4767 1391 4857 siqua.
1472 4790 1504 4828 α
1567 4764 1697 4834 1110
1755 4768 1980 4860 tangit
2027 4767 2156 4837 alia

627 4871 889 4965 flagella
922 4870 1328 4963 generaliter
1353 4867 1553 4941 10010.
1594 4870 1677 4939 Et
1716 4873 1966 4962 primo,
1997 4883 2160 4941 tan-

617 4982 715 5073 git
744 4981 812 5049 in
847 4977 1147 5071 generali
1175 4975 1445 5068 flagella
1501 4976 1640 5046 illa.
1687 4976 2033 5060 Secundo,
2086 4982 2158 5050 in

613 5089 859 5181 quibus
921 5093 1080 5156 sunt
1133 5084 1333 5168 facta,
1399 5083 1523 5169 ibi,
1592 5110 1629 5152 ι
1687 5085 1772 5154 In
1834 5086 2160 5156 Pharao·

611 5222 785 5266 nent.
832 5223 863 5260 ιι

697 5307 811 5374 Ait
847 5305 1028 5373 enim
1071 5322 1089 5369 ε
1142 5301 1257 5370 Sic
1293 5300 1749 5393 primogenita
1793 5308 2150 5395 percussit,

613 5439 650 5481 a
681 5421 746 5482 et
779 5411 966 5481 misit
989 5411 1216 5499 siqna,
1270 5434 1302 5472 α
1345 5416 1679 5500 quantum
1725 5409 1813 5478 ad
1848 5414 2154 5483 minores

606 5521 872 5616 plagas,
916 5525 985 5587 et
1034 5514 1213 5585 10010
1248 5516 1477 5584 minus
1534 5515 1874 5587 mirabilia
1919 5541 1938 5590 ε
1993 5548 2031 5587 α
2087 5530 2154 5591 et

606 5626 958 5723 prodiqia,
999 5648 1035 5693 ι
1086 5623 1417 5715 quantum
1454 5621 1542 5691 ad
1595 5625 1864 5716 majora
1903 5648 1921 5696 ε
1985 5652 2022 5694 e
2078 5630 2150 5698 in

1661 313 1744 381 D.
1796 312 1997 382 ALB.
2052 316 2272 385 MAG.
2325 318 2531 387 ORD.
2583 322 2878 392 PRAED.

2336 495 2559 564 medio
2618 499 2746 581 tui,
2803 501 3140 593 AEqypte,
3203 531 3236 566 »
3305 528 3453 597 cap.
3515 532 3612 576 vu
3668 507 3886 578 Exodi

2333 625 2552 695 usque
2594 606 2677 675 ad
2709 616 2910 700 caput
2947 632 3071 679 xm
3109 634 3232 703 per
3269 622 3519 682 totum.

2420 711 2504 779 Et
2541 712 2693 795 hoc,
2751 741 2784 781 α
2853 719 2928 786 in
2981 720 3447 801 Pharaonm,
3508 751 3540 785 n
3618 724 3687 792 id
3751 735 3877 805 est,

2327 826 2566 886 contra
2598 821 3054 908 Pharaonem,
3084 856 3120 893 α
3152 840 3217 897 et
3246 832 3342 909 in,
3382 858 3415 895 n
3452 830 3521 898 id
3543 839 3667 913 est,
3710 854 3878 900 cou-

2325 930 2451 1002 100,
2495 954 2528 985 (ι
2554 949 2775 995 servos
2811 930 2967 1018 ejus
3000 958 3032 999 n
3076 958 3318 1006 omnes
3365 959 3382 1003 z
3436 938 3664 1006 nullus
3693 939 3875 1006 euim

2325 1032 2562 1117 evasit,
2656 1037 2769 1125 qui
2839 1060 2979 1105 non
3054 1041 3497 1112 afflictionem
3567 1047 3866 1116 sentiret.

2321 1138 2384 1206 11
2407 1140 2767 1223 Esdrae,1x,
2809 1147 2925 1214 10:
2954 1149 3228 1218 Dedisti
3241 1152 3448 1242 siqna
3474 1163 3681 1246 atque
3709 1179 3871 1247 por·

2316 1258 2503 1317 tenta
2533 1253 2605 1320 in
2632 1254 3023 1341 Pharaone,
3057 1267 3121 1325 et
3169 1261 3242 1327 in
3287 1262 3624 1330 universis
3658 1266 3867 1331 servis

2315 1354 2491 1445 ejus.
2556 1356 3028 1449 Sapieut.xv1,
3098 1365 3140 1431 4-
3191 1386 3207 1434 :
3284 1365 3657 1458 Oportebat
3719 1369 3869 1437 illis

2310 1463 2456 1530 sine
2520 1469 2952 1535 excusatione
3009 1475 3446 1562 supervenire
3509 1476 3863 1545 interitum

2311 1570 2770 1640 exercentibus
2826 1578 3289 1664 tyrannidm.
3362 1579 3498 1649 Per
3550 1581 3862 1652 Pharao-

2311 1698 2464 1744 nem
2499 1701 2726 1769 regem
2756 1681 3067 1774 sEgypti,
3093 1686 3164 1754 in
3196 1686 3457 1756 malitia
3477 1691 3809 1780 capitanei
3838 1713 3854 1759 :

2303 1806 2427 1874 per
2475 1809 2730 1865 servos,
2776 1789 3170 1862 obedientes
3224 1795 3311 1863 ad
3352 1797 3609 1865 malum
3674 1821 3689 1865 :
3738 1799 3854 1867 sed

2304 1898 2630 1982 utrosque
2678 1893 3009 1965 Dominus
3039 1897 3395 1969 destruxit.
3442 1902 3700 1973 Ilabac.
3755 1927 3852 1989 ιιι,

2308 1996 2388 2062 13
2415 2018 2429 2063 :
2473 2000 2879 2069 percussisti
2897 2015 3109 2095 caput
3131 2006 3217 2074 de
3241 2007 3445 2077 domo
3478 2010 3701 2101 impii,
3735 2011 3857 2079 de-

2299 2101 2585 2170 nudasti
2645 2105 3184 2194 sundamentum
3271 2111 3428 2201 ejus
3495 2137 3709 2205 usque
3761 2116 3859 2183 ad

2297 2207 2582 2278 collum.
2646 2211 2945 2294 Nahum,
3014 2240 3063 2297 ι,
3107 2219 3149 2285 4-
3211 2241 3227 2286 :
3295 2221 3708 2311 Infirmatus
3754 2235 3852 2293 est

2297 2317 2557 2400 Busan,
2588 2328 2653 2387 et
2683 2322 3065 2408 Carmelus,
3109 2328 3404 2419 majores
3433 2338 3502 2399 et
3529 2330 3646 2399 alti
3678 2334 3851 2401 sicut

2295 2431 2566 2493 montes
2592 2426 2696 2493 isti
2734 2448 2751 2497 ε
2784 2439 2849 2496 et
2880 2430 3017 2518 flos
3062 2432 3341 2521 Libani,
3374 2438 3675 2507 minores
3712 2440 3850 2507 sci-

2297 2527 2478 2614 licet,
2522 2533 2864 2625 elanqteit.

2379 2874 2413 2917 ι
2460 2853 2599 2937 Qui
2627 2859 2962 2946 percussit
2984 2870 3238 2948 qentes.
3285 2888 3322 2928 ι
3383 2863 3511 2933 Hic
3549 2887 3839 2958 magna-
3974 2893 4091 2960 n)

2285 2954 2378 3027 lia
2424 2959 2595 3029 facta
2654 2963 2723 3030 in
2775 2965 2915 3043 via,
2959 2968 3246 3037 transito
3304 2968 3601 3057 deserto,
3641 2982 3839 3044 ante-

2284 3086 2489 3155 quam
2531 3067 2614 3135 ad
2676 3068 3046 3141 Jordanem
3112 3077 3490 3158 veniretur,
3558 3059 3832 3151 omissis

2280 3173 2413 3243 illis
2452 3198 2602 3268 quoe
2643 3178 2796 3248 10011
2835 3182 2904 3251 in
2935 3182 3227 3255 deserto.
3272 3184 3347 3254 Si
3388 3197 3618 3258 autem
3655 3213 3832 3283 quoe·

2278 3292 2486 3360 ratur,
2531 3308 2739 3377 quare
2794 3287 2978 3358 hoc?
3013 3289 3422 3375 Dicendum,
3482 3297 3666 3390 quod
3722 3299 3833 3370 hic

2279 3387 2566 3458 intendit
2616 3389 2728 3459 illa
2770 3402 3094 3485 repetere.
3154 3420 3306 3490 quae
3345 3400 3500 3470 10011
3554 3402 3637 3470 ad
3680 3403 3831 3472 lau-

2274 3495 2431 3564 dem
2462 3504 2527 3565 et
2566 3499 2925 3570 utilitatem
2987 3503 3166 3573 illius
3223 3509 3458 3599 populi
3494 3531 3512 3579 ε
3573 3533 3653 3580 ea
3698 3534 3828 3581 au-

2274 3611 2410 3670 tem
2452 3627 2603 3695 quae
2643 3608 2711 3674 in
2751 3607 3018 3679 deserto
3067 3622 3224 3681 sunt
3273 3613 3475 3694 iacta,
3527 3617 3823 3687 multum

2272 3713 2609 3799 pertinent
2657 3713 2742 3781 ad
2807 3715 3244 3788 afflictionem
3286 3728 3352 3788 et
3409 3725 3822 3794 occisionem

2273 3817 2452 3887 illius
2490 3821 2751 3913 populi,
2784 3833 3062 3917 propter
3088 3829 3274 3919 quod
3310 3831 3622 3903 silentur.
3671 3833 3820 3904 Duo

2270 3948 2435 4018 ergo
2466 3929 2785 4000 dicuntur
2813 3932 2922 4002 hic
2963 3956 2979 4002 :
3023 3936 3365 4007 mirabilia
3392 3937 3568 4011 iacta
3608 3964 3823 4034 quan-

2269 4040 2415 4100 tum
2445 4034 2530 4102 nd
2578 4036 2906 4127 populum
2964 4049 3032 4109 01
3080 4043 3405 4113 minores.
3472 4046 3815 4129 Secundo,

2269 4150 2601 4231 quantum
2639 4143 2724 4211 ad
2780 4146 3101 4236 majores,
3154 4149 3276 4234 ibi,
3322 4180 3359 4217 α
3427 4156 3523 4223 Et
3573 4154 3820 4224 occidit

2267 4267 2477 4335 reyes.
2528 4272 2562 4313 ι

2353 4351 2533 4421 Dicit
2569 4377 2731 4446 ergo
2796 4380 2813 4426 :
2860 4359 2976 4429 Sic
3012 4360 3170 4431 10011
3226 4364 3296 4432 in
3355 4364 3687 4460 AEgypto.
3747 4376 3815 4439 01

2265 4457 2471 4526 etiam
2537 4470 2897 4554 postquam
2960 4468 3273 4538 exierunt
3338 4470 3421 4541 (10
3478 4471 3809 4567 AEgypto,

2264 4564 2407 4656 ipse
2443 4576 2546 4636 est
2596 4597 2626 4633 (ι
2661 4572 2787 4663 qui
2802 4577 3140 4664 percussit
3180 4588 3415 4668 qentes
3441 4581 3727 4651 multas.
3776 4609 3810 4650 ι

2263 4673 2543 4745 Denter.
2583 4701 2679 4759 ικ,
2726 4683 2752 4749 1
2803 4702 2822 4750 t
2865 4682 3058 4751 Audi
3107 4682 3332 4754 lsrael
3370 4710 3396 4756 .·
3448 4689 3546 4759 Tu
3582 4700 3816 4761 trans-

2261 4780 2596 4871 gredieris
2647 4784 2852 4856 hodie
2894 4789 3299 4877 Iordanem,
3334 4804 3413 4863 ut
3453 4798 3815 4890 possideas

2265 4889 2578 4957 nationes
2615 4894 2987 4976 maz-imas,
3019 4905 3085 4966 et
3107 4900 3436 4990 fortiores
3461 4913 3550 4974 te.

2352 5019 2388 5059 ι
2450 4996 2546 5064 Et
2600 4999 2848 5067 occidit
2902 5024 3113 5095 reyes.
3178 5031 3212 5072 ι
3284 5007 3413 5079 1110
3464 5014 3808 5105 magnalia

2262 5111 2596 5190 quantum
2655 5105 2740 5173 ad
2799 5109 3116 5198 majores,
3167 5136 3343 5207 quos
3393 5121 3615 5211 tangit
3680 5123 3814 5214 pri-

2262 5229 2450 5274 mum
2514 5211 2578 5276 in
2657 5215 2977 5302 generali.
3053 5217 3399 5310 Secundo,
3469 5230 3813 5318 specificat

2259 5313 2437 5396 illos,
2507 5318 2628 5398 ibi,
2716 5347 2748 5385 α
2799 5324 3049 5408 Senon,
3092 5352 3318 5421 reqem
3373 5335 3813 5407 Amorrhaeo-
