5008 6329
884 1795 1006 1863 ²⁷

1986 181 2694 252 COMMENTARIUS
2743 181 2834 249 ΙΝ
2882 184 3314 253 PSALMUM
3368 185 3542 254 CIII.
4261 184 4340 251 51

1132 356 1514 423 dormiunt.
1560 356 1795 422 Gauda
1852 378 1975 421 sua
2019 355 2446 446 elephantem
2498 357 2687 445 ligat,

1130 470 1196 530 et
1226 464 1325 529 sic
1354 462 1596 530 cadere
1653 463 1836 540 facit,
1881 469 1948 530 et
1985 465 2232 533 occidit
2265 488 2280 532 ε
2317 468 2414 532 sic
2451 464 2687 532 diabo-

1129 568 1236 635 lus
1268 590 1391 658 per
1412 570 1800 638 adulatores
1833 593 2118 663 magnos
2159 575 2275 664 qui
2307 574 2470 641 casti
2503 578 2682 647 sunt,

1129 684 1196 743 et
1253 698 1526 766 magnae
1581 677 1770 758 vitae,
1827 684 2180 770 tamquam
2227 701 2348 770 per
2401 676 2687 745 caudam

1129 784 1324 874 ligat,
1369 792 1437 853 et
1482 785 1554 852 in
1592 788 1983 877 superbiam
2024 789 2232 868 ducit,
2267 795 2333 854 et
2363 787 2460 852 sic
2506 785 2689 851 occi-

1129 890 1248 958 dit.
1305 891 1591 981 Apocal.
1644 916 1763 971 xii,
1799 895 1839 960 4
1874 917 1890 961 z
1931 894 2174 964 Gauda
2220 891 2400 979 ejus,
2434 889 2688 957 scilicet

1129 997 1472 1078 draconis,
1508 1000 1828 1069 trahebat
1866 1002 2146 1068 tertiam
2190 1008 2462 1089 partem
2514 995 2685 1063 stel-

1133 1105 1364 1174 larum
1412 1107 1593 1187 coeli,
1656 1110 1727 1176 in
1783 1116 2034 1176 terram
2082 1105 2358 1174 scilicet.
2423 1104 2558 1173 Sed
2624 1106 2684 1174 ei

1125 1216 1437 1285 illuditur
1495 1242 1535 1285 a
1600 1218 1772 1297 Deo,
1837 1216 2109 1309 quando
2177 1215 2424 1306 aliquis
2480 1237 2682 1306 quem

1117 1326 1264 1416 jam
1310 1325 1615 1405 tenebat,
1675 1325 2120 1393 convertitur.
2179 1323 2338 1401 Job,
2379 1346 2489 1405 xc,
2535 1323 2619 1389 ‘24
2663 1343 2678 1387 ε

1127 1435 1502 1525 Numquid
1528 1433 1785 1501 illudes
1804 1435 1868 1502 ei
1902 1418 2107 1526 quasi
2143 1435 2258 1501 avi
2290 1433 2331 1499 ἲ)

1204 1783 1234 1819 α
1259 1756 1515 1825 Omnia
1545 1779 1589 1823 a
1611 1765 1676 1823 te
1692 1764 2153 1848 exspectant.»
2187 1753 2358 1822 Ecce
2375 1754 2680 1836 tertium,

1127 1862 1385 1932 scilicet
1425 1864 1767 1933 ordinatio
1790 1864 2139 1954 *appetitus
2176 1862 2280 1928 sui
2319 1869 2385 1930 et
2414 1860 2686 1929 deside-

1127 1973 1209 2040 rii
1256 1973 1345 2041 ad
1384 1973 1613 2064 ipsum
1662 1972 1886 2041 Deum
1919 1994 1936 2041 t
1974 1994 2112 2038 non
2155 1969 2337 2061 quod
2390 1969 2503 2037 illa
2543 1969 2684 2036 ani·

1125 2080 1336 2148 malin
1390 2080 1735 2165 ordinent,
1791 2079 1909 2148 sed
1950 2081 2091 2170 ipse
2114 2077 2311 2169 :Deus
2360 2076 2491 2144 hoc
2528 2075 2683 2143 facit

1123 2185 1233 2253 vel
1311 2187 1587 2255 ordinat
1644 2185 2068 2261 naturaliter,
2139 2205 2280 2251 non
2344 2180 2682 2249 delibera-

1126 2295 1291 2364 tive.

1212 2403 1329 2471 Ait
1367 2403 1553 2471 enim
1590 2421 1607 2471 t
1645 2400 1762 2470 Sic
1788 2401 2017 2471 locum
2044 2401 2395 2492 'praeparas
2434 2395 2679 2485 hujus-

1121 2515 1308 2584 modi
1341 2513 1757 2583 animalibus
1801 2534 1817 2581 ε
1861 2521 1928 2581 et
1965 2512 2112 2603 ipsa
2164 2509 2390 2579 taliter
2437 2505 2678 2575 multi-

1122 2622 1335 2713 plicas
1369 2644 1385 2689 :
1422 2629 1489 2689 et
1537 2622 1745 2689 etiam
1784 2629 1850 2688 te
1893 2619 2204 2694 faciente,
2251 2643 2284 2681 «
2327 2614 2588 2692 artenia,
2636 2640 2668 2672 ι·

1120 2728 1391 2819 supple,
1449 2727 1625 2807 haec,
1698 2756 1732 2791 «
1800 2733 2193 2818 exspectant
2246 2747 2289 2789 a
2333 2732 2398 2789 te
2454 2728 2530 2788 ut
2567 2718 2681 2785 des

1121 2836 1273 2904 illis
1299 2856 1523 2905 escam
1563 2836 1638 2903 in
1693 2843 2016 2926 tempore.
2063 2859 2097 2895 n
2131 2830 2269 2922 lpsi
2307 2829 2491 2898 enim
2523 2826 2683 2895 dra-

1125 2944 1282 3013 coni
1320 2943 1637 3036 providet
1666 2943 1738 3011 in
1768 2943 1948 3022 cibo,
1986 2941 2131 3034 qui,
2165 2942 2338 3009 sicut
2370 2935 2530 3005 alibi
2570 2935 2683 3004 di-

1121 3051 1324 3131 citur,
1369 3051 1496 3121 dat
1537 3072 1760 3120 eseam
1806 3050 1998 3118 omni
2041 3048 2238 3118 carni
2294 3054 2343 3114 ¹.
2385 3042 2680 3115 Draconi

1121 3158 1329 3226 etiam
1367 3156 1707 3249 spirituali
1739 3156 1854 3226 dat
1909 3178 2160 3233 escam,
2220 3151 2474 3223 scilicet
2529 3150 2683 3219 dia-

1122 3264 1315 3334 bolo.
1388 3266 1877 3357 Augustinus:
1925 3288 1961 3330 ι
2032 3262 2108 3330 Si
2174 3261 2345 3329 bene
2400 3260 2676 3338 vixeris,

1122 3400 1158 3437 α
1200 3371 1555 3440 Christum
1619 3372 1851 3441 cibum
1926 3368 2212 3438 habebis
2270 3391 2286 3436 ε
2343 3367 2400 3436 si
2473 3365 2677 3447 male,

1127 3509 1159 3544 οι
1193 3480 1478 3550 draconi
1546 3479 1741 3550 cibus
1796 3477 1956 3549 eris.
2004 3502 2039 3543 ι
2093 3476 2346 3546 Jerem.
2393 3497 2481 3557 u,
2541 3475 2676 3544 34:

1122 3588 1499 3659 Absorbuit
1525 3611 1635 3656 me
1670 3587 1879 3680 quasi
1922 3586 2155 3664 draco,
2195 3581 2484 3676 replevit
2522 3605 2684 3651 ven-

1123 3705 1298 3766 trem
1333 3718 1543 3766 suum
1573 3693 2032 3764 teneritudine
2056 3714 2234 3761 mea.

1221 4047 1257 4089 ι
1284 4024 1518 4092 Dante
1545 4028 1611 4087 te
1648 4017 1871 4088 illis.»
1916 4016 2038 4088 nie
2067 4023 2410 4109 quartum,
2430 4013 2685 4083 scilicet

1127 4127 1447 4199 desiderii
1520 4124 2131 4218 complementum.
2216 4121 2427 4202 Quasi
2499 4120 2689 4189 dice-

1127 4248 1228 4310 ret
1263 4260 1282 4312 t
1319 4237 1437 4308 Sic
1465 4236 1551 4306 ad
1590 4244 1659 4304 te
1716 4231 2008 4311 inhiant,
2053 4261 2089 4298 ιι
2130 4240 2197 4300 et
2248 4231 2458 4299 dante
2490 4239 2559 4298 te
2603 4227 2689 4297 il-

1130 4347 1220 4416 lis
1260 4376 1296 4411 υ
1331 4346 1592 4427 cibum,
1628 4366 1664 4408 ι
1696 4340 2026 4434 colliqent
2053 4364 2088 4405 ι
2119 4337 2339 4407 illum.
2376 4334 2682 4428 Sapient.

1130 4478 1221 4531 vn.
1274 4456 1318 4524 8
1352 4474 1370 4522 t
1406 4450 1770 4522 Pusillum
1825 4460 1890 4519 et
1943 4468 2276 4540 maqnum
2307 4447 2450 4539 ipse
2492 4443 2685 4535 lecit,

1131 4574 1195 4633 et
1229 4561 1603 4657 equaliter
1673 4582 1844 4630 cura
1908 4567 2007 4629 est
2057 4556 2176 4627 illi
2217 4555 2302 4624 de
2343 4551 2685 4625 omnibus.

1131 4671 1277 4742 Nec
1318 4679 1424 4740 est
1458 4667 1912 4748 contrarium,
1961 4663 2148 4760 quod
2197 4663 2360 4733 dicit
2404 4660 2686 4741 Paulus,

1133 4782 1159 4849 1
1202 4780 1289 4850 ad
1330 4775 1642 4850 Corinth.
1685 4799 1784 4859 nx,
1823 4778 1867 4846 9
1900 4796 1918 4844 τ
1951 4772 2315 4866 Numquid
2357 4772 2444 4840 de
2480 4768 2692 4839 bobus

1133 4909 1303 4956 cura
1341 4894 1442 4953 est
1468 4887 1617 4954 Deo
1642 4882 1685 4952 ?
1711 4881 1835 4951 Est
1866 4882 2050 4951 enim
2083 4878 2228 4949 Deo
2258 4900 2419 4948 cura
2459 4877 2695 4969 provi-

1134 4992 1378 5074 sionis,
1446 4990 1567 5060 sed
1635 5012 1777 5058 non
1850 4985 2278 5068 eruditionis,
2353 4994 2420 5054 ct
2493 4983 2690 5077 legis,

1137 5099 1366 5170 dando
1419 5096 1676 5170 talibus
1731 5097 1802 5166 in
1866 5095 2118 5188 scripto
2161 5093 2335 5164 sicut
2398 5090 2688 5160 homini.

1232 5335 1268 5377 ι
1302 5308 1672 5402 Aperiente
1706 5316 1940 5376 autem
1970 5314 2060 5374 te.
2094 5328 2129 5369 ι
2163 5302 2292 5373 Hic
2318 5302 2694 5372 secundum
2798 5306 3017 5376 dicere
3055 5306 3225 5375 illud
3256 5304 3418 5390 Job,
3462 5329 3555 5390 vr,
3589 5306 3630 5373 4
3665 5330 3682 5375 ε
3740 5304 4038 5395 Saqittae
4065 5304 4354 5373 Domini

1212 5530 1228 5566 ¹
1263 5525 1418 5584 Psoi.
1454 5537 1665 5592 cxxxv,
1693 5523 1789 5580 25.

2795 360 3000 423 totius
3067 357 3267 444 hujus
3337 359 3568 447 partis,
3614 359 3685 426 in
3752 381 3888 448 quo
3958 356 4215 446 colligit
4271 355 4342 421 in

2796 485 3029 544 unum,
3075 474 3140 531 et
3205 466 3274 532 in
3341 466 3643 557 generali
3701 465 3888 557 quod
3945 464 4206 532 dixerat
4270 462 4343 527 in

2793 573 3087 661 speciali,
3133 583 3196 641 et
3227 598 3348 664 per
3384 584 3609 665 partes
3655 597 3670 641 ε
3715 583 3782 641 et
3820 574 4138 641 dicuntur
4174 570 4335 636 du0.

2793 678 3047 760 Primo,
3129 690 3549 749 monstratur
3621 679 4131 771 magnificentia
4183 678 4333 759 Dei,

2792 788 2946 877 quia
2985 811 3106 855 sua
3147 788 3457 879 largitate
3507 787 3724 877 replet
3769 787 4026 854 omnia.
4074 783 4342 853 Secun-

2790 895 2901 973 do,
2962 898 3143 987 quod
3210 897 3650 965 subtrahente
3734 896 4119 987 largitatem
4176 891 4340 971 defi-

2789 1004 2994 1078 ciunt,
3057 1002 3175 1083 ibi,
3241 1011 3302 1079 ἵ.
3367 1005 3450 1071 29
3513 1025 3529 1071 t
3599 1031 3633 1067 α
3691 1006 4050 1072 Avertente
4104 1011 4335 1071 autem

2790 1120 2874 1176 te.
2912 1134 2945 1173 n

2876 1217 3051 1285 Dicit
3082 1240 3246 1308 ergo
3310 1240 3324 1284 z
3387 1216 3502 1285 Sic
3532 1218 3651 1286 das
3707 1217 3966 1298 cibum,
4011 1226 4078 1286 et
4113 1217 4334 1286 brevi-

2756 1332 2891 1390 >ter
2924 1346 2938 1390 :
2976 1354 3007 1387 «
3039 1326 3400 1415 Aperiente
3426 1335 3491 1391 te
3519 1347 3805 1392 manum
3853 1335 4074 1404 tuam,
4124 1349 4156 1389 s
4198 1326 4335 1391 mi·-

2787 1431 3165 1498 sericordiae
3229 1440 3295 1499 et
3358 1432 3690 1520 largitatis
3756 1438 3916 1510 tuae,
3989 1458 4022 1496 «
4101 1432 4334 1498 omnia

2786 1538 3256 1630 implebuntur
3323 1539 3643 1617 bonitate,
3711 1568 3745 1602 »v
3805 1540 4010 1609 bonis
4065 1539 4192 1607 sibi
4250 1538 4337 1607 ad

2786 1648 3250 1715 necessitatem
3309 1649 3731 1717 necessariis,
3779 1646 3987 1727 lnl'ra,
4031 1649 4102 1715 in
4143 1646 4329 1715 Psal.

2784 1779 2999 1836 cxuv,
3045 1759 3129 1826 16
3174 1781 3188 1824 :
3232 1759 3476 1848 Aperis
3530 1766 3608 1825 tu
3667 1780 3957 1826 manum
4005 1766 4225 1836 tuam,
4269 1766 4335 1825 et

2785 1863 3027 1954 imples
3092 1886 3290 1931 omne
3353 1864 3629 1932 animal
3671 1863 4156 1933 benedictione.
4202 1862 4337 1931 Sa-

2782 1971 2993 2061 pient.
3046 1997 3090 2049 ι,
3163 1974 3201 2038 7
3265 1997 3281 2041 ε
3342 1974 3649 2064 Spiritus
3702 1974 3993 2042 Domini
4048 1973 4334 2065 replevit

2785 2077 3011 2145 orbem
3080 2091 3447 2147 terrarum.
3495 2078 3700 2147 Eccli.
3753 2102 3897 2162 xvi,
3941 2081 4078 2150 30:
4144 2082 4333 2149 Deus

2785 2188 2854 2253 iu
2912 2197 3164 2254 terram
3221 2190 3541 2279 respexit,
3613 2198 3677 2255 et
3745 2188 4059 2280 implevit
4129 2189 4335 2256 illam

2784 2291 2974 2361 bonis
3005 2295 3172 2361 suis.

2873 2644 2906 2682 «
2940 2621 3290 2685 Avertente
3316 2627 3546 2685 autem
3578 2627 3663 2686 te.
3700 2645 3736 2680 ιο
3770 2616 3898 2686 llic
3925 2616 4328 2697 secundum,

2781 2726 3033 2795 scilicet
3070 2725 3367 2794 desectus
3395 2725 3697 2799 illorum.
3739 2725 3797 2793 si
3827 2724 4182 2794 subtrahat
4219 2725 4334 2793 be-

2784 2832 3123 2908 neficium.
3186 2835 3254 2901 in
3313 2856 3451 2925 quo
3489 2834 3622 2902 tria
3666 2840 4045 2925 tanguntur
4092 2855 4336 2902 secun-

2783 2940 2944 3009 dum
2974 2951 3108 3009 tres
3165 2941 3416 3033 gradus
3454 2942 3571 3033 qui
3611 2948 3774 3009 sunt
3810 2940 3881 3009 in
3919 2939 4183 3010 defectu
4223 2949 4338 3008 ta-

2784 3047 2974 3116 lium.
3012 3048 3306 3126 Primus,
3357 3047 3663 3127 afflictio,
3716 3046 4104 3126 Secundus,
4148 3069 4335 3115 mors

2785 3156 3021 3246 spiritu
3052 3154 3307 3232 ablato,
3344 3155 3462 3235 ibi,
3499 3181 3533 3222 ι
3576 3157 3869 3247 Auferes
3901 3155 4251 3247 spiritum.
4290 3180 4325 3221 u

2780 3263 3065 3340 Tertius,
3111 3266 3508 3333 incineratio
3529 3265 3862 3356 corporis,
3897 3262 4021 3343 ibi,
4056 3288 4092 3330 ι
4125 3265 4221 3332 Et
4259 3262 4333 3331 in

2775 3371 3151 3463 pulverem.
3191 3396 3223 3436 s

2872 3477 3049 3546 Dicit
3084 3501 3247 3569 ergo
3292 3501 3308 3546 :
3356 3478 3467 3545 Sic
3517 3478 3862 3570 aperiente
3911 3486 3977 3547 te
4018 3500 4327 3559 manum,
4358 3489 4683 3596 &wigm-

2780 3584 3081 3655 bonitate
3145 3586 3516 3678 implentur
3568 3587 3804 3657 omnia
3853 3609 3871 3656 :
3926 3615 3962 3652 α
3994 3596 4334 3656 avertente
4361 3599 4687 3709 mega-tw

2782 3707 3011 3765 autem
3068 3705 3133 3761 te
3173 3696 3451 3785 [aciem.
3495 3724 3527 3756 ι
3565 3694 3899 3786 largitatis
3948 3703 4019 3763 et
4063 3695 4336 3763 miseri-

2781 3803 3050 3880 cordia»,
3092 3832 3124 3864 κ
3193 3802 3680 3871 turbabuntur.
3720 3827 3755 3868 ι
3797 3802 3980 3883 Quid
4027 3803 4338 3872 mirum?

2783 3910 2957 3991 Quia
2999 3912 3285 4002 ipsemet
3317 3910 3535 3978 David
3575 3908 3747 3980 dixit
3800 3909 3886 3978 dc
3931 3933 4030 3987 se,
4074 3931 4332 4002 supra:

2786 4021 3107 4090 Avertisti
3163 4020 3419 4109 taciem
3465 4027 3663 4088 tuam
3711 4042 3759 4087 a
3813 4040 3945 4098 me,
3989 4026 4055 4086 et
4104 4019 4339 4108 lactus

2781 4148 2934 4195 sum
2974 4124 3420 4194 conturbatus
3457 4133 3506 4193 ⁸.
3577 4124 3857 4195 Denter.
3921 4146 4112 4206 χιιι,
4177 4125 4255 4193 Π
4316 4145 4335 4194 ε

2786 4233 3211 4304 abscondam
3265 4235 3520 4324 [aciem
3559 4254 3784 4301 meam
3830 4231 3921 4302 ab
3975 4254 4079 4314 ev,
4109 4243 4173 4302 et
4210 4234 4342 4301 erit

2788 4343 2859 4410 in
2896 4340 3427 4410 decorationem.
3466 4338 3628 4421 Job,
3668 4361 3792 4418 xn,
3838 4340 3921 4408 ¹5
3955 4361 3974 4409 ε
4005 4340 4092 4410 Si
4117 4341 4343 4408 canti-

2787 4448 3013 4515 nuerit
3044 4469 3290 4540 aquas,
3321 4445 3579 4516 scilicet
3632 4444 4127 4516 beneficiorum
4173 4466 4341 4515 suo·

2786 4578 2965 4635 rum,
3006 4557 3240 4625 omnia
3276 4553 3744 4624 siccabuntur.

2881 4796 2917 4838 ι
2957 4772 3246 4861 Auferes
3271 4771 3623 4862 spiritum.
3670 4794 3705 4835 ι
3741 4765 4338 4837 Εοοοοοοιιηᾱιιω.

2790 4877 3000 4958 Quasi
3037 4876 3292 4946 diceret
3352 4898 3369 4944 ε
3427 4876 3919 4945 ‘tnrbabuntur
3978 4882 4047 4943 te
4101 4873 4344 4944 faciem

2796 4992 3166 5065 avertente,
3221 4993 3288 5052 ct
3351 4984 3558 5053 ctiam
3609 5011 3645 5048 σι
3704 4984 3984 5073 auferes
4016 4983 4344 5075 spiritum

2793 5115 3054 5173 eorum,
3118 5117 3153 5158 ι
3213 5113 3351 5184 quo
3406 5090 3866 5170 vivificantur,
3949 5115 3985 5157 ι
4043 5097 4108 5157 et
4170 5086 4352 5178 defi-

2796 5200 2994 5280 cient,
3038 5225 3073 5266 »
3138 5198 3399 5269 ruendo
3454 5199 3527 5267 in
3575 5205 3901 5282 mortem,
3951 5205 4030 5267 ut
4082 5196 4350 5288 possint

2874 5520 2899 5557 ⁸
2923 5521 3077 5579 Psal.
3110 5537 3272 5587 xxix,
3299 5522 3357 5576 8.
