5008 6329
765 2571 937 2659 π’

1736 431 2455 504 COMMENTARIUS
2506 434 2602 501 IN
2649 434 3083 506 PSALMUM
3132 437 3569 506 cxxxvln.

4133 441 4260 508 453

1043 632 1073 665 «
1117 603 1667 680 Formabuntur,
1709 632 1740 671 >2
1805 608 1874 673 in
1940 617 2032 687 te,
2080 610 2149 673 in
2210 615 2325 672 tua
2380 605 2602 694 gratia
2715 605 2872 670 cilia
2909 618 3183 672 vocatos
3252 610 3657 696 recipiendo,
3706 609 3907 678 Joan.
3960 632 4077 683 xv,
4139 609 4252 675 15:

1040 711 1278 791 renati,
1315 721 1379 778 et
1412 736 1449 779 a
1490 721 1610 779 tuo
1655 715 1934 780 nomine
1986 714 2349 779 nominati.
2392 709 2595 776 Joan.

1036 839 1200 894 xvu,
1239 821 1366 886 22:
1407 822 1817 887 Claritalem
1858 842 2069 909 quam
2116 818 2368 883 dedisti
2396 817 2592 896 milii,

1035 924 1195 991 dedi
1233 930 1351 1004 eiS,
1388 937 1742 1016 tamquam
1777 925 2081 991 formans
2114 946 2249 990 eos,
2289 924 2414 990 lsa.
2460 947 2593 1000 Lm,

1033 1037 1114 1101 6:
1171 1038 1288 1103 Vos
1360 1037 1744 1102 sacerdotes
1789 1036 2078 1103 Domini
2136 1034 2594 1102 vocabimini:

1030 1145 1343 1209 Ministri
1370 1145 1503 1211 Dei
1530 1144 1774 1219 no-tri,
1809 1143 2074 1211 dicetur
2110 1144 2323 1212 vobis.

1125 1279 1158 1313 «
1202 1253 1297 1316 Et
1356 1274 1554 1318 nemo
1611 1252 1683 1318 in
1731 1253 1850 1331 eis,
1900 1277 1931 1316 ιο
1994 1251 2426 1330 formabitur,
2479 1249 2595 1317 sed

1029 1357 1097 1423 in
1145 1366 1209 1424 te
1247 1380 1262 1423 ε
1302 1381 1440 1426 non
1473 1360 1660 1426 enim
1703 1362 1996 1449 gratiam
2032 1359 2425 1434 infundunt,
2469 1379 2595 1425 neo

1027 1469 1112 1536 ab
1147 1471 1309 1559 ipsis
1378 1481 1577 1539 erunt
1638 1473 2006 1546 nominati,
2043 1480 2118 1538 ut
2166 1493 2205 1537 a
2250 1469 2448 1537 Petro
2483 1469 2594 1536 di-

1028 1588 1269 1645 cantur
1312 1579 1594 1655 Petrini,
1640 1603 1679 1644 a
1719 1578 1937 1645 Paulo
1978 1576 2494 1644 l’aulini.Joan.
2544 1599 2590 1659 1,

1027 1687 1146 1755 33:
1197 1690 1424 1778 Super
1474 1709 1678 1777 quem
1740 1687 1992 1753 videris
2070 1686 2421 1776 'Spiritum
2470 1685 2595 1752 de-

1020 1792 1474 1868 scendentem,
1509 1805 1573 1860 et
1604 1804 1991 1860 manentem
2019 1815 2230 1882 super
2266 1814 2447 1869 eum,
2479 1792 2593 1858 hic

1022 1911 1119 1969 est
1176 1902 1300 1991 qui
1378 1901 1694 1992 baptizat
1747 1903 1818 1967 in
1883 1902 2163 1991 Spiritu
2213 1909 2473 1976 sancto,
2526 1909 2591 1966 et

1022 2029 1159 2072 non
1191 2007 1404 2072 alius,
1442 2008 1593 2072 Act.
1632 2028 1726 2085 nv,
1767 2006 1891 2071 12:
1937 2007 2175 2094 Neque
2228 2003 2433 2070 alind
2458 2026 2591 2069 no-

1024 2138 1176 2182 men
1241 2127 1340 2182 est
1397 2114 1528 2182 sub
1557 2115 1727 2182 coelo
1768 2115 2013 2181 datum
2052 2112 2472 2194 hominibus,
2519 2114 2591 2179 in

1022 2249 1158 2316 quo
1199 2236 1512 2316 oporteat
1550 2247 1675 2292 nos
1710 2225 1942 2292 salvos
1969 2224 2151 2312 fieri.

1118 2580 1152 2615 «
1192 2551 1377 2619 Milli
1405 2559 1641 2618 autem
1671 2549 1905 2616 nimis.
1945 2571 1978 2611 »
2016 2545 2144 2614 Hie
2174 2552 2275 2613 est
2314 2552 2585 2613 sextum

1023 2682 1196 2747 opus
1228 2657 1743 2728 misericordiae.
1779 2665 1846 2724 et
1901 2653 2295 2730 mirificum,
2331 2653 2587 2720 scilieet

1021 2765 1478 2856 perfectorum
1576 2762 1906 2832 exaltatio
1974 2786 1988 2829 :
2079 2768 2143 2827 et
2205 2767 2587 2850 tanguntur

1020 2874 1181 2942 due.
1206 2874 1469 2948 Primo,
1501 2875 1806 2963 ipsorum
1841 2870 2191 2939 exaltatio.
2238 2867 2583 2946 SecundO,

1018 3003 1247 3057 causa.
1328 2993 1397 3050 et
1457 2981 1662 3059 ratio,
1739 2978 1862 3061 ihi,
1922 2979 1992 3045 in
2052 2977 2281 3046 medio
2331 2983 2397 3053 5.
2445 2976 2581 3045 18:

1019 3115 1052 3150 α
1103 3087 1511 3155 Exsurrexi.
1554 3110 1588 3150 w

1109 3193 1185 3261 ln
1253 3195 1476 3284 prima
1524 3192 1845 3259 dicuntur
1882 3190 2037 3258 tria.
2080 3188 2343 3263 Primo,
2398 3191 2589 3279 ipso·

1018 3326 1171 3370 rum
1237 3301 1662 3369 sublimatio.
1714 3296 2060 3371 Secundo,
2121 3298 2189 3363 in
2247 3296 2588 3364 sublima-

1015 3412 1203 3479 tione
1235 3409 1699 3486 conlirmatio‚
1735 3405 1853 3481 ibi,
1902 3430 1933 3468 α
1978 3405 2210 3471 Nimis
2237 3406 2585 3493 conforta·

1019 3527 1128 3583 tus
1157 3525 1277 3583 est.
1319 3542 1351 3576 »ι
1420 3514 1653 3582 'l'ertio
1715 3509 2247 3577 sublimaturum
2300 3519 2365 3577 et
2413 3534 2586 3578 con-

1018 3626 1447 3692 lirmatorum
1494 3619 1977 3710 multiplicatio
2026 3617 2425 3702 vehementi,
2460 3620 2579 3698 ibi,

1014 3740 1078 3810 ᾗ.
1131 3733 1208 3800 18
1246 3756 1260 3800 :
1299 3761 1329 3791 u
1369 3726 1846 3799 Dinumerabo
1877 3748 2010 3792 eos.
2051 3750 2083 3789 ιι

1108 3840 1284 3908 Dicit
1387 3861 1599 3930 ergo:
1675 3835 1792 3903 Sic
1853 3833 2293 3923 perficientur
2376 3837 2442 3904 in
2513 3846 2580 3906 te

1016 3948 1356 4039 Apostoli,
1391 3957 1455 4014 et
1498 3966 1743 4013 omnes
1774 3940 2079 4032 perfecti,
2142 3951 2209 4009 et
2257 3967 2462 4012 nemo
2515 3946 2581 4014 in

1013 4057 1152 4123 eis:
1188 4064 1422 4121 tamen
1454 4074 1593 4120 non
1629 4060 1908 4141 propter
1935 4050 2067 4119 hoe
2088 4051 2453 4119 credantur
2479 4053 2580 4119 vi-

1012 4161 1137 4241 les,
1164 4160 1326 4251 quia
1363 4186 1398 4221 «
1442 4157 1653 4224 amici
1686 4158 1816 4233 tui,
1866 4183 1897 4222 ι
1951 4180 1993 4225 o
2034 4184 2065 4216 α
2106 4158 2319 4235 Deus,
2359 4157 2580 4225 liono-

1012 4268 1153 4335 rati
1177 4275 1343 4332 sunt
1371 4264 1605 4340 nimis,
1645 4287 1679 4327 ι
1726 4263 1787 4330 id
1850 4271 1975 4343 est,
2006 4261 2246 4331 valde:
2293 4271 2357 4330 et
2417 4262 2576 4344 hoe,

1015 4400 1048 4441 α
1092 4375 1295 4454 milei,
1324 4398 1356 4437 ιι
1404 4371 1470 4438 id
1512 4379 1639 4447 est,
1686 4393 1841 4438 mea
1891 4371 2369 4462 reputatione:
2423 4394 2576 4441 om-

1013 4505 1133 4550 nes
1175 4481 1359 4548 enim
1390 4478 1727 4545 veraciter
1778 4477 1848 4543 in
1905 4476 2254 4544 Christum
2304 4479 2580 4547 creden·

1012 4600 1113 4659 tes
1146 4586 1442 4655 multum
1507 4584 1960 4652 honorantur.
2011 4584 2122 4652 Ad
2170 4584 2463 4655 Roman.
2500 4610 2574 4670 11,

1018 4699 1139 4764 10:
1189 4675 1463 4775 Gloria,
1516 4700 1581 4757 et
1621 4690 1863 4770 honor,
1897 4702 1963 4759 et
2009 4714 2162 4783 pax
2189 4694 2380 4761 anmi
2425 4715 2580 4785 ope·

1012 4802 1201 4871 ranti
1231 4799 1514 4878 bonum,
1539 4796 1798 4865 scilicet
1823 4798 2125 4866 credenti
2171 4808 2238 4867 et
2275 4800 2570 4870 facienti.

1012 4911 1150 4978 Sed
1181 4907 1402 4976 multo
1441 4906 1688 4973 lortius
1720 4904 1818 4973 illi
1873 4908 2232 4996 primitivi,
2264 4910 2382 5000 qui
2410 4933 2574 4981 vere

1009 5017 1211 5088 amici
1263 5015 1563 5081 luerunt.
1643 5010 1846 5079 Joan.
1890 5035 2009 5095 xv,
2074 5015 2194 5082 15:
2235 5016 2398 5083 ,lam
2436 5039 2574 5085 non

1007 5128 1239 5196 dicam
1270 5145 1387 5191 vos
1413 5142 1799 5200 see-cosmos
1828 5130 2058 5189 autem
2098 5121 2257 5189 diti
2288 5125 2568 5193 amicos,

700 5266 945 5323 Quomodo
1010 5237 1155 5305 llos
1181 5241 1414 5303 autem
1448 5228 1788 5296 Dominus
1817 5226 2184 5298 honoravit
2221 5252 2344 5321 per
2387 5232 2575 5322 seip-

700 5322 977 5422 {mung-
1008 5368 1189 5423 sum,
1233 5363 1376 5409 non
1422 5359 1546 5429 per
1606 5333 1936 5426 Angelos,
1989 5345 2065 5405 ut
2110 5337 2565 5418 PatriarchaS,

718 5432 910 5479 nonii?

1007 5464 1072 5526 et
1112 5448 1523 5541 Prophetas,
1555 5443 1871 5513 vocando
1911 5442 1995 5511 ad
2055 5446 2562 5537 Apostolatum.

1006 5558 1251 5632 Matth.
1295 5580 1389 5638 lv,
1424 5558 1508 5625 9:
1557 5555 1787 5622 Venite
1808 5562 1967 5645 post
1994 5576 2126 5636 me,
2158 5556 2423 5645 faciam
2452 5580 2571 5628 vos

1002 5670 1162 5764 fieri
1228 5667 1607 5759 piscatores
1669 5661 2053 5730 hominum.
2105 5661 2348 5736 Matth.
2415 5689 2565 5753 vm,

1010 5778 1097 5846 22
1133 5798 1149 5843 τ
1184 5774 1486 5863 Sequere
1515 5791 1648 5838 me.
1693 5766 1774 5836 In
1796 5766 2261 5839 familiaritate
2290 5779 2355 5840 et
2393 5772 2572 5841 ami-

2729 712 2850 778 Vos
2888 723 3110 778 autem
3143 714 3292 779 clici
3322 717 3594 790 αηιίεοε,
3622 719 3789 806 quia
3824 720 4058 784 omnia
4079 740 4258 808 quae-

2713 841 3001 909 cumque
3065 823 3301 888 audivi
3338 847 3379 888 α
3421 826 3630 889 l’atre
3694 847 3866 901 mee,
3908 837 4075 892 nota
4121 825 4257 914 feci

2712 927 2970 995 vobis.l
3000 929 3196 996 Joan.
3226 954 3269 1006 1,
3312 933 3335 997 1
3372 934 3665 998 :Manus
3695 942 3944 1000 nostroe
4002 944 4257 999 contre·

2711 1045 3059 1103 ctaverunt
3106 1037 3188 1103 de
3211 1038 3403 1105 verbo
3453 1041 3628 1105 vitoe.
3676 1039 4091 1107 potestatem
4151 1039 4257 1105 fa-

2709 1144 2927 1210 ciendi
2995 1144 3317 1210 miracula
3372 1144 3840 1234 plenissimam
3895 1147 4257 1215 conferen-

2711 1248 2823 1326 do,
2877 1247 3114 1318 Matth.
3165 1273 3229 1328 x,
3271 1253 3337 1318 1:
3387 1252 3597 1318 Dedit
3656 1252 3804 1318 illis
3845 1261 4255 1344 potestatem

2706 1358 3081 1446 spirituum
3157 1360 3697 1438 immundorum,
3761 1371 3839 1427 ut
3926 1363 4251 1450 ejicerent

2706 1489 2839 1543 eos,
2910 1477 2972 1533 et
3026 1480 3342 1536 curarent
3389 1493 3654 1537 omnem
3717 1471 4152 1562 lanqvcorem,
4186 1481 4250 1538 et

2706 1596 2970 1639 omnem
3031 1575 3522 1662 infirmitatem.
3598 1578 4066 1667 Principatum
4127 1578 4251 1646 Ec-

2704 1680 2921 1747 clesiae
2953 1683 3381 1759 conserendo,
3429 1684 3675 1774 Supra,
3721 1687 3789 1753 in
3835 1685 4017 1753 Psal.
4061 1709 4241 1764 κων,

2702 1788 2822 1854 1'1:
2863 1788 3241 1856 Constitnes
3287 1814 3396 1858 eos
3433 1793 3777 1881 principes
3825 1817 4036 1883 super
4092 1817 4245 1861 om·-

2700 1916 2853 1959 nem
2894 1904 3168 1963 terram.
3213 1896 3449 1964 Matth.
3485 1921 3623 1974 xv1,
3682 1900 3761 1966 19
3796 1921 3811 1965 :
3854 1900 4249 1983 Quodcum-

2700 2023 2832 2089 que
2866 2001 3146 2070 solveris
3205 2027 3411 2096 super
3446 2017 3726 2083 terram,
3771 2010 3899 2075 erit
3935 2009 4248 2076 solutum

2701 2116 2765 2172 et
2812 2108 2882 2173 in
2937 2109 3146 2178 coelis.
3188 2110 3386 2177 Joan.
3454 2135 3573 2190 xx,
3624 2113 3743 2180 23:
3784 2113 4095 2196 Quorum
4136 2138 4247 2182 re-

2696 2216 3044 2286 miseritis.
3082 2226 3206 2284 ete.
3254 2218 3624 2287 Audaciam
3668 2219 4029 2288 tribuendo
4071 2243 4243 2289 eon-—

2698 2327 2800 2387 tra
2833 2324 3164 2413 principes
3185 2326 3391 2393 totius
3430 2326 3691 2405 mundi,
3727 2326 3973 2397 Matth.
4009 2351 4080 2409 x,
4114 2329 4237 2397 26:

2695 2427 2929 2495 Nolite
2991 2433 3224 2498 timere
3267 2455 3377 2499 eos
3432 2434 3554 2522 qui
3603 2435 3922 2502 occidunt
3967 2457 4237 2527 corpus,

2697 2546 2824 2606 ete.
2857 2537 3078 2616 lsa.t.1,
3114 2542 3224 2607 12:
3256 2543 3425 2625 Quis
3462 2551 3562 2618 tu,
3610 2553 3686 2609 ut
3716 2545 3986 2611 timeres
4011 2543 4100 2611 ab
4124 2545 4241 2612 lio·

2696 2647 2878 2713 mine
2906 2645 3246 2714 mortali?
3286 2647 3566 2738 Propter
3605 2647 3735 2717 hoe
3765 2649 4080 2719 dicebant
4109 2674 4237 2718 au-

2695 2751 2946 2826 dacter.
2980 2755 3126 2821 Act.
3174 2776 3262 2826 w.
3299 2756 3383 2821 :20
3427 2778 3441 2821 :
3476 2757 3632 2823 Non
3692 2779 4060 2847 possumus
4087 2781 4240 2848 quae

2693 2862 2994 2930 vidimus
3020 2873 3083 2932 et
3102 2865 3497 2932 audivimus
3525 2888 3660 2933 non
3686 2866 3904 2957 loqui.
3936 2868 4240 2936 Potesta-

2693 2976 2832 3035 tem
2857 2970 3283 3057 judiciariam
3313 2972 3379 3037 in
3418 2970 3551 3039 fine
3583 2974 3818 3040 mundi
3845 2973 4235 3053 tribuendO,

2694 3074 2934 3143 Matth.
2995 3099 3133 3152 xix,
3168 3079 3293 3146 28:
3363 3080 3480 3146 Vos
3507 3080 3631 3170 qui
3657 3080 4041 3172 reliquistis
4088 3103 4240 3149 om-

2692 3186 2839 3264 nia,
2872 3196 2935 3252 et
2957 3187 3171 3253 secuti
3205 3188 3361 3254 estis
3399 3209 3526 3265 me,
3557 3187 3880 3256 sedebitis
3905 3211 4115 3280 super
4131 3212 4239 3256 se-

2692 3291 2811 3358 des
2849 3291 3227 3370 duodecim,
3258 3293 3684 3381 judicante-s,
3728 3303 3858 3363 ete.
3899 3295 4230 3375 Tandem,

2694 3398 2877 3489 quod
2914 3422 3069 3467 vere
3118 3404 3492 3468 maximum
3535 3400 3685 3483 fuit,
3719 3402 3818 3470 eis
3850 3403 4236 3471 ministran-

2693 3506 2805 3582 do,
2847 3506 3001 3575 Luc.
3033 3530 3197 3583 xxn,
3221 3510 3302 3575 27
3333 3511 3524 3599 :qu
3566 3510 3635 3575 in
3666 3510 3893 3578 medio
3935 3521 4234 3580 vestrum

2688 3636 2839 3707 steyn
2870 3617 3043 3683 sicut
3079 3618 3203 3706 qui
3229 3618 3600 3691 ministrat,
3635 3619 3842 3686 etiam
3884 3640 4101 3709 usque
4149 3619 4236 3687 ad

2692 3723 3016 3792 lotionem
3058 3725 3330 3815 pedum.
3389 3725 3651 3803 Esther,
3684 3749 3778 3803 vn,
3813 3729 3898 3796 9:
3951 3729 4071 3796 Sic
4111 3729 4234 3796 lio-

2689 3829 3051 3898 norabitur
3078 3855 3569 3924 quemcumque
3604 3833 3904 3901 voluerit
3945 3857 4071 3903 rex
4107 3836 4239 3904 Ιιο-

2688 3960 2958 4006 norare.

2781 4178 2814 4212 «
2847 4151 3071 4219 Nimis
3097 4153 3523 4241 confortatus
3550 4162 3671 4221 est.
3717 4178 3752 4219 ι
3796 4152 3926 4222 nic
3983 4176 4235 4223 secun-

2687 4258 2876 4328 dum.
2910 4257 3116 4338 Quasi
3156 4260 3444 4329 diceret:
3491 4259 3607 4329 Sic
3643 4262 3851 4329 nimis
3896 4272 4057 4331 sunt
4103 4263 4234 4332 ho-

2685 4370 2933 4446 norati,
3001 4394 3122 4439 nec
3186 4372 3319 4440 cito
3386 4369 3606 4439 honor
3642 4394 3880 4442 eorum
3935 4373 4229 4456 deficiet,

2684 4479 2847 4569 quia
2889 4502 2922 4543 α
2953 4478 3183 4560 nimis,
3220 4504 3252 4543 »
3285 4478 3352 4546 id
3390 4488 3514 4561 est,
3566 4479 3764 4549 valde
3798 4507 3831 4546 ι
3884 4484 4234 4573 conforta-

2683 4597 2797 4654 tus
2867 4597 2965 4655 est
3010 4588 3441 4678 principatus
3502 4610 3763 4657 eorum.
3839 4615 3873 4656 »
3933 4588 4228 4684 Quippe,

2683 4692 2889 4762 Eeeli.
2934 4717 3001 4772 x,
3042 4694 3146 4777 13,
3202 4694 3500 4764 dicitur:
3569 4697 4020 4788 Principatus
4072 4721 4235 4767 sen-

2677 4801 2818 4868 sati
2850 4799 3123 4869 stabitis
3149 4802 3303 4871 erit.
3346 4800 3557 4872 Datus
3586 4802 3774 4871 enim
3815 4802 3939 4873 luit
3969 4806 4069 4873 eis
4097 4806 4233 4897 spi-

2683 4911 2851 4977 ritus
2880 4911 2963 4978 ad
3006 4908 3208 4977 robur
3262 4911 3329 4978 in
3386 4911 3493 4979 die
3550 4911 4015 4984 pentecostes.
4057 4913 4222 4984 Luc.

2679 5042 2868 5097 xxiv,
2912 5019 3037 5086 49:
3093 5018 3331 5086 Sedete
3362 5019 3474 5086 liic
3502 5021 3573 5088 in
3629 5021 3929 5101 civitate,
3963 5022 4229 5114 quoad-

2681 5149 2893 5217 usque
2946 5127 3337 5195 induamini
3372 5129 3622 5197 virtute
3702 5153 3789 5197 ex
3843 5131 4018 5199 alto.
4061 5130 4224 5200 Luc.

2676 5237 2980 5315 xx1,15:
3019 5235 3218 5305 Dabo
3271 5235 3462 5305 vobis
3525 5260 3599 5306 os
3662 5248 3726 5305 et
3777 5239 4222 5331 sapientiam,

2675 5345 2792 5411 cui
2852 5368 2985 5412 non
3053 5355 3374 5436 poterunt
3454 5348 3761 5416 resistere
3842 5347 4227 5418 adversarii

2676 5452 2902 5519 vestri.
2944 5452 3095 5521 Act.
3128 5476 3219 5532 vl,
3272 5456 3392 5522 10:
3451 5455 3608 5523 Non
3655 5464 3981 5545 poterant
4045 5460 4222 5525 resi-

2669 5568 2846 5626 stere
2868 5559 3222 5649 sapientise
3257 5568 3322 5627 et
3358 5560 3664 5650 Spiritui
3711 5562 3838 5651 qui
3886 5561 4219 5654 loqueba-

2669 5675 2810 5736 tur.
