5008 6329
676 250 806 318 5¹6

675 425 747 489 in
773 420 1093 502 sublime,
1129 432 1191 490 et
1230 438 1590 496 moerentes
1630 429 1836 517 eriqit
1882 426 2232 516 sospitate.

674 528 1002 600 Proverb.
1045 554 1232 617 xxix,
1276 535 1317 600 4
1354 558 1367 603 :
1405 537 1562 602 Rex
1579 535 1826 625 justus
1865 534 2071 623 eriqit
2099 541 2240 599 ter-'-

672 660 847 706 ram.

761 852 1171 920 «Dominus
1209 849 1459 936 diriqit
1495 849 1757 938 fustor.
1797 875 1831 912 n
1865 848 2038 917 Ecce
2077 870 2237 917 sex-

665 969 841 1031 tum.
885 959 1096 1055 Quasi
1137 958 1389 1026 diceret
1424 979 1440 1024 :
1491 957 1609 1026 Sic
1647 960 1848 1051 erigit
1896 959 2236 1038 elisoS,'et

663 1075 1032 1159 postquam
1063 1064 1217 1134 illos
1256 1067 1575 1150 erexerit,
1612 1055 1678 1136 et
1706 1067 1934 1156 justos
1972 1067 2228 1145 fecerit,

669 1183 831 1242 tunc
859 1171 1091 1264 dirigit
1139 1195 1256 1242 eos
1301 1196 1317 1241 ε
1364 1183 1432 1243 et
1481 1165 1618 1243 hoc
1666 1184 1770 1244 est
1817 1175 2003 1266 quod
2041 1174 2229 1259 dicit,

680 1309 709 1346 ι
735 1282 1080 1379 Dominus
1134 1282 1406 1372 dirigit*
1428 1283 1695 1378 stator,
1733 1307 1768 1349 »
1816 1283 1901 1351 ad
1939 1282 2231 1351 salutem

664 1397 742 1456 ut
768 1388 1127 1481 proficiant
1156 1398 1222 1457 et
1249 1388 1649 1478 procedant.
1704 1386 1901 1466 Osee,
1936 1410 2076 1467 xiv,
2111 1389 2152 1456 9
2210 1405 2229 1455 :

657 1497 818 1587 qu
884 1495 1284 1574 exaudiam,
1356 1504 1420 1562 et
1469 1496 1781 1585 diriqam
1851 1517 2007 1562 eum
2079 1516 2225 1585 eqo.

665 1603 992 1673 Proverb.
1028 1625 1119 1672 w.
1166 1603 1249 1671 27
1291 1625 1313 1671 ·:
1364 1603 1524 1694 Ipse
1566 1612 1779 1673 rectos
1833 1605 2045 1694 saciet
2081 1625 2233 1671 cur·

545 1735 566 1750 ··
662 1703 1040 1779 suatava.

754 2064 790 2102 α
828 2035 1172 2107 Dominus
1199 2033 1526 2104 custodit.
1570 2057 1605 2099 »
1649 2031 1782 2103 Hic
1826 2033 2223 2124 septimum,

661 2140 1141 2214 extraneorum
1198 2142 1663 2225 conservatio,
1743 2163 1830 2209 ne
1912 2140 2228 2209 videatur

661 2254 840 2346 apud
879 2275 1038 2336 eum
1077 2254 1380 2344 acceptio
1413 2274 1893 2344 personarum.

745 2363 862 2430 Ait
901 2361 1107 2430 enim:
1158 2359 1273 2429 Sic
1301 2360 1542 2453 dirigit
1569 2362 1796 2451 justos
1841 2382 1856 2428 z
1909 2380 2037 2429 nec
2073 2379 2224 2428 cre-

641 2468 778 2539 'das
806 2467 990 2560 quod
1018 2467 1102 2536 de
1120 2465 1509 2537 Jerusalem
1541 2474 1838 2547 tantum,
1870 2476 1937 2534 et
1958 2466 2222 2535 vicinos

635 2583 924 2668 ‘tantum
963 2574 1219 2666 templo
1258 2598 1415 2653 suo,
1450 2576 1594 2644 imo
1631 2601 1664 2642 ι
1696 2576 2041 2643 Dominus
2102 2595 2220 2641 cu·

636 2683 866 2766 'stodit
893 2683 1216 2764 advenas,
1252 2710 1282 2745 n
1323 2684 1515 2774 ipsos
1538 2685 1865 2764 advenas,
1907 2684 2216 2775 inquam,

639 2791 933 2870 -Judaeis,
969 2791 1266 2875 sed-non
1297 2791 1457 2860 sibi.
1512 2793 1666 2862 Act.
1713 2814 1785 2871 x,
1822 2791 1907 2859 34
1944 2812 1961 2858 ε
1994 2790 2079 2857 In
2107 2812 2223 2858 ve-

630 2904 866 2972 ‘ritate
916 2903 1216 2993 comperi
1268 2902 1444 2993 quia
1477 2923 1617 2970 non
1645 2910 1743 2968 est
1759 2920 2219 2993 personarum

653 3019 963 3103 acceptor
990 3012 1176 3079 Deus
1202 3032 1228 3078 .·
1255 3009 1380 3077 sed
1416 3012 1491 3077 in
1520 3011 1714 3080 omni
1734 3018 1937 3101 qente
1963 3007 2090 3099 qui
2124 3007 2221 3074 ti-

654 3131 790 3191 met
818 3123 1069 3201 Deum,
1104 3130 1168 3188 et
1204 3131 1542 3213 operatur
1562 3117 1960 3210 justitiam,
1993 3139 2222 3210 accep·

651 3235 763 3295 tus
792 3237 891 3295 est
926 3226 1070 3296 illi.
1130 3225 1238 3293 Ad
1278 3224 1508 3293 Galat.
1551 3248 1650 3305 111,
1685 3226 1772 3294 28
1836 3247 1854 3293 ε
1914 3225 2071 3294 Non
2123 3232 2219 3291 est

626 3332 955 3413 audeus,
996 3353 1214 3424 neque
1255 3331 1540 3402 Gra-cus
1573 3353 1589 3399 ε
1631 3330 1900 3400 non'est
1950 3351 2212 3410 servus,

619 3444 859 3534 'neque
888 3440 1089 3523 liber,
1123 3448 1251 3511 etc.

617 3747 625 3755 ·
737 3686 771 3729 α
805 3659 1179 3759 Pupillum
1227 3668 1292 3727 et
1347 3658 1666 3728 viduam.
1714 3683 1750 3726 a
1799 3657 1972 3727 Ecce
2019 3665 2213 3727 octa-

619 3779 835 3849 vum,
899 3776 968 3839 et
1003 3767 1354 3837 ultimum.
1418 3766 1634 3848 Quasi
1701 3766 1955 3836 diceret
2014 3788 2033 3836 :
2096 3764 2210 3834 Sic

642 3876 782 3947 non
812 3876 1058 3970 accipit
1082 3895 1480 3969 personam,
1512 3896 1672 3945 cum
1721 3872 1866 3943 haec
1893 3871 2078 3942 bona
2105 3870 2211 3941 sa-

641 3986 800 4066 ciat,
831 4007 961 4056 nec
991 3996 1309 4065 munera,
1342 3985 1511 4076 qnia
1537 4009 1568 4049 n
1603 3981 1974 4076 pupillum
2003 3990 2069 4049 et
2096 3980 2210 4050 vi-

640 4094 883 4174 duam,
920 4120 954 4156 n
995 4112 1327 4184 personas
1351 4098 1425 4160 et
1458 4110 1799 4183 pauperes
1835 4097 1904 4159 et
1948 4088 2205 4158 auxilio

600 4194 1023 4282 destitutas,
1060 4226 1093 4267 ι
1149 4199 1509 4292 suscipiet,
1574 4227 1608 4263 n
1659 4219 1934 4267 sursum
1988 4196 2075 4266 ad
2133 4218 2204 4266 se

639 4310 883 4400 capiet.
912 4307 1167 4379 Jerem.
1208 4329 1397 4384 xcix,
1437 4307 1516 4375 11
1559 4305 1950 4398 :Relinque
1967 4302 2207 4397 pupil-

641 4416 745 4485 los
780 4427 960 4497 tuos,
992 4438 1114 4507 eqo
1158 4415 1432 4507 sociam
1480 4436 1592 4482 eos
1645 4413 1868 4482 vivere
1913 4432 1940 4482 .·
1985 4419 2050 4478 et
2096 4411 2205 4478 vi-

601 4524 794 4596 'duae
830 4535 967 4594 tuae
998 4523 1070 4591 in
1107 4545 1218 4591 me
1271 4522 1676 4616 sperabunt.
1741 4521 1828 4590 Et
1871 4543 1999 4613 pro
2037 4520 2202 4613 ipsis

627 4631 850 4724 jubet,
892 4630 1024 4703 isa.
1084 4618 1132 4712 ιζ
1169 4632 1251 4701 17
1294 4650 1314 4700 ε
1372 4629 1704 4702 Ιαᾶἰ8818
1724 4628 2036 4722 pupillo,
2077 4626 2202 4697 de-

631 4740 897 4833 fendite
933 4738 1246 4809 viduam.
1289 4737 1380 4808 Et
1426 4738 1837 4809 nocentibus
1876 4737 2203 4807 adversa-

587 4835 595 4949 ἶ
634 4856 769 4929 tur,
803 4846 1024 4916 Exod.
1067 4867 1238 4927 κιαι,
1281 4846 1373 4915 22
1411 4854 1483 4917 81
1518 4848 1605 4917 23
1641 4869 1659 4917 :
1705 4844 1939 4918 Vidua:
1975 4855 2042 4915 et
2070 4868 2195 4938 pu·

588 5065 595 5072 ¹
708 5117 726 5156 ⁸
756 5115 843 5175 Cf.
874 5069 1381 5175 commentarium
1411 5115 1480 5175 in
1511 5117 1567 5189 γ.
1597 5119 1671 5175 20
1711 5115 1932 5175 Psalmi
1963 5114 2194 5177 cxuv.

1681 252 1767 322 D.
1819 252 2020 321 ALB.
2073 249 2292 321 MAG.

2346 247 2550 318 ORD.
2603 248 2897 320 PRAED.

2346 423 2531 513 pitto
2557 447 2692 492 non
2721 422 3063 493 nocebitis.
3098 423 3182 493 Si
3220 422 3529 491 laeseritis
3557 446 3688 506 eos,
3720 426 3895 494 voci-

2347 531 2764 620 ferabuntur
2792 531 2888 600 ad
2912 555 3040 610 me,
3074 541 3137 599 et
3166 553 3288 622 eqo
3319 531 3606 599 audiam
3644 533 3893 600 clamo·

2348 659 2487 704 rem
2527 660 2783 706 eorum.

2436 880 2466 913 «
2548 854 2645 919 Et
2701 853 2847 919 vias
2899 862 3339 944 peccatorum
3423 854 3786 945 disperdet.
3854 883 3885 915 υ

2345 958 2516 1028 Ε888
2555 961 2804 1029 veritas
2852 962 3361 1053 comparatione
3408 963 3494 1031 ad
3531 963 3779 1042 maloS,
3823 971 3891 1032 et

2345 1089 2609 1158 expone
2647 1069 2821 1137 sicut
2848 1090 3073 1160 supra,
3112 1072 3183 1138 in
3221 1069 3645 1140 antecedenti
3693 1070 3890 1141 Psal-

2342 1197 2455 1242 mo
2488 1185 2534 1243 ¹.

2431 1520 2465 1554 «
2524 1492 2866 1584 Reqnabit
2917 1494 3283 1564 Dominus.
3338 1519 3371 1562 ι
3432 1494 3559 1564 Hic
3588 1497 3890 1587 tangitur

2338 1621 2542 1667 causa
2596 1601 2792 1667 tertia
2845 1598 3284 1668 beatitudinis
3342 1603 3759 1691 sperantium
3816 1603 3886 1671 in

2337 1705 2584 1784 Deum,
2644 1706 2895 1776 scilicet
2950 1709 3345 1777 aeternitatis
3411 1709 3556 1798 ejus
3593 1709 3812 1800 gloria
3863 1732 3879 1777 ε

2337 1820 2405 1880 et
2440 1819 2814 1903 tanguntur
2842 1812 3001 1883 duo.
3055 1814 3315 1892 Primo,
3359 1816 3595 1884 asserit
3640 1838 3887 1908 perpe-

2333 1929 2452 1990 tuo
2535 1933 2995 2015 regnaturum.
3071 1923 3415 2005 Secundo,
3448 1924 3766 2017 explanat
3818 1934 3887 1994 et

2338 2032 2619 2123 exponit
2656 2033 2839 2124 quod
2880 2033 3167 2113 dixerat,
3218 2031 3339 2113 ibi,
3398 2062 3431 2096 α
3467 2035 3551 2102 In
3592 2057 3883 2125 qenero-

2335 2143 2611 2212 tionem.
2645 2168 2677 2208 1·

2422 2250 2603 2320 Dicit
2658 2273 2820 2343 ergo
2865 2273 2879 2319 ε
2939 2250 3156 2321 Τ8818
3194 2258 3297 2321 est
3350 2252 3496 2341 ejus
3540 2253 3872 2343 potentia,

2309 2357 2481 2425 ·talis
2502 2361 2750 2428 veritas
2774 2371 2840 2428 et
2858 2360 3149 2451 justitia,
3176 2369 3242 2429 et
3263 2362 3467 2429 etiam
3490 2382 3530 2429 o
3557 2389 3589 2424 «
3613 2362 3808 2441 Sion,
3835 2388 3871 2426 κ

2331 2486 2467 2533 808
2502 2465 2903 2558 Babylonia,
2959 2494 2988 2531 ι
3014 2469 3360 2537 Dominus
3387 2470 3578 2536 Deus
3616 2479 3801 2553 tuus,
3834 2495 3867 2531 n
3970 2556 3974 2560 .

2330 2596 2531 2665 quem
2563 2575 2754 2656 coiis,
2791 2576 2859 2643 in
2880 2597 3083 2666 quem
3115 2575 3360 2661 credis,
3393 2602 3428 2639 α
3462 2575 3802 2666 requabit,
3836 2601 3871 2643 »

2330 2703 2467 2749 non
2508 2681 2592 2749 ad
2632 2682 2974 2750 modicum
3032 2682 3209 2751 sicut
3265 2704 3458 2773 reges
3515 2682 3868 2752 mundani.

2329 2787 2532 2857 Eccli.
2577 2812 2646 2868 x,
2681 2791 2720 2856 8
2762 2811 2779 2856 ε
2822 2790 3134 2882 Ηεφηιηι
3191 2813 3236 2857 α
3276 2798 3477 2881 98818
3505 2789 3575 2856 in
3601 2800 3870 2880 qentem

2325 2899 2763 2987 transfertur.
2805 2897 2891 2966 Et
2919 2896 3181 2966 Daniel.
3217 2920 3285 2976 v,
3330 2899 3443 2977 28,
3484 2895 3739 2966 dictum
3771 2904 3872 2966 est

2297 3003 2669 3073 ‘Baltassar
2709 3026 2725 3071 ε
2757 3005 3075 3074 Divis-um
3103 3015 3202 3073 est
3255 3026 3542 3095 requiem
3598 3013 3795 3074 tuum
3824 3029 3869 3073 a

2323 3122 2408 3191 te,
2443 3120 2570 3184 818.
2627 3112 2736 3199 Ε1,
2779 3135 2871 3194 iv,
2905 3113 2991 3184 28
3043 3134 3062 3184 :
3117 3112 3269 3183 Tibi
3307 3113 3584 3196 dicitur,
3624 3113 3870 3184 Nabu-

2299 3223 2738 3294 ·chodonosor
2759 3247 2882 3293 rex
2910 3247 2934 3292 .·
2963 3226 3275 3316 Reyntem
3322 3234 3516 3294 tuum
3547 3224 3867 3293 transibit

2320 3355 2363 3397 α
2394 3342 2478 3399 te.
2519 3329 2676 3409 Sed,
2706 3358 2738 3397 α
2793 3334 2864 3399 in
2898 3331 3175 3401 saecula.
3213 3357 3248 3399 »
3299 3331 3383 3401 Et
3420 3334 3699 3423 exponit
3743 3355 3857 3402 se:

2323 3466 2355 3505 α
2391 3441 2459 3508 in
2493 3442 3027 3530 qenerationem,
3060 3468 3094 3503 »ι
3127 3438 3395 3532 supple,
3435 3462 3864 3532 consequen-

2318 3555 2454 3616 tem
2498 3574 2531 3613 8
2590 3549 3091 3638 qenes-ationem
3134 3572 3169 3614 »
3212 3546 3390 3618 hanc
3423 3555 3856 3638 praesentem,

2316 3655 2433 3725 sed
2474 3656 2543 3723 in
2580 3663 2830 3725 aeterna
2885 3656 3348 3748 generatione.
3403 3654 3708 3748 Sapient.
3760 3678 3857 3733 ιιι.

2315 3767 2355 3832 8
2396 3787 2414 3831 2
2458 3763 2798 3854 Reynabit
2825 3765 3169 3834 Dominus
3198 3763 3485 3834 illorum
3517 3764 3588 3831 in
3610 3786 3862 3858 perpe-

2313 3882 2536 3942 tuum.
2580 3870 2715 3964 Ipsi
2744 3873 2949 3942 etiam
2981 3873 3389 3964 regnabunt.
3432 3872 3701 3943 Daniel.
3734 3895 3855 3958 vu,

2316 3983 2395 4051 ¹8
2431 4006 2447 4051 ε
2481 3982 2871 4076 Suscipient
2897 4004 3184 4073 requam
3218 3984 3443 4052 sancti
3492 3986 3620 4054 Dei
3654 3984 3860 4054 altis-

2307 4094 2496 4176 simi,
2529 4104 2596 4162 et
2624 4090 3022 4161 obtinebunt
3048 4114 3339 4183 requam
3370 4114 3584 4186 usque
3620 4095 3692 4163 in
3735 4117 3858 4164 888-

2305 4201 2571 4281 culum,
2602 4209 2667 4269 et
2686 4199 3016 4270 seculum
3040 4200 3475 4270 seculorum.
3509 4200 3850 4296 Regnum,

2307 4310 2613 4402 inquam.
2656 4332 2795 4378 808
2834 4316 3208 4393 terrenum,
3250 4310 3370 4380 sed
3414 4309 3711 4396 coeieste,
3769 4311 3851 4381 de

2305 4440 2468 4510 quo,
2509 4417 2711 4490 Joan.
2777 4441 2969 4500 xviii,
3024 4419 3112 4489 36
3169 4441 3188 4489 ε
3255 4419 3571 4512 Reqmem
3624 4441 3851 4490 meum

2304 4550 2439 4595 non
2477 4537 2576 4597 est
2602 4526 2687 4595 de
2727 4526 2853 4596 hoc
2888 4525 3173 4608 mundo,
3215 4525 3333 4596 sed
3378 4525 3461 4597 de
3499 4526 3699 4600 coelo.
3747 4526 3849 4598 De

2304 4655 2441 4725 quo
2473 4655 2683 4726 regno
2713 4656 2840 4702 nos
2884 4633 3108 4721 iaciat,
3152 4632 3271 4725 qui
3310 4640 3410 4703 881
3455 4632 3851 4704 benedictus

2304 4743 2372 4810 in
2411 4740 2658 4812 saecula
2694 4740 3127 4812 saeculorum.
3169 4741 3418 4811 Amen.

4019 1513 4132 1579 Ιθ
