5008 6329
2388 392 2809 464 PSALMUS
2861 396 3139 468 CXXV.
4261 403 4387 470 365

1169 577 1410 638 verunt
1438 568 1595 644 haee,
1640 575 1704 633 et
1728 575 2007 657 peccata
2062 575 2286 634 vestra
2336 564 2715 656 prohibue-

1163 687 1324 746 runt
1365 674 1610 742 bomem
1651 698 1693 741 a
1733 673 1945 741 vohis,
1992 703 2023 736 «
2068 675 2245 743 Cum
2276 669 2720 762 operantibus

1169 783 1629 872 iniquitatem,
1705 808 1737 843 ι)
1799 788 1875 846 ut
1927 778 2132 846 simul
2193 799 2348 844 cum
2418 775 2551 843 illis
2588 798 2721 866 pu-

1170 891 1467 958 niantur.
1513 888 1887 979 Operantes
1918 888 2101 953 enim
2133 884 2567 975 iniquitatem
2600 908 2722 974 pu-

1162 1002 1304 1068 niet
1341 1022 1465 1091 pro
1497 1001 1649 1066 suis·
1678 993 2176 1084 iniquitatibuS.
2248 992 2488 1062 Matth.
2552 1017 2713 1076 xxv,

1168 1111 1245 1178 41
1279 1133 1293 1177 :
1338 1108 1683 1178 Discedite
1711 1131 1754 1175 a
1796 1128 1923 1184 me,
1954 1104 2336 1185 maledicti,
2381 1107 2452 1173 in
2491 1106 2720 1196 iqnem

1155 1229 1500 1286 aetermem.
1544 1214 1673 1282 Isa.
1717 1236 1909 1293 xxxi,
1954 1215 2034 1281 2:
2074 1213 2453 1304 Consurqe!
2482 1222 2720 1281 eontra

1164 1327 1445 1393 domum
1471 1322 1951 1413 pessimorum,
1988 1330 2056 1387 et
2082 1329 2320 1388 eontra
2360 1320 2720 1388 auxilium

1158 1433 1591 1526 operantium
1623 1429 2085 1519 iniquitatem.
2121 1426 2454 1496 Proverb.
2483 1450 2554 1508 v,
2588 1427 2714 1494 22:

1163 1543 1574 1631 Iniquilales
1609 1560 1751 1605 suae
1778 1538 2064 1628 capiunt
2093 1537 2417 1628 impium.

1251 1646 1391 1715 Sed
1423 1671 1457 1713 α
1488 1668 1661 1737 paz,
1703 1670 1738 1706 »
1784 1643 2050 1734 supple,
2084 1643 2271 1711 erit«
2337 1664 2545 1733 super
2611 1643 2723 1709 Is-

2828 567 3004 646 rael,
3034 592 3067 628 »
3104 590 3310 657 super
3348 568 3681 658 populum
3751 568 4001 636 scilicet
4057 569 4184 637 side
4249 570 4391 637 sor-

2828 679 3016 738 mata
3040 672 3386 740 videntem
3428 673 3675 740 Deum.
3713 673 3842 740 lsa.
3882 697 3978 752 ιιι,
4028 679 4054 742 1
4109 699 4122 742 :
4166 676 4389 743 Dicite

2816 778 3020 868 justo
3052 784 3383 873 quoniam
3430 782 3612 859 bene,
3679 784 4005 873 quoniam
4079 787 4387 873 fructum

2829 888 3380 959 adinventionem
3409 915 3700 959 suarum
3748 892 4065 958 comedet.
4103 892 4207 959 Ad
4257 892 4388 960 Ga·

2827 993 2946 1065 lat.
3000 1021 3094 1079 v1‚
3148 1000 3280 1065 16:
3351 1000 3780 1089 Quicumque
3842 1000 4018 1066 hanc
4070 999 4384 1089 requlam

2781 1165 2789 1173 .
2826 1108 3043 1173 secuti
3068 1108 3361 1196 suerint,
3385 1131 3542 1199 pax
3568 1130 3777 1198 super
3806 1107 3996 1186 illos,
4029 1118 4092 1175 et
4129 1109 4387 1175 miseri-

2830 1213 3092 1291 cordia,
3136 1224 3200 1280 et
3235 1236 3444 1305 super
3505 1214 3729 1281 lsrael
3781 1216 3932 1282 Dei.
3987 1215 4114 1282 Isa.
4169 1238 4378 1291 xxxn,

2837 1321 2916 1387 18
2952 1341 2967 1386 z
3011 1319 3289 1389 Sedebit
3319 1321 3629 1412 populus
3658 1343 3847 1388 meus
3879 1323 3948 1387 in
3989 1322 4386 1411 pulchritu-

2831 1426 2992 1494 dine
3012 1428 3231 1516 pacis.
3275 1426 3384 1494 Ad
3410 1427 3660 1517 Philip.
3698 1450 3790 1504 1v,
3817 1428 3855 1494 7
3901 1448 3916 1496 ε
3944 1430 4197 1518 Etpax
4228 1430 4379 1505 Dei,

2829 1557 2981 1625 quae
3019 1544 3387 1626 exsuperat
3415 1558 3685 1604 omnem
3723 1558 4018 1615 sensnm,
4072 1546 4199 1604 etc.

2371 2093 2831 2169 PSALMUS
2878 2090 3140 2164 CXXV
3155 2147 3169 2162 .

1498 2404 1925 2477 Gratulatio
1962 2403 2050 2476 de
2081 2407 2232 2500 fine
2269 2406 2718 2500 captivitatis
2747 2433 2771 2478 .·
2802 2407 3049 2478 oratio
3095 2418 3175 2477 ut
3195 2408 3643 2502 perficiatur
3673 2407 4038 2479 liberatio.

1202 2774 1258 2820 t.
1314 2748 1699 2821 Canticum
1731 2750 2119 2842 graduum.

1325 2858 1407 2928 ln
1449 2858 1938 2928 convertendo
1983 2856 2347 2930 Dominus
2375 2856 2696 2951 -captivi-

1410 2983 1630 3037 tatem
1680 2962 1885 3046 Sion,
1938 2964 2104 3037 sacti
2181 2987 2440 3037 sumus
2512 2964 2698 3036 sicut

1404 3073 1782 3145 consolati.

1192 3208 1259 3256 2.
1312 3185 1521 3256 Tunc
1561 3183 1916 3275 repletum
1956 3201 2066 3254 est
2104 3182 2372 3276 gaudio
2437 3205 2524 3254 os
2564 3206 2699 3253 no-

1409 3311 1670 3375 strum,
1703 3310 1772 3361 et
1813 3290 2060 3384 lingua
2093 3290 2597 3363 exsultatione.

1320 3401 1531 3470 Tunc
1561 3397 1800 3469 dicent
1843 3397 2032 3470 inter
2059 3418 2310 3492 gentes
2346 3420 2363 3469 :
2408 3397 2697 3491 Magni-

1412 3506 1647 3577 ficavit
1690 3505 2052 3577 Dominus
2092 3507 2324 3578 facere
2354 3528 2522 3577 eum
2563 3505 2692 3577 eis.

1186 3615 1254 3686 3-
1301 3611 1788 3707 Magnificavit
1847 3612 2210 3685 Dominus
2267 3610 2497 3684 facere
2564 3635 2695 3684 no-

1412 3721 1697 3792 biscum
1751 3743 1767 3788 :
1820 3718 1983 3791 sacti
2042 3742 2300 3792 sumus
2341 3722 2690 3793 laetantes.

1467 4159 1557 4227 IN
1608 4161 2042 4232 PSALMUM
2102 4163 2355 4233 CXXV

1644 4390 2061 4437 counzxrAm
2071 4392 2172 4442 CS.

1425 4714 1460 4754 ι
1512 4689 1871 4757 Canticum
1916 4692 2299 4780 qradumn.
2351 4720 2387 4758 n

1213 5032 1247 5072 e
1278 5008 1360 5076 In
1390 5008 1830 5078 convertendo
1868 5013 2215 5081 Dominus
2246 5016 2293 5084 ¹.
2331 5041 2365 5080 n
2412 5014 2540 5085 Ilio
2587 5001 2690 5085 εει

1127 5111 1443 5183 Psaltnus
1506 5117 1919 5185 centesimus
1966 5118 2337 5189 vicesimus
2378 5123 2683 5214 quintus,

1197 5363 1216 5399 ¹
1251 5363 1327 5421 Le
1356 5364 1668 5437 psalmiste
1698 5371 1823 5422 met
1849 5383 1992 5423 sous
2021 5384 2131 5425 nos
2159 5385 2318 5443 yeux
2347 5386 2429 5429 un
2461 5370 2684 5430 double

1128 5452 1367 5511 tableau
1400 5473 1416 5513 ε
1446 5456 1624 5513 d'une
1652 5461 1808 5531 part,
1838 5456 1996 5513 celui
2053 5456 2162 5516 des
2218 5459 2498 5520 bienl'nits
2544 5462 2685 5538 deja

1126 5543 1438 5616 accon-des,
1478 5543 1551 5600 de
1606 5546 1814 5604 l'autre
1877 5545 2034 5603 celui
2087 5547 2195 5605 des
2248 5549 2484 5609 sav-eura
2537 5553 2683 5626 qu’il

1122 5635 1284 5690 reste
1313 5648 1531 5689 encore
1561 5632 1597 5690 ὁ
1625 5631 1960 5692 demandet·
1987 5635 2024 5693 ὁ
2052 5636 2219 5695 Dieu.
2253 5638 2435 5697 lsrael
2467 5647 2560 5700 est
2586 5659 2682 5699 re-

1121 5741 1275 5804 venu
1307 5724 1382 5781 de
1414 5724 1469 5782 la
1497 5726 1793 5798 captivite,
1842 5729 1995 5786 mais
2021 5731 2299 5789 combien
2330 5731 2405 5790 de
2454 5750 2552 5793 ses
2580 5751 2684 5794 en·

2851 2775 2922 2840 4.
2979 2750 3368 2829 Converte,
3444 2751 3787 2831 Domine,
3883 2752 4369 2844 captivitatem

3080 2878 3438 2944 nostram,
3472 2859 3661 2930 sicut
3696 2876 3979 2930 torrens
4003 2859 4074 2930 in
4097 2878 4368 2930 austro.

2857 2971 2924 3039 5.
2971 2964 3122 3057 Qui
3201 2966 3570 3037 seminant
3665 2965 3743 3036 in
3837 2966 4196 3060 lacrymis,
4292 2967 4366 3038 in

3082 3072 3565 3145 exsultatione
3610 3091 3907 3145 metent.

2856 3183 2926 3253 6.
2984 3180 3266 3251 Euntes
3296 3181 3501 3252 ibant
3541 3197 3610 3252 et
3671 3181 3962 3263 flebant,
3997 3183 4368 3253 mittentes

3083 3287 3365 3360 semina
3398 3310 3557 3359 sua.

2984 3395 3380 3469 Venientes
3419 3416 3665 3466 autem
3698 3395 3984 3466 venient
4029 3418 4197 3467 cum
4246 3420 4373 3467 ex-

3078 3502 3496 3585 sultatione,
3539 3521 3912 3596 portantes
3955 3502 4370 3596 manipulos

3085 3634 3287 3682 suos.

2798 4061 2868 4127 in
2933 4056 3380 4150 gradualibus
3464 4057 3782 4126 psalmus
3878 4061 4233 4151 septimun,
4293 4068 4358 4128 et

2796 4164 3137 4234 secundus
3176 4165 3249 4233 in
3281 4164 3415 4233 illis
3455 4165 3570 4256 qui
3602 4168 3944 4256 pertinent
3987 4165 4073 4234 ud
4128 4167 4354 4258 proie-

2795 4281 2982 4342 otum
3011 4272 3083 4340 in
3112 4272 3324 4341 bono.

2886 4379 3054 4448 Post
3109 4379 3505 4449 firmitatem
3560 4380 3890 4472 propositi
3976 4381 4059 4450 de
4123 4404 4354 4474 perso-
4382 4412 4712 4508 ‘ema-ffi-

2793 4488 3099 4558 verando
3130 4490 3200 4558 in
3230 4489 3444 4570 bono,
3475 4492 3785 4584 sequitur
3833 4491 4084 4584 gradus
4112 4516 4358 4563 secun-
4402 4516 4598 4615 ἐπες
4625 4523 4689 4615 3

2795 4596 2947 4674 dus,
2990 4603 3061 4665 et
3132 4599 3554 4667 necessarius
3583 4598 3670 4667 ad
3711 4597 3844 4696 hoc
3907 4608 3984 4668 ut
4051 4601 4357 4690 proficiat
4389 4624 4713 4723 ing-mna·

2795 4703 3071 4796 aliquis,
3112 4704 3371 4774 scilicet
3416 4704 3691 4774 devotio
3736 4707 3806 4773 in
3852 4707 4194 4798 operando
4242 4706 4360 4777 bo·
4386 4731 4681 4790 capus-tm..

2794 4832 2987 4879 num.

2887 4916 3254 4987 Praemisso
3285 4938 3452 5008 ergo
3475 4917 3676 4987 titulo
3717 4918 3984 5000 eodem,
4030 4923 4206 4990 siout
4243 4945 4356 4989 su-

2795 5025 3045 5118 pra,·in
3075 5025 3210 5094 hoe
3232 5023 3510 5094 Psalmo
3568 5027 3795 5117 agitur
3849 5026 3932 5096 de
3996 5027 4357 5100 devotione

2795 5131 3214 5224 proficientis
3253 5132 3325 5199 in
3356 5153 3561 5222 opere
3590 5133 3802 5201 bono,
3845 5133 3998 5202 Duo
4065 5158 4229 5227 ergo
4259 5136 4358 5205 di·

2792 5385 2953 5442 sants
2984 5389 3125 5441 sont
3153 5401 3373 5443 encore
3403 5392 3649 5442 retentis
3677 5385 3801 5441 loin
3831 5385 3906 5443 de
3936 5387 3995 5444 la
4035 5387 4198 5447 mere
4250 5407 4353 5465 pa·

2793 5474 2908 5533 trie
2941 5474 2956 5531 l
2987 5498 3019 5526 κ
3050 5475 3420 5549 Rogantibus
3480 5491 3588 5547 pro
3646 5473 3921 5547 reliquiis
3957 5477 4352 5551 captivorum,

2795 5587 2826 5616 κ
2858 5565 3186 5640 respondet
3259 5565 3519 5638 Spiritus
3565 5562 3953 5638 propheticus
4013 5573 4074 5625 et
4109 5569 4242 5626 ait:
4295 5571 4353 5627 Si

2796 5675 2827 5706 e«
2860 5653 3140 5712 fleverint
3166 5670 3274 5729 pro
3309 5654 3385 5709 iis
3428 5652 3534 5726 qui
3590 5651 3655 5710 in
3687 5651 3984 5728 Babylone
4008 5665 4353 5732 supersunt,

2789 5765 2822 5795 α
2854 5742 3087 5801 reditus
3133 5743 3258 5801 illis
3305 5741 3693 5802 concedetur.
3729 5765 3758 5795 ›-
3788 5745 3842 5800 S.
3874 5745 4088 5804 Athen.
4119 5747 4198 5804 La
4218 5747 4354 5806 date
