5008 6329
277 1439 319 1474 Ἴ,
364 1390 557 1461 ¹80

328 4389 531 4445 Propter

288 4447 400 4503 qnia
438 4446 562 4490 tlen-

359 4497 473 4543 dnm
487 4503 510 4544 2

661 341 788 408 316

651 511 905 581 scilicet
943 512 1167 589 nobis,
1205 510 1528 594 Domine,
1588 512 1838 601 faciem
1873 523 2091 591 tuam,
2143 521 2207 578 et

647 618 828 686 salvi
856 621 1132 686 erimus.

743 754 774 788 «
817 728 912 791 Et
951 725 1111 791 doce
1159 747 1290 803 me,
1331 751 1364 791 »
1424 727 1542 817 qui
1574 726 1760 793 solus
1791 733 2006 815 poteS,
2036 723 2208 813 «ju-

1645 338 1729 406 n.
1808 340 2016 437 Aba„
2061 337 2278 406 MAG.
2330 339 2536 407 onn.
2591 339 2885 408 pnAEo.

2323 511 2569 580 rilitate
2618 535 2765 591 sua,
2817 512 3038 579 oravit
3103 508 3197 575 ad
3239 507 3647 591 Dominum,
3702 506 3877 594 flens

2327 620 2637 709 larqiter.
2668 621 3132 704 Judicum,x1,
3168 618 3249 686 37
3287 638 3301 682 :
3345 617 3637 684 Dimitte
3665 637 3772 681 me
3801 621 3877 679 ut

2316 726 2591 794 duobus
2637 726 2977 794 mensibus
3023 728 3429 794 circumeam
3486 731 3772 804 montes,
3814 728 3877 785 et

644 831 1088 918 stificationes
1118 843 1302 913 tuas,
1343 859 1374 898 n
1415 836 1480 899 in
1532 833 1770 922 figuris
1843 829 2103 897 velatas
2141 837 2206 896 et
2309 835 2654 925 planqam
2698 836 3163 924 virqinitatem
3203 855 3425 899 meam
3481 852 3636 898 cum
3664 826 3877 895 soda-

645 936 1104 1006 absconditas.
1163 939 1348 1018 Joel,
1415 963 1485 1017 ιι,
1542 940 1626 1005 23
1684 961 1698 1004 :
1758 936 1970 1004 Dedit
2019 935 2206 1003 vobis
2325 942 2509 1010 libus
2541 945 2730 1010 meis.
2776 942 3137 1031 ltem‚pro
3168 939 3619 1006 diminutione
3650 934 3876 1026 poeni-

645 1048 1003 1115 Doctorem
1021 1049 1352 1138 justitioe.

737 1388 770 1421 «
805 1360 1061 1426 Exitus
1147 1382 1525 1450 aquarum.
1580 1390 1612 1423 υ
1690 1361 1818 1429 llic
1882 1363 2200 1453 quintum

644 1478 711 1539 et
749 1469 1067 1538 ultimum
1109 1471 1431 1539 secundae
1471 1474 1683 1562 partis
1732 1474 2092 1559 octonarii,
2130 1474 2201 1540 in

643 1602 779 1670 quo
812 1580 1110 1648 ostendit
1182 1579 1473 1648 fervoris
1549 1590 1617 1648 et
1680 1582 2066 1651 devotionis
2115 1581 2197 1671 {in

640 1688 945 1756 oratione
984 1686 1523 1768 vehementiam,
1558 1711 1677 1778 per
1741 1689 2196 1780 lacrymarum

637 1820 805 1888 quas
836 1797 998 1866 dicit
1027 1820 1098 1865 se
1137 1797 1458 1866 effudisse
1490 1797 1979 1866 abundantiam
2015 1822 2031 1867 ε
2068 1822 2198 1866 un-

637 1904 720 1972 de
778 1904 912 1972 duo
955 1913 1352 1996 tanguntur.
1417 1903 1679 1987 Primo,
1741 1905 2195 1999 lacrymarum

635 2010 872 2079 effusio
917 2011 984 2078 in
1048 2009 1495 2080 abundantia.
1563 2010 1905 2093 Secunde,
1992 2035 2196 2081 causa

633 2118 990 2186 effusionis
1024 2120 1320 2195 illarum,
1386 2119 1506 2201 ihi,
1543 2149 1574 2180 «
1645 2123 1827 2206 (luia
1901 2147 2035 2190 uon
2083 2144 2196 2190 cu·

624 2224 1034 2293 stadim-unt.
1075 2251 1109 2290 ιο

717 2337 898 2405 Dicit
929 2359 1146 2428 ergo:
1206 2336 1320 2405 Sic
1372 2336 1541 2415 dixi,
1621 2337 1805 2428 quod
1853 2338 2192 2407 ferventer

631 2449 848 2522 oravi,
911 2455 978 2514 et
1015 2471 1099 2514 ex
1139 2445 1270 2515 hoc
1296 2448 1588 2538 gratiam
1630 2449 1874 2517 merui.
1911 2448 1995 2516 Et
2025 2448 2184 2540 quid

625 2556 841 2622 movit
901 2554 984 2621 ad
1015 2553 1379 2635 orandum,
1424 2555 1660 2646 tetigi:
1699 2565 1764 2624 et
1795 2556 1957 2647 quid
1979 2556 2181 2624 etiam

620 2662 817 2727 oravi
855 2684 870 2727 ε
913 2670 977 2728 et
1011 2661 1136 2728 suit
1175 2661 1510 2729 orationis
1533 2660 1761 2729 fervor
1781 2662 2177 2746 vehemenS‚

621 2769 778 2858 quia
837 2797 867 2828 «
915 2768 1102 2835 oculi
1149 2770 1286 2834 mei
1351 2768 1814 2848 deduxerunt,
1870 2795 1904 2834 x·
1946 2770 2015 2837 in
2074 2770 2182 2837 di-

613 2897 843 2942 versas
940 2885 1192 2966 partes,
1263 2885 1330 2944 et
1384 2876 1707 2945 deorsum
1810 2877 2173 2958 duxerunt,

616 3007 649 3048 s
680 2983 903 3049 esitus
942 3005 1316 3074 aquarum.
1366 3009 1400 3049 ι
1435 2983 1796 3065 Jeremias,
1831 3007 1925 3069 tx,
1966 2986 2026 3068 l,
2069 2994 2177 3054 ta-

610 3088 744 3156 lem
789 3088 1284 3158 abundantiam
1344 3089 1772 3159 desiderabat
1801 3114 1957 3161 cum
1990 3092 2176 3162 dice-

610 3196 725 3264 bat
766 3219 782 3263 :
832 3198 1001 3281 Quis
1057 3197 1258 3264 dabit
1311 3200 1533 3291 capiti
1585 3222 1732 3267 meo
1772 3223 2055 3291 aquam,
2109 3212 2175 3269 et

608 3302 826 3371 oculis
856 3306 1023 3371 meis
1048 3306 1315 3394 sontem
1354 3304 1826 3396 lacrymarum
1867 3305 1908 3373 ?
1953 3306 2036 3375 Et
2075 3309 2173 3376 in-

606 3412 866 3479 vitabat
902 3411 1203 3502 seipsum
1255 3412 1341 3480 ad
1389 3411 1673 3494 hoc,1v,
1733 3414 1811 3480 17
1860 3435 1876 3482 τ
1937 3415 2170 3482 Dedu-

606 3528 765 3586 cant
846 3518 1034 3587 arieli
1089 3521 1227 3587 mei
1287 3519 1638 3611 lacrymas
1690 3544 1820 3613 per
1879 3532 2165 3591 revelem.

609 3625 715 3707 Et,
778 3627 844 3693 in
891 3625 1142 3694 Thren.
1194 3650 1241 3706 ι,
1302 3629 1384 3695 16
1443 3650 1459 3696 :
1519 3630 1674 3719 1390
1728 3630 2049 3721 plorans,
2108 3638 2172 3695 et

608 3733 851 3801 oculus
890 3758 1082 3801 meus
1129 3733 1471 3803 deducens
1517 3759 1762 3827 aquas.
1822 3735 1976 3803 Non
2007 3736 2168 3804 divit

608 3839 714 3908 hic
782 3840 992 3917 acuti,
1038 3840 1210 3909 forte
1265 3842 1413 3931 jam
1491 3864 1707 3910 unum
1733 3843 2062 3932 {amiserat
2095 3843 2162 3912 in

607 3949 937 4039 plorando
976 3959 1084 4018 :et
1113 3948 1288 4016 alios
1317 3949 1403 4017 ad
1443 3948 1574 4019 hoc
1606 3952 1873 4029 invitat,
1911 3950 2159 4020 Thren.

608 4079 679 4128 ιι.
717 4057 795 4123 18
830 4078 845 4122 :
878 4055 1119 4123 Deduc
1145 4056 1354 4147 quasi
1390 4065 1754 4124 torrentem
1826 4055 2170 4151 lacrymas

603 4187 728 4255 per
761 4164 942 4230 diem
983 4172 1047 4230 et
1100 4172 1364 4230 noctem
1422 4186 1447 4231 .·
1512 4186 1649 4232 non
1708 4163 1823 4232 des
1869 4167 2169 4257 requiem

611 4268 763 4347 tibi,
831 4293 1048 4359 neque
1101 4278 1323 4338 taceat
1343 4269 1636 4361 pupilla
1664 4271 1853 4339 oculi
1889 4273 2017 4340 tui.

703 4402 737 4441 α
785 4376 966 4460 (mia
996 4399 1132 4443 uon
1170 4376 1671 4445 custodierunt.
1709 4405 1744 4440 n
1787 4376 1958 4447 Ecce
1998 4378 2170 4447 ratio

613 4493 680 4554 et
705 4505 909 4552 causa
957 4483 1156 4551 fletus
1205 4482 1408 4565 tanti,
1468 4505 1610 4551 una
1667 4484 1954 4564 scilicet,
2011 4484 2170 4577 quia

613 4591 934 4659 mandata
965 4589 1086 4657 llei
1119 4613 1261 4658 non
1290 4590 1784 4659 custodierunt.
1808 4590 1942 4660 Pro
1973 4615 2172 4661 man-

612 4698 749 4767 dati
825 4720 989 4789 ergo
1064 4695 1279 4764 divini
1347 4698 1890 4790 transgressione
1946 4700 2169 4791 primo

610 4805 914 4875 tiendum
967 4812 1068 4872 est
1129 4803 1591 4875 abundanter.
1653 4804 1863 4875 Mich.
1934 4830 1982 4887 1,
2063 4810 2164 4877 8:

609 4915 896 4983 Faciam
917 4911 1290 5003 planctum
1360 4910 1550 4979 velut
1579 4912 1990 4999 draconum,
2053 4917 2171 5006 qui

610 5023 840 5093 divicti
915 5020 1002 5089 ab
1070 5020 1462 5113 elephante,
1547 5021 1830 5092 sibilant
1908 5024 2174 5093 fortiter

608 5142 672 5201 et
712 5131 1045 5223 plangunt
1090 5154 1106 5200 :
1141 5141 1205 5199 et
1262 5132 1530 5200 luctum
1593 5134 1800 5224 quasi
1835 5134 2172 5202 struthio-

606 5263 802 5320 mem,
853 5263 1005 5331 quae
1071 5239 1395 5309 dicuntur
1421 5239 1692 5332 plorare
1722 5240 1986 5311 fortiter
2021 5243 2171 5310 ovis

607 5343 1046 5417 conculcatis.
1118 5345 1317 5427 Item,
1388 5370 1516 5440 pro
1581 5347 1740 5416 vita!
1786 5347 2166 5430 sterilitate,

606 5477 761 5525 cum
802 5451 1017 5522 homo
1045 5453 1234 5524 videt
1261 5477 1334 5524 se
1366 5453 1541 5523 nihil
1571 5452 1739 5524 boni
1769 5454 2168 5525 facere.11ic

603 5567 703 5631 est
745 5558 943 5628 fletus
971 5558 1218 5640 Annoe,
1277 5559 1306 5627 1
1350 5559 1522 5653 Reg.
1558 5582 1606 5642 1,
1658 5562 1787 5630 10:
1835 5562 2006 5631 Cum
2056 5583 2164 5627 es-

599 5681 699 5738 set
733 5669 937 5740 Anna
965 5688 1209 5735 amaro
1246 5670 1512 5751 animo,
1560 5668 1817 5739 scilicet
1845 5692 1968 5760 pro
1997 5677 2061 5737 st
2084 5690 2163 5738 e·-

2315 1051 2563 1130 tentiae,
2595 1051 2754 1141 quia
2770 1057 3040 1140 peracta
3068 1070 3207 1114 non
3237 1055 3360 1114 est.
3388 1045 3502 1113 Sic
3520 1042 3869 1120 Ezechias,

2312 1155 2412 1223 lv
2434 1157 2602 1249 Reg.
2625 1181 2742 1237 xx,
2772 1160 2811 1225 2
2842 1165 2908 1225 et
2938 1157 3069 1225 Isa.
3100 1176 3386 1233 xxxvm,
3409 1153 3475 1235 3,
3502 1173 3875 1220 conversus

2312 1264 2397 1332 ad
2427 1267 2787 1355 parietem,
2826 1266 3020 1354 flevit
3045 1263 3217 1351 fletu
3246 1283 3525 1350 maqno.
3572 1258 3708 1326 Pro
3752 1259 3880 1325 im-

2314 1372 2644 1464 petranda
2711 1373 3115 1456 eruditione,
3177 1371 3421 1438 GeneS.
3460 1390 3603 1450 xxi,
3655 1369 3735 1436 15
3810 1372 3879 1434 et

2311 1504 2465 1572 seq.
2514 1504 2529 1548 :

2314 1600 2494 1673 utre,
2541 1589 2852 1658 doctrina
2881 1590 2951 1655 in
2996 1597 3247 1670 mente,
3300 1608 3434 1675 qua
3486 1584 3681 1674 pueri
3712 1590 3877 1649 sunt

2345 1697 2698 1777 mbuendi,
2731 1698 2917 1788 Agar
2969 1695 3214 1762 levavit
3251 1716 3476 1762 vocem
3508 1701 3574 1760 et
3622 1691 3817 1780 flevit
3848 1712 3870 1756 :

2305 1811 2368 1870 et
2393 1804 2754 1871 exaudivit
2786 1805 2973 1871 Deus
3012 1823 3231 1868 vocem
3273 1801 3504 1891 pueri.
3550 1797 3685 1865 Pro
3735 1797 3873 1863 im·

2304 1909 2628 1999 petranda
2717 1909 2926 2001 patris
3015 1906 3512 1983 benedictione,
3620 1903 3865 1972 GeneS.

2301 2038 2517 2096 xxvn,
2553 2017 2637 2084 38
2669 2023 2734 2084 et
2764 2016 2846 2084 39
2881 2037 2896 2081 ε
2945 2015 3252 2105 Cumque
3294 2012 3579 2102 ejulatu
3613 2032 3867 2101 maqno

2294 2123 2518 2211 fleret,
2572 2133 2796 2190 motus
2850 2125 3047 2191 Isaac
3092 2122 3273 2188 ‹liz-it
3330 2121 3433 2188 ad
3484 2140 3666 2197 eum,
3725 2126 3860 2186 etc.

2298 2229 2432 2298 Pro
2501 2231 2976 2322 praegustanda
3055 2227 3387 2320 spirituali
3461 2225 3868 2303 dulcedine,

2299 2338 2545 2406 GeneS.
2571 2361 2783 2417 xxvii,
2816 2340 2900 2406 20
2945 2359 2960 2406 z
3005 2340 3159 2406 Non
3198 2336 3549 2403 dimittam
3581 2344 3667 2412 te,
3722 2333 3871 2401 nisi

2298 2443 2722 2513 benedi-reris
2749 2445 2944 2524 milei,
3007 2445 3134 2512 nisi
3165 2445 3505 2511 internam
3538 2439 3848 2509 dulcedi-

2291 2574 2447 2620 nem
2487 2551 2735 2619 sentire
2762 2551 2999 2619 feceris
3035 2573 3050 2618 ε
3084 2558 3149 2619 et
3192 2549 3317 2617 hoc
3376 2546 3642 2616 dicebat
3678 2568 3837 2614 cum

2285 2661 2471 2738 fletu,
2499 2659 2696 2743 Osee,
2724 2682 2840 2737 xu,
2871 2660 2910 2726 t
2942 2682 2957 2726 ε
2991 2659 3238 2738 Flevit,
3261 2665 3324 2724 et
3346 2656 3617 2747 roqavit
3642 2676 3799 2722 eum
3820 2676 3845 2721 .·

2282 2767 2351 2833 in
2386 2766 2630 2833 Betae!
2656 2765 2912 2833 invenit
2947 2786 3128 2833 eum.
3175 2763 3306 2829 l'ro
3338 2761 3574 2829 laetitia
3605 2768 3672 2827 et
3711 2782 3841 2826 ex-

2280 2873 2644 2942 sultatione
2713 2874 3120 2964 cognitionis
3196 2872 3467 2951 divinae,
3556 2866 3831 2960 quando

2277 2981 2774 3074 aliquantulum
2807 2981 3078 3049 irradiat
3102 2982 3170 3048 in
3208 2978 3809 3069 contemplatione,

2279 3088 2523 3157 GeneS.
2550 3090 2775 3174 xant:
2802 3088 3129 3181 Praecepit
3160 3097 3316 3155 ut...
3344 3086 3588 3154 nullus
3613 3085 3821 3152 inter·

2274 3208 2439 3268 esset
2476 3200 2746 3267 alienus
2781 3199 3123 3289 aquilioni
3151 3206 3406 3264 mutem,-
3436 3220 3459 3263 .·
3490 3195 3822 3264 elevavit-

2274 3328 2405 3397 que
2442 3327 2664 3373 vocem
2693 3328 2847 3373 cum
2874 3306 3073 3393 stetu.
3108 3304 3307 3381 Item,
3355 3324 3476 3394 pro
3516 3302 3727 3393 patris
3756 3308 3825 3369 et

2272 3412 2816 3503 propinquorum
2873 3409 3203 3501 spirituali
3281 3418 3526 3488 morte,
3570 3409 3818 3477 Genes.

2274 3543 2335 3603 a,
2373 3521 2400 3587 1
2444 3544 2460 3589 :
2503 3519 2707 3604 Quod
2759 3541 3030 3587 cernens
3090 3517 3364 3609 loseph,
3424 3520 3569 3585 ruit
3618 3539 3827 3610 super

2269 3628 2522 3720 faciem
2545 3628 2771 3719 patris
2794 3628 2998 3718 flens,
3030 3637 3095 3694 et
3125 3627 3530 3695 deosculans
3548 3647 3731 3694 eum.

2363 3840 2491 3910 llic
2520 3842 2724 3911 etiam
2754 3842 3129 3911 secundum
3189 3841 3320 3911 hoc
3357 3842 3580 3933 plorat
3609 3849 3678 3911 et
3705 3864 3826 3911 ea-

2274 3945 2426 4015 dem
2457 3945 2540 4015 de
2594 3970 2823 4028 causa,
2858 3955 2932 4015 ut
2989 3947 3070 4015 sit
3130 3968 3423 4015 sensus:
3499 3973 3531 4010 ι
3563 3948 3823 4015 Exitus

2272 4078 2614 4146 aquarum
2646 4055 3077 4124 deduxerunt
3097 4055 3283 4124 oculi
3307 4056 3464 4133 mei,
3489 4056 3659 4148 quia
3685 4078 3822 4123 non

2270 4162 2758 4241 custodierunt,
2795 4190 2829 4225 n
2882 4161 3403 4244 calumniantes,
3473 4169 3539 4230 et
3590 4160 3753 4229 mali
3784 4183 3826 4229 a

2271 4267 2519 4360 quihus
2553 4268 2822 4338 liberari
2869 4270 3055 4360 petii,
3102 4296 3133 4333 ιι
3172 4269 3386 4359 leqem
3418 4278 3639 4336 tuam.
3677 4293 3712 4336 ι
3740 4268 3826 4337 Et

2271 4374 2431 4443 huic
2466 4376 2693 4444 sensui
2765 4374 3130 4445 concordat
3192 4375 3417 4445 littera
3463 4375 3828 4466 proeposita

2275 4480 2653 4566 octonario,
2683 4480 2938 4551 scilicet
2976 4483 3258 4579 φθήῃ),
3277 4479 3461 4572 quod
3492 4480 3830 4571 interpre-

2273 4597 2456 4661 tatur
2514 4592 2789 4662 erravit.
2850 4592 2950 4661 Ac
3005 4592 3060 4659 si
3122 4592 3372 4661 diceret
3405 4612 3422 4658 ε
3490 4590 3829 4661 l‘onderet

2270 4698 2517 4792 aliquis
2562 4722 2683 4769 cur
2745 4698 2966 4790 plorat
3029 4699 3154 4766 iste
3211 4697 3543 4790 populum
3601 4697 3825 4790 legem

2270 4829 2413 4875 non
2451 4806 2973 4876 custodientem.
3029 4805 3197 4875 Ecce
3252 4808 3511 4875 erravit
3552 4829 3569 4875 ε
3620 4815 3689 4877 et
3715 4806 3830 4876 de·

2272 4912 2491 5003 plorat
2528 4912 2713 4982 illius
2762 4935 3086 4995 errorem,
3147 4913 3468 5004 quamvis
3516 4913 3602 4982 ad
3648 4914 3828 5004 seip-

2270 5043 2422 5089 sum
2457 5021 2688 5090 referri
2729 5019 2965 5113 possit.
3001 5020 3099 5089 Ac
3147 5021 3200 5090 si
3234 5021 3417 5091 dicat
3462 5045 3479 5091 ε
3516 5021 3685 5090 Ecce
3715 5019 3826 5089 hic

2270 5134 2608 5197 scrutatus
2640 5136 2740 5196 est
2778 5127 3095 5196 mandata
3124 5128 3275 5208 Dei,
3310 5138 3379 5199 et
3415 5129 3637 5199 oravit
3665 5151 3824 5198 cum

2268 5240 2458 5303 tanta
2493 5234 2946 5327 lacrymarum
2993 5234 3439 5305 abundantia.
3472 5234 3609 5304 Cur
3639 5233 3825 5306 hoc?

2267 5339 2438 5410 Ecce
2469 5342 2642 5423 Phe,
2713 5339 2844 5411 hoc
2879 5350 3017 5434 3est,
3074 5344 3349 5429 erravit,
3410 5351 3478 5413 et
3522 5365 3824 5412 errorem

2269 5470 2472 5518 suum
2501 5447 2827 5517 lamentis
2854 5449 3169 5518 correxit.

2598 1483 2767 1551 Cum
2824 1487 3222 1570 consumpta
3305 1487 3469 1544 esset
3538 1498 3729 1566 aqua
3805 1474 3876 1540 in
3978 1495 3981 1498 ’
