5008 6329
707 292 790 357 38
1678 294 1763 362 D.
1840 292 2039 358 ALB.
2093 291 2310 357 MAG.
2363 289 2568 356 ORD.
2623 289 2922 357 PRAED.

704 457 1046 530 charitatis
1078 465 1145 530 in
1176 487 1253 531 ea
1281 469 1746 530 conservatur.
1776 458 1995 525 Exod.
2031 482 2077 535 1,
2121 460 2197 524 12
2228 479 2241 523 :

704 566 854 636 Filii
920 570 1151 650 Israel,
1196 592 1330 660 quo
1386 568 1538 657 plus
1608 566 2108 655 affligebantur,
2173 586 2250 632 eo

703 677 855 767 plus
887 679 1301 755 crescebant,
1338 683 1403 741 et
1434 667 2128 762 multiplicabantur¹.

799 914 833 955 α
864 892 1089 980 Super
1115 895 1394 953 monteS.
1434 912 1467 948 ι)
1537 884 1666 953 Hic
1730 884 2132 965 secundum,
2182 885 2253 952 in

708 1021 843 1088 quo
881 994 1189 1085 tangitur
1241 993 1325 1061 de
1382 993 1830 1082 dispositione
1905 1002 2257 1062 creatura-

707 1127 860 1172 rum
893 1102 1289 1170 inferiorum
1321 1100 1389 1167 in
1419 1101 1567 1191 ipso
1608 1100 1891 1178 diluvio.

795 1211 914 1278 Ait
970 1210 1203 1276 enim:
1251 1206 1364 1275 Sic
1426 1207 1794 1299 aliquando
1843 1208 2092 1297 abysso
2134 1207 2257 1273 cir·

709 1316 1161 1386 cumdabatur
1216 1323 1415 1393 terra,
1508 1324 1575 1383 et
1665 1323 1932 1383 tantum
2016 1314 2251 1395 crevit,

713 1422 895 1514 quod
937 1445 972 1485 ι
1030 1444 1227 1512 aquae
1265 1421 1518 1511 abyssi,
1560 1449 1591 1483 υ
1661 1418 1926 1509 supple,
1983 1418 2258 1486 stabunt

713 1538 829 1597 tua
860 1528 1299 1619 dispositione
1332 1557 1368 1592 (ι
1396 1551 1602 1619 super
1639 1536 1922 1603 montes,
1962 1552 1995 1588 ιι
2029 1524 2260 1592 eleva-
2300 1570 2310 1589 .

713 1645 800 1707 tae
830 1660 1033 1729 supra
1062 1637 1305 1706 cubitis
1362 1635 1780 1727 quindecim,
1832 1635 2007 1702 sicut
2043 1633 2260 1701 liabe-

715 1755 849 1828 tur,
885 1746 1129 1815 GeneS.
1172 1768 1292 1826 vn,
1362 1746 1472 1812 20.
1560 1743 1647 1810 Et
1701 1745 1974 1821 iterum,
2008 1751 2071 1819 5.
2113 1743 2191 1810 19
2236 1763 2253 1807 :

712 1856 809 1921 Et
837 1876 1033 1944 aquae
1092 1851 1609 1943 praevaluerunt
1659 1851 1870 1917 nimis
1898 1870 2106 1939 super
2134 1857 2263 1915 ter-

714 1983 892 2044 ram,
926 1962 1275 2051 opertique
1300 1969 1463 2027 sunt
1492 1981 1722 2025 omnes
1750 1966 2012 2024 ’nantes
2040 1956 2259 2024 excel-

710 2067 775 2135 si
797 2066 924 2133 sub
958 2067 1268 2133 universo
1297 2065 1490 2133 coelv.

804 2174 1005 2264 Aqua
1044 2172 1436 2241 deliciarum
1477 2182 1544 2240 ot
1586 2171 2010 2264 voluptatum
2055 2170 2260 2240 modo

723 2281 992 2372 operuit
1018 2287 1312 2360 monteS,
1348 2279 1673 2348 l‘raelatos
1712 2288 1778 2347 et
1814 2301 2106 2370 magnos
2132 2278 2264 2347 ho-

722 2389 968 2470 mineS,
1007 2386 1375 2456 ascendens
1405 2410 1622 2478 usque
1653 2386 1737 2454 ad
1789 2408 2139 2454 summum
2178 2384 2264 2452 il-

722 2495 970 2564 lorum.
1015 2495 1092 2563 In
1131 2494 1314 2564 Psal.
1358 2517 1585 2575 vam,
1627 2497 1667 2562 2
1712 2517 1728 2561 ε
1797 2494 2093 2562 Salvum
2158 2515 2264 2560 me

719 2606 862 2695 sac,
920 2607 1131 2683 Deus,
1193 2605 1518 2694 quoniam
1584 2604 2012 2671 intraverunt
2067 2624 2265 2693 aquae

727 2736 939 2805 usque
974 2713 1071 2782 ad
1103 2715 1411 2783 animam
1449 2735 1696 2781 meam.

816 3073 851 3115 ι
880 3047 987 3119 Ab
1017 3049 1530 3141 increpationem
1561 3048 1688 3116 llic
1703 3048 2003 3130 tertium,
2035 3049 2106 3117 in
2126 3071 2261 3140 quo

724 3154 1025 3246 tangitur
1050 3154 1554 3246 magnificentia
1583 3153 1704 3222 Dei
1726 3154 1797 3222 in
1817 3151 2263 3246 dispositione

722 3270 1184 3333 creaturarum
1223 3262 1619 3331 inferiorum
1660 3270 1816 3353 post
1870 3261 2256 3332 diluvium:

722 3379 791 3439 et
815 3369 1132 3438 dicuntur
1172 3377 1489 3460 quatuor.
1554 3367 1813 3447 Primo,
1882 3367 2265 3437 ostenditur

722 3477 846 3545 Dei
901 3475 1401 3567 magnificentia
1432 3475 1501 3542 in
1553 3471 2002 3544 diminutione
2058 3498 2266 3567 aqua-

723 3609 898 3655 rum.
947 3585 1290 3664 Secundo,
1333 3585 1403 3652 in
1432 3585 1854 3675 apparitione
1892 3587 2259 3670 montium,

720 3702 789 3763 et
824 3714 1248 3783 camporum,
1317 3690 1441 3771 ibi,
1499 3698 1564 3769 5.
1608 3692 1650 3759 8
1708 3712 1725 3759 z
1775 3719 1809 3754 «
1874 3690 2265 3761 Ascendnnt

720 3809 999 3867 montes.
1028 3823 1063 3864 ι
1082 3797 1336 3876 Tertio,
1361 3798 1433 3865 in
1461 3796 1800 3866 relusione
1828 3820 2162 3888 aquarum
2191 3799 2262 3866 in

720 3909 1014 4000 propriis
1079 3906 1316 3990 alveis,
1382 3905 1505 3987 ibi,
1545 3912 1611 3983 ὲ.
1653 3911 1694 3973 9
1737 3927 1754 3973 :
1802 3930 1837 3972 ι
1873 3906 2263 3975 Yet-minum

715 4015 1037 4106 posuisti.
1075 4038 1110 4079 ι
1154 4013 1438 4092 Quarto,
1474 4013 1544 4080 in
1584 4014 2093 4103 recuperatione
2147 4035 2266 4081 so-

719 4123 821 4190 liti
890 4144 1155 4201 cursus,
1242 4129 1311 4189 et
1359 4120 1705 4210 originum
1752 4143 2064 4207 suarum,
2140 4121 2260 4203 ibi,

717 4239 783 4307 y.
832 4230 912 4298 10
945 4246 966 4299 τ
999 4257 1034 4292 κ
1082 4229 1225 4314 Qui
1259 4228 1516 4298 emittis
1550 4229 1800 4318 sontes.
1838 4253 1872 4295 ι

808 4333 888 4403 In
942 4336 1159 4426 prima
1229 4332 1391 4402 duo.
1442 4332 1705 4414 Primo,
1762 4332 1885 4402 Dei
1953 4336 2265 4428 magnifi-

720 4442 942 4513 centia
994 4442 1064 4510 in
1129 4440 1546 4511 cohibitione
1606 4442 1831 4510 fluxus
1895 4441 2263 4513 inordinati

720 4571 1076 4642 aquarum.
1122 4546 1469 4630 Secundo,
1509 4548 1583 4615 in
1631 4546 2087 4618 diminutione
2142 4570 2264 4618 co-

730 4657 1127 4739 hibiturum,
1168 4658 1287 4736 ibi,
1324 4683 1359 4723 ι
1389 4660 1448 4727 Α
1480 4680 1635 4725 voce
1670 4656 1985 4726 tonitrui.
2020 4682 2054 4724 ι

807 4765 984 4835 Dicit
1027 4789 1193 4858 ergo
1259 4787 1276 4833 :
1320 4764 1439 4834 Sic
1481 4772 1639 4834 ante
1687 4764 2024 4834 diluvium
2072 4774 2262 4836 erant

719 4894 941 4964 aquae,
976 4873 1074 4942 sic
1109 4874 1180 4940 in
1217 4870 1507 4956 diluvio,
1538 4879 1605 4941 et
1632 4881 1789 4964 post
1828 4900 1861 4937 ι
1883 4874 2187 4965 suqient,
2222 4899 2256 4941 s

719 4983 913 5073 quasi
971 4979 1481 5062 retrocedendo,
1565 5002 1707 5050 non
1770 4981 2049 5051 fluendo
2112 4984 2258 5073 jam

718 5088 1037 5181 amplius,
1099 5112 1134 5152 ι
1183 5086 1271 5155 ab
1310 5088 1773 5181 increpatione
1823 5097 1974 5168 tua,
2032 5114 2064 5153 ιι
2129 5088 2259 5157 hoc

716 5206 844 5276 est,
876 5218 955 5266 ac
990 5196 1044 5263 si
1077 5202 1302 5265 essent
1328 5219 1371 5266 a
1411 5204 1476 5266 te
1513 5196 1597 5265 de
1654 5195 2040 5266 inordinato
2071 5197 2259 5267 fluxu

712 5298 1412 5395 increpatae.Nabum,
1439 5324 1487 5382 ι,
1520 5302 1562 5370 4
1594 5324 1613 5372 ε
1645 5303 2016 5394 Increpans
2042 5326 2254 5386 mare,

711 5420 775 5478 et
801 5411 1146 5479 avt-siccans
1206 5408 1418 5477 illud.
1467 5407 1718 5501 Supra,
1760 5410 1830 5479 in
1870 5408 2055 5480 l‘sal.
2088 5433 2252 5492 xvn,

785 5621 802 5656 ¹
832 5618 1013 5679 Exod.
1044 5636 1087 5693 ι,
1146 5621 1257 5679 12:
1316 5622 1644 5694 Quantoque
1695 5623 2082 5696 opprimebant
2138 5639 2252 5695 eos,

2361 458 2488 524 16:
2533 457 2637 524 Ab
2697 459 3158 549 increpatione
3224 469 3372 534 tua,
3443 458 3760 532 Domine,
3823 450 3909 519 ab

2357 564 2805 656 inspiratione
2829 567 3120 655 spiritus
3151 567 3271 633 irae
3301 574 3460 632 tuse.

2449 697 2481 737 α
2519 674 2575 739 Α
2610 694 2763 738 voce
2792 672 3085 737 tonitrui
3124 674 3251 749 tui,
3289 699 3318 733 ιι
3364 668 3495 737 hoc
3536 674 3661 743 est,
3722 668 3908 732 venti

2359 778 2701 856 terribilis,
2746 784 2811 844 et
2841 777 3026 859 sicci,
3069 801 3103 841 α
3153 775 3669 866 formidabunt,
3716 798 3749 837 ιι
3802 771 3912 837 fu-

2356 887 2642 977 gienteS,
2703 892 2769 953 et
2823 882 3429 974 evaporationibus
3496 882 3814 971 dispersae
3848 884 3913 943 et

2358 994 2735 1062 diminutae.
2773 992 3018 1060 GeneS.
3057 1013 3203 1073 vin,
3252 992 3283 1056 1
3326 1012 3340 1056 :
3400 989 3720 1057 Adduxit
3764 990 3914 1054 Do-

2358 1101 2586 1167 minus
2622 1101 2949 1189 spiritum
3004 1120 3214 1188 super
3252 1105 3534 1179 terram,
3578 1106 3641 1161 et
3680 1093 3910 1161 immi·

2358 1216 2541 1274 nutae
2594 1216 2757 1272 sunt
2804 1229 3025 1296 aquae.
3079 1207 3178 1273 Et
3215 1203 3442 1271 clausi
3485 1211 3646 1270 sunt
3689 1206 3913 1291 sontes

2359 1315 2613 1404 abyssi.
2659 1313 2836 1393 Quia
2889 1337 3083 1395 vero,
3128 1317 3304 1383 siout
3342 1313 3504 1381 dicit
3534 1311 3797 1388 Glossa,
3843 1309 3912 1374 in

2360 1423 2586 1489 futuro
2618 1420 2945 1512 loquitur,
2991 1445 3132 1490 non
3163 1423 3235 1489 in
3264 1424 3636 1513 praeteritO,
3695 1416 3914 1507 magis

2361 1530 2444 1597 ad
2528 1551 2803 1596 sensum
2897 1529 3324 1619 spiritualem
3402 1526 3912 1596 recurrendum.

2361 1638 2580 1729 Aquoe
2612 1661 2774 1729 ergo
2813 1637 3052 1728 populi
3092 1646 3280 1722 sunt,
3331 1637 3706 1706 secundum
3747 1634 3913 1702 illud

2360 1743 2646 1834 Apocal.
2679 1767 2846 1824 xvii,
2894 1746 2975 1812 15
3009 1767 3025 1812 ε
3076 1746 3295 1835 Aquae
3333 1766 3507 1836 quas
3560 1742 3909 1822 vidisti,...

2355 1851 2608 1942 populi
2651 1861 2838 1931 sunt,
2892 1861 2957 1920 et
3003 1861 3261 1942 qentes,
3311 1862 3376 1920 et
3434 1852 3714 1942 linquam
3779 1847 3913 1915 Sed

2365 1961 2510 2027 istae
2548 1959 2820 2051 fugiunt
2845 1969 3125 2051 peccata
3163 1960 3249 2029 ab
3281 1961 3746 2051 increpatione
3786 1957 3912 2025 Dei

2362 2090 2484 2158 per
2512 2067 2804 2158 flagella.
2839 2067 3048 2136 Eccli.
3085 2091 3179 2145 xi,
3215 2071 3300 2137 29
3345 2091 3360 2135 :
3396 2067 3682 2137 Malitia
3714 2066 3918 2134 unius

2363 2175 2548 2243 leorae
2583 2177 2996 2245 oblivionem
3020 2179 3199 2268 facit
3228 2178 3535 2245 luxuriae
3562 2179 3909 2245 maximam

2364 2284 2449 2351 Et
2484 2308 2525 2352 a
2561 2307 2731 2353 voce
2771 2285 3302 2375 praedicationis,
3338 2296 3693 2379 tamquam
3732 2309 3773 2353 a
3800 2310 3915 2355 vo-

2365 2415 2439 2460 ce
2479 2393 2759 2459 tonitrui
2790 2393 3007 2461 divini
3044 2392 3443 2462 formidant.
3516 2392 3770 2462 llabac.
3817 2416 3911 2471 ιιι,

2367 2500 2406 2564 2
2441 2519 2457 2564 ε
2492 2499 2809 2577 Domine,
2843 2498 3088 2567 andivi
3116 2499 3544 2567 auditionem
3575 2508 3793 2577 tuam,
3855 2508 3918 2565 et

2368 2605 2595 2671 tinini.
2640 2602 2836 2683 Osee,
2871 2627 2963 2681 xi,
3008 2607 3113 2673 10.
3165 2608 3302 2674 Leo
3352 2606 3601 2695 γαμέει,
3660 2616 3723 2672 et
3760 2606 3915 2692 sor-

2366 2710 2732 2780 midabunt
2756 2713 2902 2803 filii
2928 2714 3168 2781 maris.

2459 3068 2491 3108 ι
2533 3041 2926 3111 Asc-endunt
2953 3051 3239 3110 montes.
3271 3068 3303 3107 ιι
3344 3041 3474 3110 Ilic
3512 3043 3910 3119 secundum.

2368 3152 2435 3219 in
2466 3175 2604 3243 quo
2635 3150 3019 3222 ostenditur
3056 3151 3567 3244 magnificentia
3605 3154 3672 3221 in
3714 3177 3920 3222 mon-

2367 3262 2536 3329 tium
2599 3268 2665 3330 ot
2711 3284 3116 3349 camporum
3158 3263 3606 3353 apparitione.
3653 3261 3912 3342 Primo,

2369 3369 2734 3437 montium.
2772 3367 3118 3451 Secundo,
3141 3392 3572 3463 camporum,
3605 3371 3725 3451 ibi,
3761 3401 3794 3435 a
3828 3375 3923 3441 lit

2368 3476 2802 3545 descendunt.
2838 3501 2875 3543 s

2456 3582 2575 3652 Ait
2611 3584 2848 3675 enimjz
2886 3582 3004 3653 Sic
3042 3607 3259 3676 aquas
3286 3588 3761 3678 compescuisti
3806 3610 3821 3656 :
3856 3598 3924 3657 et

2367 3698 2531 3759 tunc
2571 3714 2606 3756 ι
2639 3691 3015 3760 ascendunt
3044 3701 3330 3774 montes,
3367 3718 3402 3759 ι
3435 3692 3505 3762 id
3541 3702 3669 3774 est,
3702 3692 3925 3763 eleva-

2368 3800 2420 3866 ti
2449 3821 2521 3866 se
2553 3797 2967 3869 ostendunt:
3003 3825 3042 3868 ι
3073 3811 3141 3870 et
3162 3800 3578 3870 descendant
3604 3803 3856 3894 campi,
3879 3831 3910 3865 ι

2368 3905 2738 3977 ostendunt
2800 3915 3156 4000 tamquam
3208 3908 3685 3979 descenderint
3751 3911 3922 3979 inie-

2371 4013 2513 4081 rius
2541 4035 2612 4081 se
2643 4011 2935 4105 deprimi
2971 4037 2988 4083 z
3023 4022 3092 4084 et
3120 4013 3280 4101 hoc,
3321 4039 3356 4081 ι
3389 4016 3461 4085 in
3522 4016 3669 4086 loco
3723 4040 3923 4109 quem

2367 4121 2693 4212 fundasti
2755 4123 2879 4203 eis,
2914 4147 2948 4189 ι
3005 4144 3216 4215 quem
3253 4122 3603 4195 fundando
3641 4126 3739 4195 eis
3793 4136 3927 4194 sta-

2370 4229 2585 4297 tuisti.
2629 4227 2880 4299 Genes.
2913 4252 3062 4310 vm,
3103 4231 3147 4299 5
3189 4252 3208 4300 ε
3245 4233 3749 4324 Apparuit-runt
3801 4257 3925 4300 ca-

2370 4336 2651 4404 cumina
2687 4339 3058 4419 montium,
3100 4346 3168 4407 et
3198 4339 3536 4409 exsiccata
3563 4348 3665 4409 est
3694 4364 3926 4434 super·

2373 4443 2556 4514 ficies
2587 4453 2808 4514 terrae.
2838 4443 3113 4514 Montes
3149 4454 3312 4516 sunt
3340 4444 3637 4528 Praelati,
3670 4451 3786 4540 qui
3815 4450 3928 4519 de·

2372 4547 2536 4618 bent
2591 4549 2960 4620 ascendere
3027 4573 3304 4621 sursum
3369 4553 3442 4622 in
3503 4553 3657 4624 loco
3722 4579 3926 4648 quem

2371 4657 2681 4728 fundavit
2709 4658 3056 4744 eisDeus,
3086 4657 3347 4731 scilicet
3384 4671 3459 4729 ut
3494 4663 3636 4732 vita
3689 4686 3927 4733 eorum

2369 4764 2668 4835 emineat
2711 4787 2922 4856 super
2967 4764 3144 4836 alios
3191 4766 3280 4836 ab
3318 4767 3611 4840 humero
3660 4780 3729 4840 et
3773 4794 3931 4840 sur-

2368 4893 2550 4939 sum.
2582 4868 2613 4938 1
2644 4868 2814 4964 Reg.
2858 4892 2931 4953 x,
2964 4872 3078 4952 23,
3113 4871 3201 4941 ab
3240 4871 3533 4944 humero
3563 4882 3629 4943 et
3657 4898 3929 4946 sursum

2370 4976 2496 5046 suit
2535 4974 2702 5046 Saul
2729 4979 3147 5048 eminentior
3173 4981 3364 5051 omni
3404 4980 3686 5073 populo.
3731 4982 3930 5052 Cam-

2368 5086 2435 5179 pi
2483 5094 2713 5157 autem
2762 5093 2925 5158 sunt
2968 5088 3224 5158 subditi
3267 5092 3338 5158 in
3396 5088 3690 5177 interno,
3757 5103 3824 5164 et
3856 5095 3926 5163 in

2367 5192 2504 5261 lata
2533 5192 2644 5263 via
2672 5195 2906 5286 positi.
2942 5193 3196 5285 Supra,
3237 5192 3308 5263 in
3350 5194 3532 5268 l‘sal.
3568 5220 3749 5280 ωιιν,
3790 5203 3868 5268 ¹2
3900 5225 3918 5270 :

2369 5301 2619 5395 Campi
2670 5302 2782 5371 tui
2839 5300 3296 5394 replebantur
3371 5302 3702 5376 ubertate.
3796 5308 3924 5379 liic

2366 5411 2573 5480 etiam
2610 5410 2804 5479 locus
2842 5430 2885 5505 a
2911 5406 3061 5478 Deo
3093 5408 3443 5492 fundatur,
3495 5413 3750 5484 scilicet
3790 5438 3925 5486 no-

2366 5630 2521 5683 tanto
2547 5624 2725 5696 mavis
2750 5620 3299 5698 multiplicabantur,
3327 5632 3383 5684 et
3410 5626 3740 5689 crescebant.
