5008 6329
1831 365 2543 439 COMMENTARIUS
2594 372 2688 437 ΙΝ
2734 372 3164 442 PSALMUM
3215 373 3577 443 CXLVIII.
4205 379 4331 444 529

1158 528 1224 597 3.
1282 530 1609 602 Laudate
1652 555 1851 617 eum,
1905 538 2010 608 sol
2063 556 2133 608 et
2181 540 2353 608 luna
2415 561 2431 608 ε
2506 540 2670 607 lau-

1381 636 1546 708 date
1566 661 2027 717 eum.omnes
2052 645 2276 713 stellae
2298 663 2365 713 et
2393 645 2664 713 lumen.

1153 763 1224 829 4.
1283 745 1609 818 Laudate
1670 771 1868 830 eum,
1938 748 2099 819 coeli
2178 753 2529 820 coelorum
2576 770 2592 804 ¹
2650 774 2665 818 :

1374 871 1445 922 et
1486 874 1696 945 aquae
1737 876 1992 923 omnes
2035 876 2196 946 quae
2241 879 2457 949 super
2516 878 2667 928 coe-

1380 959 1489 1028 los
1524 976 1697 1029 sunt

1152 1077 1217 1144 5.
1277 1074 1615 1144 Laudent
1657 1097 1923 1145 nomen
1961 1078 2283 1149 Domini.

1288 1179 1484 1271 Quia
1543 1182 1699 1274 ipse
1769 1183 1975 1269 dixit,
2046 1205 2113 1256 et
2176 1189 2357 1257 facta
2427 1207 2662 1258 sunt:

2793 565 2897 609 ro.
2959 541 3244 618 Bestiae.
3293 561 3363 611 et
3420 542 3757 613 universa
3807 566 4065 634 pecora
4116 567 4130 610 :
4190 566 4332 612 scr-

3048 666 3325 737 penteS,
3385 667 3454 718 et
3501 650 3833 719 volucres
3907 670 4234 741 pennatae
4309 675 4324 718 :

2790 776 2894 819 ιι.
2954 754 3183 845 Reges
3269 775 3474 826 terrae
3580 774 3648 824 et
3731 779 3986 826 omnes
4050 757 4324 849 populi,

3045 859 3405 953 principes
3449 879 3519 932 et
3558 885 3815 936 omnes
3857 862 4130 952 judices
4181 883 4328 934 ter-

3046 987 3160 1035 1⁸ae-

2791 1102 2893 1150 12.
2945 1079 3256 1149 Juvenes
3332 1101 3400 1151 et
3475 1084 3820 1175 virgines,
3895 1109 4104 1156 senes
4159 1108 4324 1156 cum

3046 1186 3453 1273 junioribus
3507 1190 3803 1260 laudent
3864 1213 4126 1262 nomen
4182 1195 4323 1263 Do·

1373 1288 1532 1380 ipse
1593 1291 1997 1372 mandavit,
2051 1311 2120 1363 et
2179 1312 2412 1364 creata
2463 1313 2660 1364 sunt.
3041 1293 3249 1373 mini,

1145 1400 1214 1471 6.
1271 1397 1544 1471 Statuit
1598 1422 1681 1470 ea
1733 1402 1807 1471 in
1849 1421 2227 1483 aeternum,
2282 1425 2351 1475 et
2401 1405 2473 1474 in
2529 1426 2667 1475 sae-
2787 1401 2897 1468 13.
2952 1400 3144 1490 Quia
3219 1404 3608 1476 exaltatum
3652 1426 3762 1477 est
3840 1430 4108 1479 nomen
4168 1410 4320 1498 ejus

1369 1510 1619 1580 culum
1661 1513 1905 1583 soeculi
1960 1534 1977 1582 ε
2038 1534 2482 1606 praeceptum
2534 1539 2663 1609 po·
3037 1509 3288 1579 solius-

2783 1635 2886 1701 ¹4·
2944 1614 3324 1687 Confessio
3396 1619 3551 1708 ejus
3603 1645 3821 1714 super
3906 1625 4173 1695 coelum
4251 1642 4320 1695 et

3036 1741 3299 1795 terram
3355 1748 3370 1797 ε
3415 1746 3484 1798 et
3533 1731 3868 1801 exaltavit
3908 1754 4132 1801 cornu
4184 1755 4319 1825 po-

3033 1833 3182 1922 puli
3218 1834 3356 1905 sui.

2951 1940 3293 2030 Hymnus
3343 1944 3686 2015 omnibus
3741 1948 4009 2018 sanctis
4085 1950 4241 2040 ejus
4294 1977 4311 2022 :

3033 2048 3198 2118 filiis
3251 2051 3496 2129 Israel,
3568 2055 3842 2145 populo
3919 2058 4316 2149 appropin-

1367 1618 1540 1699 suit,
1589 1640 1659 1691 et
1700 1645 1844 1692 non
1879 1625 2297 1716 praeteribit.

1147 1748 1212 1814 7.
1271 1726 1598 1798 Laudate
1636 1729 2066 1815 Dominum,
2102 1731 2189 1800 de
2231 1751 2416 1802 terra
2446 1757 2461 1801 :
2487 1734 2663 1803 dra-

1367 1855 1588 1903 cones
1619 1854 1687 1904 et
1730 1857 1985 1905 omnes
2025 1838 2264 1930 abyssi
2302 1862 2318 1906 :

1138 1941 1206 2009 8.
1255 1939 1460 2032 Ignis
1497 1941 1804 2032 grando,
1860 1943 2004 2023 nix,
2033 1945 2320 2038 glacieS,
2354 1946 2655 2038 spiritus

1365 2050 1876 2141 procellarum,
1928 2074 2091 2144 quae
2156 2054 2428 2126 faciunt
2493 2079 2657 2128 ver-

1363 2155 1542 2227 bum
1567 2157 1726 2247 ejus
1758 2182 1775 2227 ε

1140 2288 1210 2356 9.
1266 2266 1587 2344 Montes.
1641 2285 1713 2338 et
1782 2290 2038 2340 omnes
2095 2272 2315 2341 colles
2375 2295 2390 2338 :

1358 2372 1754 2460 fructifera,
1798 2393 1868 2446 et
1905 2398 2160 2449 omnes
2201 2379 2394 2449 cedri
2432 2403 2447 2445 :

3028 2157 3275 2247 quanti
3312 2157 3451 2228 sibi
3487 2164 3502 2228 l

2461 2273 2652 2365 ligna
2932 2263 3265 2334 Alleluia.

2851 2761 3022 2829 Cum
3066 2766 3248 2832 enirn
3297 2766 3366 2834 in
3407 2767 3680 2838 Psalmo
3722 2770 4144 2843 antecedenti
4198 2776 4305 2844 in-

2758 2869 3072 2938 vitaverit
3109 2869 3193 2938 ad
3233 2870 3500 2942 laudem
3553 2874 3676 2944 Dei
3719 2877 4120 2963 Ecclesiam,
4161 2892 4301 2950 tam

2761 2973 3161 3044 militantem
3219 3001 3424 3070 quam
3480 2981 3738 3069 jamin
3806 2986 3996 3055 eoelis
4054 2989 4304 3057 trium-

2754 3079 3102 3171 phantem,
3148 3093 3214 3151 et
3257 3084 3386 3153 hoe
3437 3110 3556 3178 pro
3606 3092 4034 3181 reparatione
4094 3097 4304 3187 ipsius

2753 3187 3093 3273 Ecclesiae,
3139 3193 3205 3260 in
3254 3197 3677 3285 reparatione
3736 3202 3863 3268 sub
3926 3202 4187 3296 Aggaeo
4236 3216 4301 3276 et

1375 2868 1471 2937 ΙΝ
1521 2869 1822 2939 PSALM
1837 2871 1963 2941 ΗΜ
2015 2871 2354 2941 CXLVII!

1598 3106 2130 3155 COMMENTARIUS.

2752 3296 3069 3367 Zacharia
3137 3302 3448 3394 figurata,
3519 3306 3629 3375 hio
3705 3309 3946 3380 invitat
4020 3337 4296 3384 omnem
4328 3303 4433 3389 :3:212

1214 3433 1248 3469 «
1281 3405 2431 3500 A1101uiaA99ae532Zacharfaen‚
2471 3439 2506 3479 1,
2751 3413 3155 3488 creaturam,
3217 3433 3369 3501 quoe
3419 3412 3731 3484 invitatio
3782 3439 3923 3485 non
3978 3429 4103 3500 est,
4164 3423 4291 3489 nisi

2657 3511 2672 3526 “
2751 3511 3058 3601 quaedam
3100 3517 3426 3602 ostensio,
3478 3519 3662 3610 quod
3710 3525 3935 3592 omnis
3987 3537 4292 3598 ereatura

2751 3617 2997 3686 divinae
3050 3620 3267 3689 laudis
3322 3626 3407 3692 sit
3465 3630 3771 3708 materia,
3834 3655 3919 3700 ex
3977 3658 4058 3702 eo
4109 3637 4293 3726 quod

1168 3755 1205 3796 ι
1256 3731 1575 3800 Laudale
1608 3734 2123 3814 Dominum&
2159 3734 2370 3807 efflas,
2430 3765 2462 3800 ‚,
2504 3737 2637 3806 1110
2744 3726 2867 3794 erit
2913 3739 3218 3819 reparata
3255 3755 3292 3800 a
3329 3740 3792 3827 corruptione.
3837 3741 3906 3808 in
3961 3742 4077 3811 illa
4124 3768 4294 3814 reae-

1068 3843 1171 3905 est
1232 3836 1549 3905 Psalmus
1603 3841 2015 3909 centesimus
2068 3843 2634 3935 quadragesimus
2743 3831 3152 3914 distentione·
3190 3839 3257 3906 in
3287 3864 3419 3931 ‘1¹¹ss
3449 3851 3549 3911 081
3581 3853 3654 3911 ut
3701 3845 4004 3917 Ecclesia
4048 3852 4293 3921 1·θέἆὶ-

1068 3951 1353 4010 octavus
1383 3944 1453 4011 in
1485 3952 1632 4012 1010
1663 3943 1864 4015 libro,
2745 3941 2941 4011 tieata
2992 3954 3055 4013 et
3113 3950 3419 4017 restituta
3477 3960 3628 4041 post
3667 3954 4031 4042 judicium.
4103 3958 4291 4030 Unde

1136 4191 1152 4225 ¹
1188 4190 1424 4256 Daniel.
1450 4208 1534 4260 ιιι,
1567 4196 1661 4261 59,
1693 4197 1785 4252 00.

2742 4227 2773 4257 ιι
2805 4222 2970 4279 pora,
2995 4206 3345 4268 sublunaria
3372 4213 3597 4278 omnia.
3631 4220 3692 4271 et
3733 4218 4075 4278 universam
4113 4239 4290 4282 erea-

1136 4279 1159 4315 ²
1188 4280 1435 4351 Vulgata
1460 4282 1642 4339 habet.
1668 4290 1900 4342 tantum
1924 4285 2191 4343 Alleluia.

4350 3236 4515 3283 Monet
4541 3249 4645 3285 om·

4393 3303 4440 3335 rr.
4464 3302 4652 3338 enatu-

4487 3345 4655 3392 laudn-

4354 3411 4407 3443 το
4452 3400 4617 3452 mum.

4324 3453 4399 3497 vel
4448 3453 4646 3499 nutarit

4338 3504 4480 3551 laudi·
4500 3519 4614 3553 em

4338 3560 4622 3608 ootendlmr.

1144 4368 1218 4424 l.e
1271 4369 1586 4437 psalmiste
1625 4373 1917 4431 remei-cie
1976 4373 2031 4430 le
2079 4375 2368 4450 Seigneur
2404 4378 2631 4436 d'avoir

1062 4457 1258 4515 retes-e
1307 4458 1365 4517 la
1413 4459 1734 4532 puissance
1782 4461 1857 4517 de
1905 4479 2012 4520 son
2070 4466 2307 4538 peuple,
2341 4468 2396 4535 5.
2449 4469 2535 4534 ¹4,
2567 4472 2625 4525 et

1064 4563 1219 4619 pour
1274 4550 1529 4607 obanter
1560 4567 1671 4607 son
1730 4551 1951 4625 hymne
1997 4553 2073 4609 de
2100 4556 2624 4623 reconnaissanee.

1065 4636 1109 4694 il
1157 4637 1342 4696 invite
1389 4647 1525 4698 tous
1555 4640 1642 4697 les
1665 4642 1824 4697 etr-es
1847 4641 1923 4699 de
1954 4642 2011 4700 la
2038 4647 2304 4704 creation
2335 4647 2626 4716 ajoindre

1063 4726 1199 4785 leur
1217 4729 1346 4785 voix
1381 4730 1417 4787 a
1465 4731 1523 4789 la
1549 4731 1781 4789 sienne.
1818 4733 1862 4790 ll
1894 4733 2061 4791 imite
2094 4754 2168 4793 en
2201 4737 2331 4795 cela
2362 4738 2449 4796 les
2479 4740 2625 4796 trois

1067 4820 1310 4877 enfants
1372 4820 1447 4878 de
1496 4821 1557 4880 la
1606 4825 1932 4895 loun-naiso,
1963 4825 2192 4884 Daniel.
2228 4846 2315 4895 ιιι.
2345 4832 2541 4891 57-88.
2567 4839 2628 4887 et.

1058 4906 1377 4968 tui-meme
1418 4928 1553 4968 sera
1585 4912 1754 4970 imite
1785 4914 1922 4988 plus
1944 4914 2074 4973 tat-d
2100 4935 2209 4990 par
2231 4919 2399 4975 Saint.
2435 4922 2622 4979 Fran-

1057 4996 1187 5069 eois
1214 4996 1480 5055 d‘Assise
1510 4997 1665 5056 dans
1693 5018 1804 5059 son
1846 5004 2127 5077 eantique
2175 5005 2254 5061 du
2287 5006 2486 5064 Soleil.
2520 5008 2621 5065 S‘il

1059 5085 1379 5159 inter-pelle
1430 5088 1519 5145 les
1570 5089 1732 5147 Atrea
1770 5091 2088 5151 inanimes.
2132 5109 2200 5150 ce
2249 5094 2404 5151 n'est.
2453 5098 2624 5169 point.

1058 5176 1463 5235 evidemtnent
1512 5178 1659 5251 qu’il
1707 5182 1845 5237 leur
1874 5184 2038 5255 prete
2076 5183 2501 5259 l’intelligence
2541 5205 2619 5245 ou

1058 5263 1117 5321 le
1158 5266 1526 5332 sentimentz
1562 5268 1714 5325 mais
1746 5286 1813 5327 aa
1853 5274 2220 5348 magnissque
2248 5278 2618 5348 prosopopee

1057 5353 1261 5412 donne
1309 5357 1345 5413 a
1377 5358 1670 5414 entendre
1718 5360 1865 5432 qu‘il
1913 5360 2233 5436 desespere
2270 5363 2308 5419 d
2331 5363 2530 5436 egaler
2561 5366 2620 5423 la

1058 5441 1317 5516 louange
1346 5462 1460 5502 aux
1503 5446 1786 5504 bienfaits
1816 5464 2009 5523 reeus.
2048 5471 2070 5498 ι
2103 5452 2253 5516 Quia
2292 5451 2616 5512 admodum

1059 5554 1086 5586 ι
1130 5532 1412 5606 exiguum
1444 5536 1726 5609 estquod
1762 5553 1869 5610 per
1915 5555 2025 5595 nos
2055 5557 2395 5613 possumus,
2436 5559 2615 5601 cone·

1054 5645 1084 5673 α
1121 5637 1261 5679 mur
1295 5624 1582 5696 supplere
1612 5643 1721 5700 per
1759 5626 2008 5697 amicos,
2038 5637 2100 5686 et.
2127 5648 2506 5690 accersamus
2553 5633 2615 5691 in

1058 5732 1087 5761 ιι
1118 5711 1470 5771 societatem
1520 5716 1828 5791 angelicos
1881 5717 2147 5791 spiritus,
2188 5721 2455 5780 eoelestia
2490 5739 2618 5780 coi·-

1278 5846 1395 5888 ml

2739 4317 2770 4347 ιι
2805 4300 2997 4353 turam
3037 4299 3364 4357 animatam
3407 4307 3466 4358 et
3510 4302 3930 4371 inanimatam.
3973 4316 4041 4366 ut.
4086 4311 4292 4371 mbis-

2741 4405 2770 4433 e«
2801 4400 2938 4442 cum
2970 4393 3031 4441 et.
3060 4403 3164 4459 pro
3207 4388 3383 4446 nobis
3430 4391 3548 4449 Deo
3595 4393 3671 4450 de
3722 4395 3960 4455 infinita
4005 4401 4195 4473 ipsius
4226 4404 4286 4461 in

2742 4492 2768 4525 ι
2796 4490 2909 4530 nos
2951 4473 3359 4534 misericordia
3401 4480 3622 4551 gratias
3663 4490 3866 4550 anat...
3918 4486 4069 4544 Sunt.
4122 4492 4287 4550 enim

2739 4585 2768 4612 κ
2799 4564 3093 4633 ejusmodi
3122 4570 3392 4632 affectus,
3424 4570 3534 4625 etsi
3575 4570 3919 4632 inelsseaces
3956 4585 4017 4633 et.
4056 4580 4139 4635 rei
4176 4582 4285 4639 im·

2736 4674 2765 4701 «ι
2792 4652 3112 4725 possibilis.
3141 4656 3359 4711 summi
3409 4658 3627 4717 meriti.
3661 4666 3723 4716 et.
3762 4662 3934 4735 signa
3972 4670 4191 4726 summi
4224 4672 4286 4728 in

2738 4763 2766 4792 ι
2801 4742 2984 4799 Deum
3016 4745 3238 4802 arnor-is
3278 4763 3346 4802 ae
3385 4748 3810 4821 gratitudinisz
3843 4753 3986 4825 quia
4026 4774 4099 4814 ex
4138 4776 4288 4831 qua-

2740 4851 2764 4880 ·
2797 4833 2933 4888 dam
2985 4833 3382 4893 redundantia
3425 4839 3648 4895 amoris
3694 4852 4053 4916 sequuntur.
4084 4850 4287 4908 animo

2738 4941 2767 4970 α
2799 4920 2859 4976 in
2898 4921 3238 4994 hujusmodi
3289 4932 3425 4982 vota
3455 4944 3576 4999 prm
3629 4932 3883 4989 affectus
3930 4935 4146 4994 ardore
4186 4956 4284 4998 ex·

2734 5029 2763 5057 0«
2796 5017 3087 5068 oestuante
3144 5036 3171 5061 ι·
3205 5013 3460 5084 hessius,
3491 5017 3648 5076 Pers.
3684 5019 3873 5078 divin.
3909 5040 4009 5091 xn,
4036 5029 4121 5090 ta.
4160 5032 4283 5099 ΠΟ,

2737 5099 2857 5152 Πί.
2893 5098 3000 5155 Les
3028 5102 3333 5158 creatur-es
3351 5104 3705 5179 angeliques
3727 5111 4067 5182 repondeat
4090 5115 4127 5171 a
4149 5114 4285 5175 l'in-

2733 5186 2975 5244 vitation
3006 5189 3080 5244 de
3113 5190 3413 5253 l‘homme.
3436 5202 3498 5251 et.
3524 5194 3932 5257 s'assoeienta
3962 5219 4059 5259 ses
4085 5205 4288 5265 lunan-

2729 5293 2866 5350 ges;
2900 5276 2988 5334 les
3020 5280 3175 5336 etres
3205 5298 3346 5338 sans
3379 5284 3579 5342 raison
3628 5302 3705 5343 ne
3734 5297 3976 5345 servent.
4004 5293 4142 5365 qu’a
4189 5313 4286 5356 ex·

2729 5367 2879 5425 citer
2898 5366 3179 5426 l'homme
3210 5370 3246 5427 a
3276 5371 3476 5429 mieux
3508 5374 3698 5431 servir
3718 5374 3772 5430 le
3803 5379 4107 5441 Createur.
4133 5388 4286 5446 maia

2729 5479 2758 5508 α
2791 5473 2926 5512 cum
2957 5472 3066 5529 per
3090 5458 3221 5530 ipsa
3252 5459 3530 5518 laudatur
3560 5465 3715 5520 Deus
3759 5468 4204 5538 quodammodo
4224 5484 4286 5534 et

2729 5567 2758 5596 α
2791 5545 2921 5617 ipsa
2951 5545 3197 5604 laudant.
3243 5549 3442 5605 Deum¹
3482 5572 3513 5600 ι»
3545 5551 3600 5607 S.
3654 5555 3801 5628 Aug.
3845 5555 4169 5632 lihomme.
4201 5563 4280 5622 du

2727 5644 2905 5703 reste,
2930 5645 3020 5694 est
3049 5640 3103 5694 le
3135 5640 3223 5697 roi
3252 5638 3327 5697 de
3358 5637 3418 5696 la
3444 5642 3732 5711 creatiun,
3753 5653 3809 5701 et
3839 5648 3874 5703 a
3903 5649 4175 5724 l’epoque
4203 5659 4281 5714 ou

2725 5726 2879 5784 ecrit.
2905 5726 2962 5784 le
2990 5728 3321 5801 psalmista,
3346 5728 3402 5787 le
3432 5731 3566 5789 seul
3591 5736 3808 5808 peupte
3837 5737 4016 5812 digne
4046 5741 4278 5804 d'exer-

4053 5859 4127 5920 u
