5008 6329
890 2254 1190 2352 (133ἲῶ

1972 343 2687 414 COMMENTARIUS
2737 344 2832 411 IN
2879 344 3319 412 PSALMUM
3369 343 3714 412 CXXVII.

1548 844 1644 911 IN
1690 844 2133 915 PSALMUM
2183 844 2506 912 CXXVII

1755 1076 2261 1121 COMMENTARIUS
2270 1106 2285 1120 ·

1535 1392 1569 1433 (ι
1607 1368 2021 1436 Canticuum
2046 1369 2427 1459 qraduum.
2469 1394 2499 1434 n

1337 1706 1371 1747 (ι
1430 1682 1634 1749 Beati
1689 1703 1919 1750 omnes
1969 1693 2015 1751 ¹.
2070 1707 2104 1748 »
2164 1682 2293 1750 Hie
2331 1690 2435 1751 est
2479 1682 2799 1751 Psalmus

1241 1790 1652 1857 centesimus
1689 1790 2055 1858 vicesimus
2098 1792 2453 1880 septimuS,
2489 1791 2562 1857 in
2603 1792 2800 1858 tertia

1238 1906 1430 1988 parte
1460 1896 1617 1965 libri
1650 1898 2014 1965 vicesimus
2054 1899 2408 1988 septimuS‚
2453 1920 2680 1966 nonus
2726 1900 2799 1966 in

1241 2001 1538 2071 Psalmis
1603 2003 2069 2094 gradualibus,
2128 2006 2199 2071 in
2265 2004 2548 2095 illisqui
2595 2006 2801 2095 perti·

1242 2122 1408 2181 nent
1445 2114 1530 2181 ad
1563 2114 1940 2203 profectum
1973 2114 2161 2193 honi,
2197 2122 2503 2206 quartuS.

1332 2222 1503 2290 Cum
1563 2224 1745 2291 enim
1786 2233 2014 2291 aetum
2081 2224 2167 2290 sit
2223 2222 2304 2291 de
2344 2223 2667 2292 firmitate
2724 2226 2796 2291 in

898 2362 1060 2407 'timor
1125 2336 1211 2405 noi
1240 2329 1423 2399 bono
1470 2333 1848 2424 preposite,
1902 2332 1983 2400 de
2025 2332 2387 2401 devotione
2429 2333 2501 2400 in
2550 2355 2798 2425 opera-

894 2426 955 2459 03
981 2426 1075 2477 quo
1102 2414 1209 2459 dtu·

923 2472 1175 2580 ..¹3:23⁶ss

1239 2438 1448 2516 tione.
1512 2438 1596 2507 de
1645 2449 1826 2508 recta
1893 2441 2296 2525 intentione,
2356 2440 2797 2532 subjungitur

1236 2546 1318 2615 de
1343 2556 1610 2639 quarto,
1646 2547 1902 2616 scilicet
1932 2547 2014 2617 de
2054 2547 2405 2638 diligentia
2433 2548 2610 2617 bene
2638 2572 2798 2641 ope·

1234 2654 1455 2739 randi,
1512 2678 1662 2747 quae
1729 2664 1829 2723 est
1887 2657 1956 2722 in
2016 2657 2260 2724 timore
2314 2656 2623 2738 Domini,
2676 2658 2794 2748 (1111

1232 2762 1390 2832 facit
1456 2764 1881 2856 diligentem,
1943 2764 2320 2832 seeundum
2388 2764 2560 2833 illud
2630 2764 2791 2843 Job,

1233 2896 1327 2951 ix,
1362 2875 1449 2941 28
1485 2895 1501 2943 2
1551 2873 1834 2941 Verebar
1861 2874 2093 2942 omnia
2133 2897 2338 2965 opera
2368 2896 2547 2955 mea,
2579 2876 2796 2943 sciens

1233 2980 1424 3071 quod
1482 3003 1619 3048 non
1667 3004 1982 3074 parceres
2040 2980 2494 3072 delinquenti.
2563 2980 2791 3051 Eccle.

1233 3111 1353 3169 vn,
1413 3091 1490 3157 ¹9
1535 3111 1551 3156 :
1600 3090 1735 3175 Qui
1781 3090 1974 3156 timet
2031 3093 2279 3167 Deum,
2332 3089 2524 3157 nihil
2569 3090 2795 3181 neqli-

1227 3199 1359 3289 qil.
1411 3198 1531 3265 Ait
1575 3220 1740 3288 ergo
1800 3195 1912 3267 hic
1966 3197 2048 3267 de
2102 3197 2335 3266 divino
2395 3199 2671 3278 timore,
2730 3209 2799 3267 et

1232 3305 1457 3385 bonis,
1493 3329 1643 3397 quae
1683 3306 1841 3375 facit
1882 3309 1955 3375 in
1998 3307 2253 3388 anima,
2295 3315 2653 3399 tamquam
2710 3308 2795 3377 de

1232 3440 1315 3484 eo
1362 3438 1483 3506 per
1513 3438 1666 3507 quae
1706 3424 1808 3485 est
1856 3415 2210 3507 diligentia
2270 3417 2344 3485 in
2390 3419 2795 3508 operatione

1234 3525 1440 3604 hona,
1487 3524 1971 3617 praemittendo
2027 3524 2300 3593 titulum
2349 3549 2389 3592 a
2454 3526 2794 3616 principio

1235 3634 1588 3702 Graduum
1618 3636 2033 3725 expositum.

1323 3845 1668 3915 Dividitur
1705 3854 1939 3914 autem
1971 3845 2288 3913 Psalmus
2320 3845 2389 3912 in
2417 3844 2591 3913 duas
2627 3867 2795 3936 par-

1234 3965 1360 4023 tes.
1433 3953 1698 4031 Primo,
1761 3951 2104 4021 beatificat
2170 3953 2484 4021 timentes
2537 3950 2790 4033 Deum,

1233 4059 1593 4150 assignans
1639 4057 2134 4126 beatitudinem
2183 4055 2603 4148 generalem.
2660 4055 2796 4125 Se-

1232 4166 1486 4247 cundo,
1568 4166 1869 4257 assignat
1954 4164 2282 4234 beneficia
2365 4187 2451 4234 ex
2542 4165 2794 4234 timore

1233 4275 1515 4346 Domini
1582 4274 2051 4367 provenientia
2114 4275 2186 4342 in
2249 4272 2616 4365 spirituali,
2667 4271 2789 4359 ibi,

1234 4395 1300 4462 5.
1342 4387 1384 4452 2
1429 4406 1446 4453 :
1493 4409 1529 4448 ι
1570 4381 1870 4450 Labores
1908 4403 2269 4450 manuum.
2318 4405 2353 4445 ι

1325 4491 1403 4559 10
1432 4491 1652 4583 prima
1693 4488 1855 4559 duo.
1912 4488 2174 4569 Primo,
2206 4489 2528 4558 timentes
2566 4487 2791 4557 Deum

1230 4599 1602 4669 beatificat.
1691 4597 2036 4676 Secundo,
2121 4598 2428 4689 assignat
2509 4619 2791 4665 causam

1229 4730 1465 4802 quare,
1499 4706 1621 4788 ihi,
1667 4732 1703 4774 ι
1740 4708 1879 4793 Qui
1902 4705 2294 4775 ambulant.
2331 4730 2366 4773 t

1301 5074 1321 5111 ¹
1352 5072 1430 5128 Ce
1452 5083 1699 5144 psaume
1719 5067 2002 5124 continue
2032 5065 2206 5124 l'idee
2227 5066 2534 5142 exprimee
2554 5068 2708 5127 dans
2730 5070 2789 5128 la

1228 5159 1488 5219 seconde
1513 5156 1704 5232 partie
1733 5154 1814 5212 (111
1841 5155 2199 5229 precedent:
2234 5156 2382 5214 Dieu
2423 5158 2679 5232 me‘nage
2700 5159 2790 5216 les

1220 5252 1383 5325 joies
1410 5250 1485 5307 de
1514 5249 1575 5307 la
1609 5245 1837 5305 familie
1867 5245 1904 5302 ὰ
1932 5246 2088 5304 eelni
2117 5248 2222 5321 qui
2242 5246 2329 5305 lui
2360 5255 2454 5306 est
2474 5248 2676 5307 fidele.
2709 5252 2788 5308 Ce

1228 5339 1509 5411 cautique
1548 5339 1693 5411 peut
1728 5333 1917 5392 servir
1961 5332 2383 5407 d'epithalame
2429 5353 2546 5395 anx
2590 5340 2786 5411 epoux

1228 5425 1552 5485 ehretiens.

1304 5520 1388 5571 An
1427 5530 1568 5570 sens
1595 5509 1893 5585 spirituel‚
1924 5508 1967 5566 il
1998 5510 2231 5570 celebre
2269 5513 2328 5571 la
2365 5513 2785 5572 merveilleuse

1227 5603 1526 5662 recondite
1554 5602 1629 5658 de
1659 5601 1920 5673 l’Eglise.
1955 5618 1978 5649 ι
2012 5599 2228 5658 Multus
2257 5602 2397 5660 11010
2422 5603 2635 5678 virgini
2655 5620 2789 5677 par-

1228 5711 1346 5764 tus,
1397 5715 1428 5745 a·
1477 5692 1569 5749 dit
1608 5693 1668 5752 S.
1718 5691 1936 5750 Pacien
1976 5707 2081 5749 sur
2121 5690 2177 5747 le
2208 5691 2263 5762 5.
2312 5693 2368 5763 3,
2401 5716 2432 5746 κ
2482 5701 2545 5751 et
2582 5693 2785 5768 proles

4344 328 4469 398 375

3010 514 3192 582 Dicit
3240 537 3402 604 ergo
3460 538 3473 580 :
3532 514 3646 581 Sie
3696 512 3782 580 ad
3828 508 4201 577 Dominum
4249 510 4466 570 totum

2922 629 3025 689 est
3071 621 3529 699 referendum,
3582 620 3666 687 ab
3734 621 3880 709 ipso
3939 615 4070 684 tale
4110 612 4465 704 praemium
4500 617 4565 663 Ρι·

2918 737 3075 820 post
3114 736 3405 797 mortem
3449 726 4008 818 exspectandum,
4040 722 4127 791 ad
4148 742 4296 811 quae
4330 739 4469 785 non

2915 838 3315 926 pervenitur
3353 838 3483 903 nisi
3524 838 3594 903 in
3635 833 3980 926 operando
4021 849 4273 920 magna
4309 826 4468 894 dili-

2915 945 3150 1034 gentia
3173 943 3603 1021 adhibeatur,
3638 942 3820 1032 quod
3851 941 4008 1008 facit
4038 939 4242 1004 timor
4286 959 4300 1002 :
4344 956 4466 1000 un-

2915 1051 2998 1118 de
3043 1077 3075 1117 α
3122 1051 3304 1118 beati
3361 1079 3394 1113 »
3458 1059 3618 1118 sunt
3670 1077 3705 1113 ι(
3756 1049 3878 1140 qui
3926 1049 4162 1113 timent
4214 1042 4468 1111 Domi-

2912 1182 3105 1226 num.
3166 1183 3200 1224 »
3246 1157 3496 1248 Supra,
3545 1160 3614 1225 in
3665 1157 3849 1225 Psal.
3910 1178 4043 1233 cx1,
4091 1156 4118 1220 1
4158 1176 4181 1220 .·
4210 1153 4466 1219 Beatus

2912 1268 3020 1333 vir
3122 1268 3244 1356 qui
3332 1268 3526 1333 timet
3623 1266 4028 1333 Dominum.
4131 1255 4460 1327 Proverb.

2910 1396 3151 1451 xxvm,
3217 1374 3299 1440 14
3362 1397 3378 1441 :
3441 1377 3698 1442 Beatus
3762 1373 3963 1440 homo
4021 1370 4143 1461 qui
4203 1388 4466 1457 semper

2911 1491 3007 1548 est
3040 1482 3365 1571 pavidus.
3426 1481 3650 1550 Ecele.
3693 1503 3839 1558 vm,
3901 1480 3981 1546 12
4035 1500 4050 1543 :
4101 1478 4255 1565 qu
4301 1497 4464 1562 eoq-

2909 1589 3072 1655 novi
3099 1588 3289 1678 quod
3323 1589 3453 1655 erit
3484 1587 3737 1656 bonum
3775 1583 4170 1654 timentibus
4207 1584 4456 1665 Deum,

2908 1696 3032 1786 qui
3091 1703 3407 1763 verentur
3480 1696 3732 1785 faciem
3810 1693 3987 1783 ejus.
4061 1690 4169 1768 Et,
4249 1688 4454 1757 Eecli.

2908 1825 3017 1887 111,,
3071 1804 3156 1870 28
3223 1826 3240 1871 :
3299 1805 3357 1871 Τ
3354 1803 3533 1870 imor
3577 1802 3865 1870 Domini
3925 1800 4104 1867 sieut
4156 1796 4459 1890 paradi-

2904 1933 3024 1977 sus
3081 1908 3586 1978 benedictionis.
3651 1909 3870 1979 Causa
3908 1915 4135 1976 autem
4189 1929 4325 1974 una
4389 1907 4460 1971 in

2906 2026 3234 2110 promptu
3294 2028 3398 2086 est
3441 2042 3457 2086 :
3501 2020 3664 2110 quia
3713 2047 3747 2082 «
3813 2019 4050 2087 beatus
4107 2025 4235 2094 est,
4285 2015 4457 2082 sieut

2908 2128 3071 2199 dicit
3153 2130 3605 2222 AugustinuS‚
3698 2130 3807 2198 cui
3903 2130 4136 2197 omnia
4230 2134 4460 2215 optata

2911 2261 2945 2302 (ι
3005 2237 3399 2306 succedunt.
3447 2265 3476 2300 υ
3537 2235 3698 2317 Sed,
3728 2239 3795 2304 in
3852 2234 4034 2302 Psal.
4070 2255 4307 2313 xxxin,
4348 2232 4450 2308 10,

2905 2346 3177 2429 dieitur,
3223 2345 3406 2437 quod
3440 2345 3836 2415 timentibus
3881 2343 4106 2412 Deum
4146 2339 4314 2408 nihil
4346 2339 4456 2406 de-

2907 2458 3011 2519 est
3047 2449 3095 2517 ¹.

3003 2690 3035 2730 ι
3074 2666 3218 2750 Qui
3260 2662 3655 2731 ambulant.
3705 2691 3736 2725 »
3771 2660 3898 2730 1110
3945 2682 4147 2730 causa
4195 2681 4454 2750 suppo-

2907 2775 3115 2842 nitur.
3191 2803 3221 2838 «
3253 2776 3415 2861 Qui,
3454 2802 3488 2838 n
3529 2774 3597 2841 id
3625 2781 3751 2856 est,
3795 2774 3953 2864 quia
3982 2770 4106 2850 illi,
4135 2800 4168 2832 «
4204 2770 4455 2838 ambu-

2908 2885 3061 2952 lant
3094 2884 3162 2950 in
3195 2884 3325 2949 viis
3352 2883 3535 2973 ejus,
3574 2907 3606 2947 n
3652 2880 3926 2949 Domini
3975 2879 4252 2947 scilicet.
4315 2876 4454 2946 Nec

2905 2993 3188 3072 mirum,
3221 2992 3384 3082 quia
3414 2991 3500 3059 ad
3544 2988 4035 3059 ambulandum
4067 2991 4135 3057 in
4161 2988 4277 3056 via
4314 2987 4456 3056 Do-

2910 3101 3106 3180 mini,
3154 3099 3450 3191 pertinet
3501 3101 3726 3191 primo
3784 3121 3826 3167 a
3876 3097 4056 3167 malo
4115 3095 4452 3181 recedere,

2911 3209 3095 3299 quia,
3129 3203 3338 3274 Eeeli.
3374 3229 3420 3289 1,
3464 3207 3547 3272 2Ἰ
3586 3229 3600 3273 :
3640 3206 3868 3274 Timor
3891 3204 4182 3272 Domini
4217 3203 4458 3295 expel-

2910 3315 2993 3383 lit
3063 3327 3450 3407 peecatum.
3522 3315 3609 3382 Et
3653 3314 3836 3382 bona
3905 3323 4146 3405 postea
4203 3312 4451 3391 faeere,

2905 3423 2984 3491 In
3044 3422 3316 3504 eodem,
3369 3446 3486 3503 xv,
3554 3424 3581 3488 1
3656 3445 3672 3490 :
3739 3422 3878 3506 Qui
3941 3423 4136 3489 timet
4198 3423 4451 3502 Deum,

2903 3530 3119 3621 saciet
3190 3529 3392 3597 bona.
3476 3528 3683 3598 Ecoli.
3729 3551 3921 3608 xxiii,
4004 3530 4087 3596 37
4168 3550 4185 3595 ε
4260 3527 4459 3597 Nilei!

2906 3637 3158 3705 melius
3212 3647 3309 3705 est
3375 3658 3589 3727 quam
3655 3636 3864 3703 timor
3924 3636 4085 3714 Dei,
4144 3645 4210 3703 et
4273 3633 4459 3702 nihil

2906 3744 3185 3813 dulcius
3253 3767 3468 3836 quam
3534 3744 3866 3835 respicere
3946 3744 4017 3811 in
4106 3741 4455 3810 mandalis

2906 3853 3219 3920 Domini.
3282 3850 3467 3932 Quid
3505 3858 3608 3919 est
3646 3873 3808 3941 ergo
3866 3850 3996 3918 nisi
4049 3849 4456 3940 paradisus?

2842 4035 2847 4040 ,
2905 3959 2993 4028 Et
3062 3958 3199 4029 1100
3277 3959 3436 4029 facit
3502 3960 3730 4027 timor.
3802 3957 3888 4026 Et
3954 3956 4087 4026 hoe
4179 3966 4456 4026 notatur

2906 4062 2977 4136 i'n
3043 4065 3537 4144 ambulatione,
3622 4089 3772 4158 quai
3846 4073 3950 4134 est
4020 4066 4224 4135 velox
4298 4087 4456 4133 mo-

2905 4183 3041 4257 tus,
3112 4180 3180 4242 et
3234 4175 3491 4242 suavis.
3549 4172 3779 4241 Potest
3842 4174 4028 4242 enim
4083 4174 4291 4242 timor
4343 4172 4454 4240 di-

2906 4305 3059 4351 cere
3105 4281 3276 4350 illud
3323 4280 3655 4351 Proverb.
3701 4303 3796 4364 iv,
3862 4284 3935 4349 11
3997 4304 4014 4350 :
4075 4284 4348 4350 Ducam
4395 4288 4459 4348 te

2891 4416 3026 4486 per
3052 4393 3332 4462 semitas
3356 4392 3750 4483 aequitatis:
3788 4413 3961 4483 quas
3995 4414 4153 4460 cum
4193 4392 4459 4482 inqres-

2903 4522 3030 4567 sus.
3051 4501 3301 4591 fueris,
3350 4522 3489 4567 non
3536 4498 3991 4568 arctabuntur
4011 4521 4286 4590 qressus
4320 4500 4451 4581 tui,

2905 4615 2970 4673 et
2997 4628 3277 4674 currens
3305 4629 3441 4673 non
3470 4603 3752 4673 habebis
3779 4603 4299 4695 offendiculum.

2906 5079 2938 5110 (ι
2967 5056 3309 5126 innumera,
3339 5073 3462 5131 qua
3491 5061 3652 5115 totus
3671 5057 3832 5115 orbis
3861 5055 4167 5130 impletur,
4190 5075 4310 5132 qua
4337 5059 4456 5116 cir-

2903 5171 2932 5199 (ι
2967 5147 3251 5205 cumssuis
3280 5164 3520 5223 semper
3564 5147 3895 5205 alvearibus
3933 5147 4287 5222 populosum
4336 5149 4455 5207 ter·

2904 5261 2932 5290 0·
2968 5243 3063 5295 vet
3099 5254 3373 5295 examen.
3409 5260 3439 5289 n
3470 5237 3655 5312 Epist.
3696 5236 3770 5294 ad
3800 5237 4137 5311 Sympron„
4168 5254 4253 5307 111,
4283 5241 4337 5296 4.

3912 5366 3979 5425 lt.
4014 5367 4275 5427 Lustrat.

2975 5517 3000 5555 ⁸
3027 5516 3185 5574 Psal.
3231 5534 3430 5586 xxxin,
3484 5521 3552 5574 ¹0
3600 5532 3616 5574 z
3654 5518 3858 5573 Timete
3913 5516 4224 5588 Dominum,
4271 5536 4455 5578 omnes

2899 5607 3084 5664 soracti
3131 5606 3274 5677 ejus,
3303 5608 3569 5678 quoniam
3616 5622 3726 5662 non
3778 5613 3858 5662 est
3906 5607 4098 5679 inopia
4141 5609 4455 5667 timentibus

2900 5711 3046 5754 euni.

4569 619 4665 664 ima
4708 632 4825 676 para

4573 673 4764 720 Psalmi.
