5008 6329
840 2841 981 2896 signa
1002 2844 1155 2889 zotan-

836 2895 900 2939 ti·
955 2897 1150 2943 Prnlati.

1949 379 2665 450 COMMENTARIUS
2715 377 2810 444 IN
2858 378 3294 450 PSALMUM
3345 381 3655 449 CXVIII.

1194 546 1264 612 in
1296 569 1431 635 quo
1473 555 1574 614 est
1621 547 1736 615 illa
1784 548 2086 636 dilectio,
2123 551 2240 628 ibi,
2291 579 2320 612 α
2373 550 2554 634 Quia
2609 545 2753 611 elo-

1195 655 1362 741 quia
1394 665 1543 725 tua.
1582 684 1616 720 »

1282 760 1461 829 Dicit
1493 786 1688 855 ergo:
1731 764 1844 833 Sic
1884 774 2204 833 constans
2244 764 2340 829 fui
2383 764 2449 828 in
2507 759 2756 827 adver-

1194 871 1312 949 siS,
1359 880 1425 938 et
1455 873 1660 940 etiam
1691 873 1912 941 zelum
1955 872 2160 939 habui
2209 870 2293 937 ad
2324 870 2749 960 proximum,

1196 981 1355 1067 quia
1389 1009 1420 1042 «
1465 982 1610 1048 cidi
1624 982 2164 1072 praevaricantes
2198 977 2413 1067 leqem
2446 986 2666 1055 tuam,
2711 1006 2741 1037 »

1194 1093 1259 1152 et
1296 1087 1366 1153 in
1395 1086 1512 1154 illa
1547 1094 1906 1178 peccantes
1938 1109 1953 1153 ε
1989 1084 2168 1153 unde
2199 1085 2333 1152 alia
2361 1084 2588 1153 littera
2625 1082 2754 1151 ha-

1192 1192 1329 1273 bet,
1367 1221 1401 1260 α
1444 1204 1717 1284 pactum
1759 1217 1900 1261 non
1939 1202 2287 1262 servantes
2322 1216 2337 1261 :
2370 1220 2399 1256 n
2469 1203 2531 1260 et
2571 1191 2754 1260 tabe-

1190 1301 1521 1381 scebam,»›
1554 1302 1715 1393 quia
1743 1303 1937 1382 scivi,
1960 1302 2147 1394 quod
2175 1301 2475 1393 effugere
2504 1309 2570 1368 te
2610 1321 2750 1368 non

1193 1419 1505 1499 possunt,
1557 1410 1934 1479 secundum
1990 1411 2158 1478 illud
2207 1408 2542 1477 Ezechiel.
2578 1430 2744 1485 xvii,

1197 1517 1322 1583 15:
1369 1517 1508 1599 Qui
1545 1515 1858 1583 dissolvit
1910 1528 2222 1608 pactum,
2261 1512 2610 1605 numquid
2652 1515 2752 1602 es-

1187 1625 1415 1712 suqiet
1442 1622 1483 1690 P
1538 1622 1746 1703 Quasi
1798 1625 2092 1692 diceret:
2138 1623 2320 1691 Non.
2355 1622 2442 1689 Et
2489 1620 2578 1688 ob
2617 1618 2748 1687 hoc

1192 1733 1490 1802 tabesco.
1545 1733 1797 1803 Thren.
1845 1759 1941 1813 ιιι,
2005 1737 2089 1802 20
2128 1757 2142 1800 :
2195 1737 2292 1803 Et
2340 1732 2630 1800 tabescet
2678 1733 2749 1831 in

1190 1864 1298 1908 me
1326 1844 1565 1911 anima
1596 1851 1771 1911 ntea.
1802 1843 2053 1934 Supra,
2078 1845 2147 1910 in
2191 1843 2434 1910 eodem
2468 1839 2748 1907 Psalmo

1189 1972 1419 2033 cxviu,
1477 1952 1600 2019 139
1641 1974 1657 2017 :
1734 1953 1790 2019 T
1784 1951 2088 2019 abescere
2133 1974 2240 2018 me
2319 1951 2485 2040 lecit
2558 1949 2747 2016 zelus

1194 2082 1406 2125 meus.
1464 2056 1689 2136 Quare
1719 2060 1755 2126 ⁰?
1796 2086 1830 2125 α
1870 2062 2054 2144 Quia
2092 2059 2373 2150 eloquia
2413 2068 2537 2125 tua
2609 2080 2745 2124 non

1185 2166 1700 2236 custodierunt:
1736 2193 1769 2232 ιι
1833 2170 1972 2236 imo
2050 2168 2269 2258 magis
2335 2167 2746 2257 transgressi

1184 2284 1367 2344 sunt.
1406 2275 1521 2344 Sic
1570 2274 1867 2345 Pliinees
1907 2276 2189 2345 zelavit·
2229 2299 2244 2344 ε
2290 2276 2384 2344 sic
2423 2274 2641 2366 {Elias
2670 2273 2737 2342 ⁸:

1184 2385 1280 2451 sic
1310 2382 1619 2452 Christus
1642 2383 1689 2452 ⁸.

1273 2502 1358 2570 Et
1398 2515 1585 2585 nota,
1624 2506 1808 2599 quod
1849 2506 1963 2576 ille
2018 2506 2190 2575 zelat
2219 2504 2336 2597 qui
2376 2502 2603 2571 bonus
2642 2508 2746 2568 est

1183 2614 1447 2682 activus
1513 2618 1756 2686 ardore
1795 2617 2180 2686 dilectionis
2242 2617 2311 2682 in
2357 2613 2733 2702 proximoS‚

1184 2722 1367 2810 quod
1408 2724 1610 2793 debet
1649 2749 1796 2793 esse
1827 2727 2129 2792 maxime
2173 2732 2240 2791 et
2275 2721 2634 2813 potissime
2668 2717 2737 2785 in

1188 2830 1541 2901 l’raelatis:
1601 2834 1797 2902 aliter
1843 2843 2064 2902 totum
2106 2830 2449 2922 perditum
2481 2835 2610 2896 est.
2655 2825 2740 2892 Et

1183 2947 1367 3016 nota,
1431 2940 1614 3031 quod
1679 2940 1896 3008 multa
1970 2947 2131 3008 sunt
2195 2939 2397 3028 signa
2460 2933 2739 3002 zelantis

1183 3044 1476 3115 Praelati.
1525 3047 1860 3124 Primum,
1890 3044 2278 3114 sollicitudo
2310 3045 2380 3112 in
2420 3041 2735 3134 eligendo

1177 3151 1396 3223 bonos
1447 3154 1534 3223 ad
1597 3155 2151 3225 constituendum
2223 3154 2293 3222 in
2387 3149 2734 3220 beneficiis

1176 3259 1689 3334 EcclesiasticiS.
1724 3260 2156 3331 Architectus
2194 3262 2379 3329 enim
2428 3267 2556 3328 est.
2607 3258 2734 3326 Di-

1176 3379 1283 3438 cat
1333 3393 1497 3462 ergo
1545 3371 1709 3440 illud
1753 3371 1880 3438 lsa.
1920 3393 2015 3448 ix,
2060 3372 2178 3437 to:
2238 3372 2516 3438 Lateres
2572 3368 2734 3435 ceci-

1175 3474 1448 3554 derunt,
1478 3478 1602 3545 sed
1635 3477 1926 3569 quadris
1958 3473 2318 3567 lapidibus
2343 3469 2731 3561 aedificabi-

1173 3603 1327 3650 mus
1356 3607 1379 3651 .·
1426 3607 1814 3674 sycomoros
1841 3581 2304 3661 succiderunt,
2335 3579 2458 3648 sed
2495 3578 2730 3646 cedros

1171 3692 1719 3764 immutabimus.
1767 3694 2029 3764 Cantic.
2067 3715 2164 3773 ιιι,
2197 3695 2238 3759 9
2275 3713 2291 3759 :
2349 3690 2726 3759 Ferculum

1161 3801 1330 3889 sccit
1353 3800 1491 3869 sibi
1517 3825 1641 3869 rex
1675 3801 2009 3871 Salomon
2041 3798 2123 3866 de
2179 3797 2392 3887 liqnis
2443 3794 2720 3864 Libani.

1168 3906 1386 3977 Exod.
1445 3931 1637 3989 xviii,
1695 3911 1826 3976 2¹:
1890 3905 2212 3985 l’roeide,
2264 3904 2388 3971 tibi
2436 3902 2718 3982 scilicet,

1164 4013 1248 4080 de
1273 4016 1465 4083 vinni
1496 4015 1697 4108 plebe
1724 4018 1904 4083 viros
1941 4024 2252 4107 potentes
2287 4020 2353 4079 et
2410 4012 2722 4079 timentes

1162 4126 1413 4202 Deum,
1458 4126 1529 4192 in
1567 4122 1817 4215 quibus
1851 4124 1945 4191 sit
1983 4122 2259 4201 veritas,
2293 4130 2357 4187 et
2394 4118 2520 4210 qui
2557 4117 2722 4185 ode-

1165 4233 1305 4299 rint
1343 4234 1740 4301 avoritiam.
1779 4231 1975 4309 Item,
2012 4253 2132 4321 per
2158 4229 2584 4319 frequentem
2615 4225 2721 4292 vi-

1162 4341 1584 4420 sitationem,
1625 4349 1691 4409 et
1728 4340 2113 4409 discursum
2141 4360 2265 4430 per
2312 4331 2707 4428 parochiam

1162 4469 1383 4515 suam.
1416 4446 1658 4516 Matth.
1703 4470 1797 4530 iv,
1839 4447 1964 4516 23:
2017 4448 2115 4515 Et
2142 4442 2479 4513 circuibat
2514 4444 2716 4511 Iesus

1161 4562 1376 4621 totam
1457 4554 1853 4634 Galilaeam,
1897 4551 2141 4621 docens
2198 4552 2270 4619 in
2331 4548 2713 4641 syriaqoqis

1156 4684 1415 4739 eorum,
1448 4672 1510 4730 et
1549 4662 1938 4756 praedicans
2001 4660 2438 4752 evatiqeliuni
2488 4658 2708 4749 reqni.

1159 4767 1291 4838 l‘er
1343 4768 1624 4860 vigilem
1680 4768 2198 4861 inquisitionem
2252 4790 2497 4837 eorum
2560 4788 2712 4858 quae

1154 4886 1370 4968 agunt
1397 4877 1679 4955 subditi,
1709 4885 1778 4945 et
1806 4898 1963 4967 quae
2002 4877 2178 4946 circa
2217 4898 2337 4945 eos
2384 4883 2705 4967 aguntur.

1157 4983 1317 5054 Luc.
1362 5007 1434 5064 ιι,
1477 4986 1560 5053 8:
1607 4989 1928 5054 I’astores
1966 4993 2162 5053 erant
2192 4985 2264 5051 in
2303 4983 2542 5052 eadem
2603 5006 2713 5051 re-

1151 5095 1357 5183 yione
1386 5094 1775 5184 viqilantcs,
1821 5101 1889 5161 et
1933 5092 2385 5160 custodientes
2425 5090 2713 5184 vigilias

1155 5205 1372 5271 noctis
1416 5224 1626 5296 super
1672 5224 1951 5291 qreqem
1977 5225 2208 5270 suum.
2257 5199 2473 5269 Jacob
2513 5209 2711 5268 nocte

1155 5321 1224 5380 et
1251 5311 1382 5392 die,
1427 5321 1596 5380 aestu
1627 5309 1953 5379 urebatur
1999 5318 2067 5378 et
2094 5308 2253 5402 gelu
2281 5312 2329 5377 ⁸.
2376 5308 2510 5377 l’er
2563 5309 2712 5376 sin-

1231 5586 1250 5622 ¹
1279 5585 1367 5644 Ct'.
1399 5584 1651 5643 Numer.
1682 5603 1814 5658 xxv,
1844 5590 1878 5642 7
1909 5592 1970 5644 et
1998 5601 2125 5659 seq.

1225 5676 1251 5715 ⁸
1278 5674 1369 5733 Cf.
1406 5674 1484 5733 111
1519 5676 1662 5749 neg.
1691 5690 1854 5745 xvm,
1882 5679 1947 5735 2¹
1981 5680 2041 5734 et
2076 5691 2205 5747 aeq.

1227 5769 1251 5805 ⁸
1278 5765 1364 5825 CI.
1400 5764 1605 5824 naith.
1637 5782 1753 5837 xxi,
1784 5770 1857 5824 ⁴12
1883 5770 1946 5825 et.
1971 5784 2125 5839 seq„
2154 5771 2217 5826 et
2241 5768 2411 5826 Joan.
2460 5780 2528 5835 ιι,
2553 5766 2621 5825 ¹4
2646 5772 2710 5829 et

4239 387 4244 388 ⁷
4289 382 4414 449 329

2863 546 3179 634 galerum
3212 550 3726 636 cogitationem.
3762 547 3962 614 Joan.
3997 569 4064 625 x,
4108 548 4226 611 14:
4261 550 4412 634 qu

2858 675 3010 718 sum
3043 664 3284 742 pastor
3316 653 3553 735 bonus,
3589 665 3650 720 et
3690 678 4011 743 coquos-co
4052 676 4260 731 meaS,
4288 656 4415 719 sci-

2860 756 3010 826 licet
3038 782 3225 838 oveS,
3261 770 3323 826 el
3351 770 3764 851 coquo-scunt
3794 784 3900 827 me
3929 784 4110 828 meae.
4158 759 4401 827 GeneS.

2858 890 2928 945 ιι,
2971 869 3086 934 19:
3122 867 3439 934 Adduxit
3476 892 3554 935 ea
3595 867 3692 935 ad
3733 868 3986 945 Adam,
4030 877 4104 934 ut
4151 867 4405 933 videret

2857 975 3031 1065 quid
3057 988 3323 1045 vocaret
3364 1000 3466 1043 ea.
3513 976 3846 1044 Proverb.
3883 998 3999 1053 x11,
4031 979 4154 1043 10:
4197 977 4404 1043 Novit

2843 1087 3086 1176 justus
3119 1087 3603 1177 jumentorum
3639 1110 3923 1155 suorum
3954 1088 4244 1154 animas.
4290 1085 4397 1169 Et,

2856 1218 3065 1273 xxvii,
3121 1197 3203 1264 23
3247 1219 3261 1263 ε
3321 1197 3715 1285 Diliqenter
3769 1218 4059 1286 aqnosce
4129 1194 4401 1262 vultum

2847 1304 3110 1393 pecoris
3149 1304 3277 1370 tui.
3323 1302 3508 1370 Bene
3550 1312 3976 1393 cognoscunt
4022 1301 4215 1369 multi
4273 1323 4403 1368 no-

2855 1411 3040 1477 mina
3116 1412 3894 1491 excommunicatorum,
3954 1419 4031 1478 ut
4108 1407 4403 1476 habeant

2855 1516 3199 1584 emendas
3244 1517 3376 1585 Per
3433 1519 3988 1607 compassionem
4047 1516 4132 1584 ad
4208 1514 4403 1582 insir-

2854 1647 3025 1692 mos.
3079 1626 3186 1693 Ad
3235 1625 3524 1693 Roman.
3569 1649 3687 1709 XV,
3727 1627 3756 1693 1
3795 1648 3810 1695 ε
3875 1625 4214 1693 Debemus
4279 1647 4401 1691 nos

2847 1730 3187 1817 firmiores
3240 1729 3744 1798 imbecillitates
3783 1731 4218 1820 infirmorum
4254 1751 4400 1796 sus·

2852 1844 3084 1908 tinere.
3126 1840 3151 1907 1
3185 1841 3266 1909 ad
3300 1840 3607 1909 Corinth.
3653 1865 3749 1926 1x,
3793 1843 3877 1908 22
3913 1863 3929 1908 ε
3964 1844 4219 1910 Factus
4246 1862 4399 1907 sum

2853 1948 3149 2037 infirmis
3188 1949 3533 2037 infirmus,
3560 1956 3635 2016 ut
3662 1948 3946 2039 gallina,
3983 1957 4058 2014 ut
4089 1947 4398 2036 infirmos

2852 2053 3349 2144 lucrifacerem.
3391 2054 3522 2123 Per
3550 2064 3767 2123 ratam
3798 2054 4199 2123 meritorum
4258 2052 4400 2120 dis-

2849 2164 3260 2243 cussionem,
3296 2170 3370 2228 ut
3400 2162 3485 2230 ab
3509 2184 3926 2254 unoquoque
3958 2162 4187 2252 exigat
4213 2159 4394 2251 quod

2847 2276 3095 2359 potest,
3139 2278 3204 2337 ct
3270 2291 3407 2338 non
3440 2268 3618 2360 plus.
3664 2268 3911 2338 Genes.
3974 2291 4212 2346 xxxin,
4268 2269 4389 2335 13:

2843 2377 3070 2457 Nosti,
3130 2376 3405 2445 domine
3428 2378 3567 2456 mi,
3609 2377 3797 2469 quod
3816 2377 4154 2470 parvulos
4185 2374 4397 2444 liabe-

2849 2508 2962 2552 am
2985 2495 3268 2564 tenerOS,
3292 2494 3356 2552 et
3384 2508 3534 2553 oves
3555 2495 3618 2554 et
3650 2482 3844 2554 boves
3870 2491 4078 2576 soetas
4099 2507 4384 2562 mecum,

2844 2616 3017 2685 quas
3032 2595 3096 2660 si
3107 2592 3276 2684 plus
3312 2596 3382 2660 in
3423 2592 3854 2662 ambulando
3874 2600 4097 2685 secero
4121 2593 4393 2661 labora-

2844 2723 2940 2784 re,
2974 2703 3356 2769 morientur
3385 2724 3525 2769 una
3555 2702 3667 2769 die
3704 2705 3934 2770 cuncti
3964 2725 4223 2793 qreqes.
4264 2700 4393 2768 l‘er

2843 2809 3323 2899 temporalium
3388 2810 4081 2893 administrationem,
4145 2832 4391 2877 secun-

2842 2917 3004 2985 dum
3046 2919 3228 3010 quod
3269 2927 3532 3010 potest:
3588 2920 3846 3011 gallina
3884 2921 4068 2988 enim
4115 2918 4393 2986 dimittit

2842 3027 3030 3116 pullo
3096 3049 3223 3096 suo
3273 3050 3595 3118 granum.
3650 3026 3711 3095 11
3761 3027 3848 3095 ad
3911 3025 4221 3096 Corinth.
4264 3047 4385 3101 xu,

2847 3134 2969 3203 14:
3011 3135 3150 3203 Nec
3176 3133 3418 3203 debent
3441 3135 3589 3226 filii
3607 3135 4018 3229 parentibus
4045 3134 4391 3204 thesauri-

2838 3265 3020 3327 zare,
3060 3241 3184 3309 sed
3217 3252 3539 3334 parentes
3590 3243 3792 3333 filiis.
3857 3243 4100 3313 Ezech.
4153 3264 4386 3320 xxxiv,

2838 3349 2878 3416 2
2915 3371 2931 3416 :
2988 3352 3093 3416 Vae
3131 3348 3531 3441 pastoribus
3585 3351 3834 3436 Israel,
3867 3353 3994 3443 qui
4023 3348 4392 3444 pascebant

2833 3455 3276 3545 semetipsos!
3318 3456 3560 3525 Nonne
3608 3480 3850 3550 qreyes
3905 3482 3949 3526 a
3993 3456 4390 3550 pastoribus

2822 3572 3212 3653 pascuntur
3261 3561 3302 3629 ?
3370 3562 3500 3632 Per
3577 3565 4078 3657 expositionem
4133 3567 4238 3633 sui
4302 3563 4389 3631 ad

2834 3678 3125 3740 mortem
3196 3695 3321 3764 pro
3405 3670 3723 3752 subditis,
3784 3674 3840 3742 si
3915 3696 4089 3765 opus
4161 3672 4384 3741 fuerit.

2833 3778 2893 3846 ll
2926 3779 3095 3873 Reg.
3132 3803 3321 3859 xxiv,
3358 3782 3478 3850 17:
3505 3782 3658 3863 Isti,
3689 3784 3816 3873 qui
3835 3805 3987 3851 oves
4011 3782 4393 3873 sunt,quid

2824 3890 3137 3979 lecerunt
3164 3889 3206 3956 ἶ)
3256 3890 3596 3969 Vertatur,
3635 3888 3931 3970 obsecro,
3973 3913 4222 3959 manus
4260 3900 4384 3958 tua

2826 4006 3063 4062 contra
3102 4018 3231 4077 me,
3263 4004 3328 4063 et
3354 4007 3593 4065 contra
3633 3996 3918 4065 domum
3964 3997 4193 4089 patris
4220 3998 4378 4064 mei.

2824 4100 3025 4169 Joan.
3068 4125 3136 4178 x,
3179 4103 3295 4169 ll:
3331 4104 3570 4172 Bonus
3582 4113 3828 4195 pastor
3847 4105 4159 4171 animam
4175 4127 4379 4173 suam

2824 4208 2948 4276 dat
2976 4233 3108 4301 pro
3130 4209 3370 4278 ovibus
3394 4211 3566 4282 suis.
3601 4209 3709 4291 Et,
3744 4233 3938 4297 xvm,
3981 4212 4065 4280 8:
4097 4212 4182 4282 Si
4218 4234 4379 4303 erqo

2823 4341 2933 4386 me
2958 4319 3293 4411 quaeritis,
3322 4321 3529 4389 sinite
3555 4322 3679 4389 lios
3708 4319 3923 4388 abire.

2916 4669 2949 4702 α
2994 4639 3153 4707 Vide
3179 4641 3509 4730 quoniam
3548 4639 3911 4708 mandata.
3948 4664 3983 4706 ι
4032 4639 4206 4710 Ecce
4250 4664 4366 4712 so-
4462 4685 4502 4748 .
4519 4678 4648 4748 59

2818 4747 3145 4817 cundum.
3214 4746 3425 4828 Quasi
3482 4747 3745 4819 diceret
3778 4769 3796 4819 ε
3858 4747 3974 4821 Sic
4013 4752 4364 4843 proximos

2819 4858 3136 4927 ardenter
3162 4855 3393 4941 dilexi,
3426 4868 3493 4927 et
3522 4859 3758 4940 etiam,
3795 4885 3833 4924 σι
3862 4860 4180 4944 Domine,
4215 4861 4370 4930 vide

2817 4966 3147 5055 quoniam
3186 4965 3522 5035 mandata
3560 4976 3712 5047 tua,
3752 4996 3786 5031 a
3817 4975 3885 5037 et
3938 4990 4060 5063 per
4086 4967 4237 5037 haec
4274 4978 4373 5038 te·

2817 5072 3068 5162 ipsum,
3137 5101 3170 5134 α
3198 5072 3442 5141 dilexi.
3480 5098 3515 5140 ι
3572 5073 3778 5143 Joan.
3841 5097 3982 5155 xiv,
4041 5078 4121 5144 21
4153 5098 4169 5144 ε
4232 5078 4372 5162 Qui

2815 5180 3019 5250 babet
3055 5181 3391 5251 mandata
3420 5206 3599 5267 mea,
3649 5194 3714 5252 et
3747 5192 3976 5252 servat
4023 5207 4130 5265 ea,
4183 5184 4373 5275 quod

2816 5296 2920 5358 est
2956 5288 3104 5381 ipsa
3130 5287 3440 5381 diligere,
3471 5288 3600 5359 ille
3642 5301 3743 5360 est
3787 5291 3914 5383 qui
3951 5289 4192 5383 diliqit
4233 5316 4363 5362 me.

2821 5591 3022 5727 δεξιοί.
3053 5665 3269 5723 Genes.
3300 5680 3459 5735 xxxx,
3488 5665 3579 5724 ⁴0.
