5008 6329
364 1104 479 1171 ΙΙ

593 261 722 328 536
1575 256 1660 327 D.
1715 256 1911 324 ALB.
1966 255 2159 321 MAG

598 430 886 497 Frustra
903 427 1181 516 jacitur
1220 439 1357 496 rete
1396 438 1555 497 ante
1610 428 1845 496 oculos
1878 447 2157 516 penno-

601 546 845 603 torum.
878 536 1166 626 l’ropter
1204 535 1341 604 hoc
1390 537 1640 605 debent
1681 534 1978 608 laudare,
2020 532 2161 598 Da·-

598 646 758 713 niel.
804 670 900 724 ιιι,
945 649 1031 716 80
1069 647 1529 722 :·Benedicite,
1567 664 1797 709 omnes
1852 641 2159 707 volucres

602 755 777 840 coeti,
808 759 1140 824 Domino.

696 996 726 1028 «
763 969 974 1056 ches
1004 975 1220 1031 terrae.
1261 987 1293 1026 n
1329 961 1459 1028 Hic
1498 960 1743 1027 invitat
1786 958 2161 1026 rationabi-

608 1073 721 1152 lia,
764 1073 906 1140 sive
955 1069 1293 1146 homines»,
1346 1091 1522 1158 quos
1588 1067 1909 1136 describit
1938 1065 2162 1156 tripli-

605 1183 784 1249 citer.
835 1178 1094 1254 Primo,
1145 1201 1266 1268 per
1321 1177 1751 1267 dignitatem.
1800 1175 2145 1254 Secunde,

605 1310 725 1377 per
754 1309 1018 1363 sexum,
1081 1285 1201 1365 ibi,
1234 1292 1299 1362 ὴ.
1343 1287 1422 1351 12
1460 1305 1475 1349 :
1516 1308 1549 1348 α
1579 1285 1896 1351 Juvenes.
1932 1309 1961 1342 n
1994 1280 2164 1348 Ter-

602 1400 724 1474 tio,
759 1419 875 1486 per
913 1404 1212 1474 aetatem,
1257 1393 1376 1471 ibi,
1425 1417 1458 1457 α
1501 1393 1708 1461 Senes
1730 1412 1886 1457 cum
1905 1388 2164 1478 junio-

605 1502 820 1571 ribus,
859 1527 891 1566 »
935 1501 1022 1568 Et
1073 1509 1344 1591 quarte,
1397 1497 1586 1566 addit
1634 1500 1967 1565 rationem
2009 1494 2163 1563 lau-

604 1606 732 1683 dis,
777 1605 894 1681 ibi,
934 1611 978 1680 ,v
1014 1604 1092 1671 13
1131 1625 1146 1670 ε
1185 1627 1218 1667 α
1267 1602 1449 1685 Quia
1490 1602 1906 1669 exaltatum.
1947 1628 1980 1661 »ι

694 1710 767 1776 ln
801 1710 1020 1799 prima
1050 1711 1180 1777 tria
1210 1707 1591 1776 secundum
1616 1705 1950 1796 triplicem
1983 1726 2165 1794 prae-

604 1818 1044 1888 eminentiam
1077 1838 1280 1907 quam
1324 1815 1549 1906 tangit
1582 1837 1597 1882 :
1643 1814 2000 1904 potestatis
2017 1811 2163 1901 pri-

604 1947 719 1992 mo
777 1946 895 2013 per
951 1944 1171 2012 reges»,
1267 1921 1595 1989 bonitatis
1678 1918 1979 1987 secundo
2038 1940 2159 2007 per

605 2033 965 2121 principeS,
1008 2030 1360 2120 sapientiae
1398 2029 1599 2095 t-ertio
1629 2048 1753 2116 per
1783 2024 2070 2113 judiceS.

692 2138 805 2204 Ait
832 2153 1045 2227 ergo:
1093 2134 1208 2202 Sic
1239 2133 1535 2210 laudate,
1590 2131 2061 2223 praecedentia,
2097 2139 2164 2197 et

603 2265 753 2323 voS,
797 2268 830 2308 α
865 2265 1052 2332 reyes
1102 2250 1321 2317 terrae,
1361 2265 1395 2305 ι
1457 2239 1731 2308 laudate
1777 2262 1792 2307 ε
1852 2246 1918 2305 et
1974 2236 2162 2304 addit

605 2358 910 2438 respectu
931 2349 1124 2437 cujus
1147 2357 1245 2415 est
1267 2346 1818 2439 praeeminentia.
1853 2344 1973 2426 ibi,
2007 2370 2041 2406 α
2068 2344 2162 2409 Et

602 2479 830 2524 omnes
858 2456 1132 2548 populi.
1175 2481 1207 2516 n
1365 2444 1380 2462 ’

695 2564 911 2655 Reges
1011 2562 1321 2630 laudant.
1413 2558 1825 2650 Exemplum
1910 2557 2155 2632 David.

602 2672 630 2738 Ι
698 2672 918 2739 Par-al.
1000 2693 1188 2751 xxix,
1252 2671 1292 2737 9
1352 2677 1417 2736 et
1497 2669 1577 2734 10
1651 2690 1666 2734 :
1742 2666 1975 2734 David
2041 2688 2163 2732 rea:

608 2779 879 2846 la’tatus
962 2789 1060 2847 est
1141 2799 1298 2844 cum
1378 2776 1645 2866 qaudio
1706 2796 1981 2864 unoquo.
2065 2775 2160 2840 Et

605 2885 943 2953 benede'xit
981 2886 1279 2953 Domino
1306 2905 1537 2951 coram
1565 2883 1880 2949 uniuerso
1910 2880 2160 2948 multi-

603 2993 861 3069 tudiue,
915 3001 978 3058 et
1034 2993 1138 3057 ait
1167 3013 1191 3057 .·
1249 2989 1663 3057 Benedictus
1709 3012 1800 3063 es,
1839 2989 2151 3055 Domine.

602 3099 865 3168 Daniel.
933 3120 1027 3176 w.
1110 3097 1222 3179 31,
1283 3097 1366 3166 de
1451 3094 2091 3166 Nabuchodonosor·
2132 3120 2148 3166 ε

602 3209 755 3296 Eyo
786 3206 1410 3275 Nabuchodonosor
1447 3205 1689 3283 laudo,
1732 3214 1797 3271 et
1825 3206 2157 3296 moqnifi-

602 3334 699 3392 co,
732 3325 796 3380 et
829 3311 1149 3404 qtorifieo
1179 3313 1426 3401 Reqem
1467 3311 1646 3378 coeli.

693 3450 724 3479 «ι
768 3422 859 3487 Et
897 3440 1129 3485 omnes
1170 3417 1446 3509 populi.
1495 3448 1524 3477 n·
1589 3416 1719 3485 lsa.
1780 3439 1965 3492 Χιιιι,
2013 3420 2087 3484 ‘Pl
2132 3440 2148 3485 ε

600 3527 949 3618 Populum
1002 3527 1210 3593 istum
1263 3525 1574 3615 loe-mavi
1621 3526 1817 3603 veihi,
1873 3525 2153 3593 laudem

600 3657 818 3701 meam
848 3632 1185 3713 narrabit.

690 3741 1174 3831 «Pe-iucipes.»
1244 3738 1268 3805 l
1341 3737 1566 3806 Par-al.
1601 3761 1718 3814 xv.
1770 3741 1847 3806 16
1891 3761 1907 3807 t
1957 3741 2154 3808 Dia-it

600 3847 836 3915 David
855 3844 1291 3937 principibus
1340 3846 1766 3923 Lei-iturum,
1829 3857 1905 3913 ut
1967 3870 2153 3913 cons·

597 3957 920 4023 timerent
972 3954 1058 4021 de
1111 3954 1458 4046 fratribus
1511 3955 1660 4022 suis
1715 3964 2023 4022 cantores
2080 3956 2148 4021 iu

601 4062 890 4153 orqonis
925 4061 1369 4129 musicorum.

702 4193 735 4233 α
777 4169 873 4235 Et
938 4189 1170 4234 ornnes
1194 4167 1479 4257 judices
1515 4179 1734 4236 terrae.
1784 4194 1817 4231 ιι
1876 4168 2152 4236 Judices

599 4277 877 4345 laudant
910 4274 1161 4357 Deum,
1205 4298 1363 4343 cum
1432 4285 1607 4344 recte
1650 4277 1990 4364 judicant,
2061 4276 2153 4343 sa·

597 4384 849 4452 cientes
913 4382 1096 4472 quod
1138 4381 1408 4461 dieitur,
1454 4381 1731 4450 Denter.
1775 4404 1917 4458 xvt.
1969 4385 2045 4450 18
2083 4391 2150 4451 et

602 4490 681 4558 19
704 4488 1012 4558 :ludices
1029 4498 1094 4556 et
1124 4488 1497 4578 maqistros
1518 4490 1886 4558 constitues
1908 4490 1979 4557 in
2001 4511 2148 4558 om-

595 4595 798 4665 nibus
820 4597 1049 4688 portis
1078 4597 1333 4671 tuis...‚
1359 4606 1435 4662 ut
1452 4595 1777 4685 judicent
1800 4597 2147 4688 populum

587 4703 792 4794 justo
808 4703 1117 4792 judicio,
1149 4725 1269 4771 nec
1297 4704 1369 4771 in
1401 4703 1700 4771 alteram
1722 4716 1995 4795 partem
2027 4705 2150 4773 de-

533 4874 536 4877 .
597 4811 871 4879 clinent.
907 4807 1424 4900 blasphemant,
1461 4814 1577 4901 qui
1612 4810 1788 4879 male
1808 4812 2144 4899 judicant,

598 4922 769 4989 sicut
834 4919 956 4997 illi,
1024 4918 1109 4987 de
1191 4919 1467 5010 quibus,
1520 4919 1783 4989 Daniel.
1863 4944 2007 5002 xm,
2050 4923 2142 4989 5:

599 5029 892 5119 Byr-essa
921 5036 1017 5094 est
1074 5026 1408 5115 iniquitas
1436 5025 1521 5094 de
1574 5026 1935 5116 Babylone
1979 5052 2022 5095 a
2050 5050 2150 5095 se·

599 5134 906 5202 nioribus
942 5132 1335 5223 judicibus,
1395 5143 1523 5201 etc.
1581 5133 1664 5202 131
1737 5136 1819 5201 de
1868 5136 2143 5224 quibua,

604 5238 922 5330 Sophun.
986 5262 1086 5319 ιιι,
1123 5241 1163 5307 3
1209 5262 1226 5307 z
1291 5241 1574 5309 ludices
1633 5238 1791 5327 ejus
1850 5241 2002 5332 lupi
2030 5264 2145 5309 ve-

597 5369 810 5439 spere,
841 5367 978 5413 non
1008 5344 1495 5436 relinquebant
1516 5348 1585 5414 in
1631 5370 1856 5415 mane.

672 5597 694 5636 ⁸
726 5597 895 5673 vulg.
936 5595 1138 5669 habet,
1168 5596 1282 5654 lta.
1313 5613 1409 5669 ιιι,
1437 5598 1500 5653 13
1534 5599 1706 5656 :Ecce
1723 5599 1999 5673 intettiaet
2026 5615 2148 5658 ser-

2170 307 2182 322 .
2237 253 2443 322 ORD.
2497 252 2796 323 PRAED.

2362 453 2394 484 «
2420 427 2712 491 Juvenes
2750 434 2812 489 et
2841 423 3157 512 virqines.
3198 444 3230 483 n
3292 418 3418 485 Hic
3471 427 3802 507 quantum

2265 529 2348 595 ad
2390 552 2653 604 sexum,
2714 530 2935 618 primo
2985 537 3269 619 tangens
3318 525 3798 602 masculinum,

2264 636 2591 720 secunde,
2627 635 3081 702 l'oemininum.

2353 742 2658 810 Laudare
2700 740 2948 808 debent
2968 741 3278 828 juvenes,
3326 739 3544 807 Eccle.
3579 760 3676 819 xi,
3708 741 3748 806 9
3786 761 3800 803 :

2265 854 2553 928 Laetore,
2568 848 2953 938 juvenis-,in
2977 846 3432 914 adolescentia
3453 857 3575 913 tuo
3596 869 3618 912 .·
3650 856 3713 913 et
3741 845 3812 912 in

2270 957 2440 1024 bono
2475 958 2567 1024 sit
2629 978 2745 1024 cor
2792 965 2991 1022 tuum
3029 955 3102 1020 in
3150 950 3388 1020 diebus
3420 948 3815 1037 juventutis

2268 1073 2427 1131 tuae.

2359 1195 2392 1235 α
2417 1171 2514 1237 Et
2541 1171 2860 1259 virgines.
2921 1192 2954 1233 ι
2988 1166 3205 1234 Exod.
3243 1188 3362 1244 xv,
3396 1166 3481 1232 20
3539 1173 3605 1232 et
3662 1164 3739 1229 21
3802 1184 3817 1229 2

2264 1281 2579 1370 Sumpsi!
2605 1278 2838 1346 Maria
2862 1277 3313 1368 prophetissa,
3336 1295 3532 1340 soror
3557 1275 3819 1352 Aaron,

2266 1397 2675 1477 tympanum
2708 1386 2777 1451 in
2807 1406 3020 1451 manu
3038 1404 3167 1449 sua
3191 1404 3213 1448 .·
3233 1400 3644 1468 cyressoeque
3659 1385 3822 1444 sunt

2268 1515 2496 1560 omnes
2547 1493 2868 1561 mulieres
2907 1500 3063 1582 post
3102 1511 3251 1556 eom
3279 1509 3436 1555 cum
3469 1485 3820 1576 tympanis

2267 1609 2331 1667 et
2378 1600 2629 1677 choris,
2690 1597 2942 1689 quibus
3007 1592 3454 1688 praecinabat,
3507 1590 3737 1660 dicens
3794 1612 3816 1656 .·

2270 1712 2639 1781 Cantemus
2671 1709 2994 1789 Domino,
3025 1707 3324 1797 qloriose
3351 1705 3558 1780 enim,
3593 1711 3722 1771 etc.

2359 1846 2392 1886 α
2434 1821 2642 1889 Senes
2671 1840 2826 1886 cum
2862 1813 3291 1905 junioribus.
3342 1837 3376 1877 ι
3438 1812 3566 1880 Hie
3598 1810 3818 1900 respi-

2268 1930 2357 1995 cit
2384 1925 2469 1994 ad
2503 1935 2798 2002 aetatem,
2844 1921 3215 1991 seeundum
3245 1918 3584 2010 duplicem
3619 1915 3820 1985 diss'e-

2268 2034 2555 2102 rentiam
2606 2030 2972 2098 senectutis
3011 2037 3078 2096 et
3127 2026 3533 2116 juventutiS.
3603 2021 3819 2090 Senes

2265 2142 2517 2211 debent
2560 2138 2833 2207 laudare
2893 2159 3012 2228 pro
3071 2134 3229 2202 data
3273 2134 3403 2201 sibi
3454 2131 3813 2222 sapientia.

2263 2251 2421 2326 Joh.
2455 2272 2574 2328 xn,
2624 2250 2703 2315 12
2746 2265 2764 2315 ε
2808 2248 2889 2313 In
2937 2245 3240 2335 antiquis
3288 2252 3383 2308 est
3446 2239 3812 2331 sapientia.

2266 2355 2471 2424 Eccli.
2503 2377 2666 2435 xxv,
2700 2354 2741 2421 8
2785 2373 2801 2419 ε
2850 2353 3120 2422 Corona
3163 2369 3402 2416 senum
3431 2347 3661 2413 multa
3692 2366 3822 2436 pe-

2266 2463 2455 2528 ritia.
2493 2484 2527 2524 α
2565 2460 2736 2529 Cum
2779 2454 3210 2547 junioribus,
3235 2480 3267 2514 »
3302 2450 3507 2518 simul
3543 2472 3559 2516 τ
3609 2449 3677 2516 in
3709 2450 3820 2538 ip-

2265 2568 2357 2633 sis
2407 2566 2590 2633 enim
2649 2564 2881 2631 divina
2934 2562 3078 2628 laus
3135 2565 3676 2626 consummatur.
3741 2553 3816 2620 ln

2267 2672 2448 2742 l'sal.
2481 2695 2628 2749 νιιι,
2672 2672 2737 2752 3,
2762 2692 2967 2760 supra
3003 2691 3017 2735 :
3051 2670 3168 2736 Ea:
3197 2689 3311 2733 ore
3340 2663 3722 2753 infantium
3751 2671 3816 2728 et

2267 2780 2667 2848 lactentium
2707 2776 3060 2870 perfecisti
3109 2772 3411 2840 taudem.
3457 2771 3706 2860 Supra,
3744 2770 3812 2835 in

2269 2886 2446 2956 Psal.
2473 2908 2634 2967 exn,
2674 2887 2698 2951 1
2733 2907 2748 2953 ε
2777 2882 3113 2960 Laudote‚
3140 2880 3368 2972 pueri,
3400 2878 3804 2948 Dominum.

2260 2995 2513 3063 Jerem.
2551 3014 2741 3075 xxxi,
2779 2992 2899 3058 13:
2933 2986 3313 3057 Laetabitur
3343 2987 3534 3076 tirqo
3556 2983 3812 3052 incho-

2264 3124 2364 3182 ro‚
2384 3101 2681 3191 juvenes
2708 3106 2772 3164 et
2797 3118 2983 3166 senes
3017 3093 3253 3163 simul.

2349 3451 2385 3488 α
2467 3425 2649 3509 Quia
2703 3420 3091 3491 exaltatum
3156 3433 3276 3490 est.
3350 3446 3385 3482 v»
3440 3417 3567 3488 llic
3606 3418 3805 3488 ratio·

2260 3559 2296 3596 α
2324 3533 2506 3616 (Μία
2534 3532 2924 3600 exaltatum
2952 3540 3048 3597 cst
3067 3551 3306 3597 nomen
3323 3528 3482 3617 ejus
3497 3526 3743 3607 solius,
3767 3550 3800 3591 ι

2259 3639 2468 3709 Filius
2494 3640 2773 3717 scilicet,
2825 3641 2943 3731 qui
2994 3646 3094 3706 est
3143 3659 3422 3719 nomen,
3487 3637 3648 3726 quia
3685 3653 3809 3725 per

2258 3748 2479 3837 ipsum
2530 3747 2850 3815 divinitas
2910 3746 3228 3815 innotuit.
3268 3744 3472 3812 J'oan.
3533 3766 3581 3827 ι,
3657 3743 3736 3809 18
3783 3764 3799 3809 z

2258 3855 2479 3926 Filius
2507 3856 2630 3946 qui
2664 3863 2761 3923 est
2800 3855 2873 3922 in
2917 3854 3076 3921 sinu
3124 3852 3383 3928 Patris.
3439 3851 3584 3943 ipse
3608 3872 3802 3918 enar·

2256 3963 2460 4039 ravit.
2530 3961 2730 4029 nobis
2801 3959 3079 4029 scilieet.
3148 3959 3255 4027 Ad
3309 3957 3560 4049 Philip.
3597 3980 3667 4037 n,
3702 3961 3795 4025 9:

2257 4072 2440 4137 Deus
2468 4067 2805 4136 exaltavit
2835 4066 3068 4145 illum,
3102 4076 3166 4133 et
3201 4066 3485 4133 donauit
3523 4064 3640 4131 illi
3675 4086 3803 4131 no·-

2256 4196 2431 4248 men.
2465 4172 2655 4263 quod
2685 4182 2784 4240 est
2835 4193 3043 4263 super
3075 4193 3271 4238 omne
3324 4193 3592 4237 uoneen.
3666 4167 3798 4238 lsa.

2255 4302 2367 4361 m,
2408 4281 2486 4347 13
2532 4301 2547 4346 ε
2589 4280 2764 4347 Ecce
2791 4300 2971 4371 puer
2997 4300 3210 4361 meus,
3241 4275 3694 4353 multabitur,
3736 4285 3804 4343 et

2250 4385 2574 4455 sublimis
2600 4388 2730 4455 erit
2767 4386 2973 4455 valde
3004 4387 3021 4422 ⁸
3054 4408 3078 4453 .·
3109 4396 3177 4453 et
3220 4382 3637 4452 sublimitate
3668 4383 3805 4451 sin·

2252 4494 2496 4587 gulari.
2536 4495 2665 4563 Isa.
2695 4519 2768 4576 ιι,
2797 4496 2872 4562 11
2914 4515 2930 4562 :
2965 4491 3427 4561 Eli-allabitur
3458 4492 3801 4560 Dominus

2250 4600 2440 4671 solus
2477 4604 2551 4670 in
2581 4602 2694 4669 die
2720 4601 2880 4669 itta.

2347 4947 2382 4989 c
2412 4922 2766 5011 Confessio
2804 4919 2985 5009 ejus.
3028 4945 3061 4986 ι
3113 4919 3239 4989 llic
3293 4921 3592 4990 secunda
3647 4944 3806 5012 pars
3948 4965 4061 5029 '4

2255 5027 2535 5099 Psalmi.
2611 5028 2981 5119 Postquam
3039 5029 3221 5096 enim
3272 5028 3570 5098 ostendit
3621 5052 3808 5099 erea—
3888 5066 4105 5114 snm.

2256 5145 2440 5204 turus
2499 5159 2647 5205 esse
2712 5137 2960 5203 divinoe
3017 5134 3236 5204 laudis
3301 5140 3683 5215 materiam,
3738 5147 3807 5206 et
3835 5121 4157 5178 ''⁸‘⁸¹'⁸⁸⁸'¹¹‘·

2254 5243 2551 5324 divisim,
2593 5241 2706 5313 liic
2767 5242 2947 5310 idem
2996 5244 3289 5313 ostendit
3352 5245 3800 5333 conjunctim,

2256 5373 2395 5419 nun
2434 5348 2880 5443 exprimendo
2929 5350 3229 5441 aliquam
3268 5353 3676 5420 nominatim
3737 5362 3806 5422 et

2252 5612 2351 5654 vus
2377 5612 2547 5666 meus,
2578 5594 2942 5667 exaltabitur,
2971 5600 3084 5652 etc.
