5008 6329
1850 368 2557 438 COMMENTARIUS
2610 370 2699 435 IN
2751 371 3185 440 PSALMUM
3238 372 3655 441 CXXXVII.

1242 530 1359 598 Ait
1387 535 1568 603 enim
1604 560 1619 603 :
1659 536 1773 606 Sic
1803 539 2175 607 confitebor
2205 539 2272 605 in
2302 549 2439 606 toto
2472 538 2692 612 corde,

4234 364 4362 429 439

2810 569 2844 604 «
2900 544 2996 607 Et
3035 543 3339 609 veritate.
3407 565 3440 605 »
3498 539 3753 621 TertiO,
3808 539 3955 626 ejus
3995 556 4115 624 per
4155 552 4358 621 quem

1155 650 1219 708 et
1245 642 1509 731 etiams<
1550 649 1888 737 psallam,
1941 674 1973 713 »
2026 647 2390 725 laudandO,
2436 655 2499 712 et
2547 669 2705 711 ver-
2804 656 3172 735 utrumque
3245 648 3499 715 factum
3586 656 3709 722 est,
3804 641 4151 716 exaltatio,
4238 637 4356 713 ibi,

1154 745 1265 825 bc,
1310 760 1376 816 et
1406 751 1603 830 sactO,
1660 764 1724 821 et
1763 732 1919 830 hoc,
1976 778 2008 818 α
2054 755 2124 818 in
2165 761 2517 839 conspectu
2568 754 2703 817 An-

1150 855 1492 943 qelorum,
1547 883 1580 924 ι»
1642 859 1813 926 mihi
1872 856 2174 948 Angelos
2230 858 2696 946 proponendo,

1153 971 1228 1029 ut
1276 966 1361 1032 ad
1408 967 1861 1034 imitationem
1903 965 2202 1043 illorum,
2264 966 2433 1033 nihil
2486 975 2702 1034 terre-

1152 1094 1320 1139 num
1353 1097 1681 1164 quaeram,
1744 1074 1863 1142 sed
1893 1083 1956 1141 te
2015 1081 2282 1142 tantum
2342 1077 2515 1144 sicut
2543 1078 2693 1166 ipsi.

1151 1176 1174 1242 l
1221 1178 1304 1246 ad
1346 1179 1651 1248 Corinth.
1696 1203 1838 1257 xlv,
1879 1183 1957 1249 15
1995 1203 2009 1247 ε
2058 1183 2380 1249 Psallam
2417 1185 2692 1274 sipiritu,

1136 1289 1454 1382 psallam
1493 1302 1557 1358 et
1585 1301 1828 1357 mente.
1863 1291 1947 1358 Et
1992 1292 2147 1371 hoc,
2195 1320 2229 1356 α
2293 1295 2361 1360 in
2435 1316 2700 1384 conspe-

1147 1408 1259 1465 ctu
1296 1398 1744 1488 Angelorum.
1792 1424 1824 1465 n
1859 1400 2139 1489 Apocal.
2182 1424 2297 1475 vn,
2349 1404 2419 1467 11
2465 1424 2480 1467 :
2518 1403 2698 1469 Ceci-

1149 1505 1395 1572 derunt
1426 1507 1497 1571 in
1527 1518 1881 1597 conspectu
1911 1508 2142 1575 throni
2166 1510 2234 1573 in
2262 1510 2476 1596 facies
2502 1531 2689 1585 suas,

1146 1625 1210 1680 et
1236 1613 1699 1681 adoraverunt
1729 1619 1979 1683 Deum.
2048 1615 2132 1682 Et
2183 1616 2474 1681 multum
2521 1616 2696 1683 dele-

1144 1723 1510 1788 ctanturin
1558 1723 1674 1789 tali
1720 1724 2025 1790 oratione
2083 1722 2350 1812 Angeli,
2414 1746 2562 1813 quae
2622 1723 2695 1790 fit

1144 1829 1345 1897 corde
1395 1830 1684 1920 integro,
1745 1842 1809 1897 et
1850 1853 2043 1919 puro.
2092 1830 2338 1921 Supra,
2398 1832 2464 1897 in
2509 1830 2686 1898 l’sal.

1143 1961 1348 2009 van.
1402 1940 1487 2005 26
1543 1961 1557 2004 :
1620 1942 2104 2006 Proevenerunt
2152 1941 2494 2030 principes
2541 1964 2691 2006 con-

1131 2043 1373 2132 juncti
1428 2045 1918 2135 psallmitibnS.
1987 2045 2244 2114 cantic.
2314 2069 2457 2124 vm,
2537 2049 2611 2111 13
2670 2068 2684 2111 :

1150 2150 1314 2233 Quoe
1342 2149 1615 2216 liabitas
1638 2153 1706 2216 in
1729 2152 1967 2228 hortis,
2003 2152 2211 2217 amici
2247 2151 2644 2217 anscultant

1144 2256 1264 2344 sac
1301 2278 1410 2322 mc
1451 2257 1697 2321 audire
1737 2279 1956 2322 rocem
1997 2267 2214 2323 ticam.

1232 2605 1266 2641 α
1295 2578 1616 2646 Adorabo
1648 2580 1746 2646 ad
1769 2580 2128 2671 templum.
2168 2608 2199 2645 n
2228 2580 2349 2648 llic
2385 2584 2681 2660 tertium,

1143 2685 1213 2750 in
1276 2708 1411 2776 quo
1453 2688 1787 2776 promittit
1850 2711 1921 2755 se
1987 2687 2418 2756 laudaturum
2485 2690 2685 2758 corde

1142 2790 1415 2873 devotO,
1460 2794 1619 2884 quia
1668 2796 1936 2876 intimo,
1988 2805 2053 2863 et
2101 2797 2363 2864 timido.
2410 2797 2680 2875 intimo,

1141 2908 1217 2969 ut
1245 2924 1316 2970 se
1354 2901 1439 2970 ab
1480 2903 1803 2971 omnibns
1862 2903 2159 2972 retrahat
2218 2927 2235 2972 ε
2298 2907 2561 2985 timido,
2613 2914 2690 2974 ut

1137 3018 1502 3079 retractum
1532 3034 1651 3080 cor
1674 3013 2103 3103 comprimat.
2151 3046 2162 3056 ·

1227 3116 1348 3185 Ait
1376 3140 1539 3209 ergo
1583 3140 1599 3188 ε
1647 3117 1762 3188 Sic
1807 3118 2093 3211 psallam
2140 3121 2341 3191 corde
2390 3145 2587 3214 put-0,
2621 3132 2688 3192 et

1138 3248 1173 3289 ι
1214 3223 1559 3302 Adorabo,
1623 3253 1656 3286 ιο
1722 3227 2091 3294 ascendens
2135 3256 2163 3289 α
2219 3227 2316 3294 ad
2351 3230 2684 3320 templum

1128 3340 1443 3398 sanctum
1467 3341 1692 3410 tuum,
1726 3359 1757 3396 ι
1783 3334 1868 3401 ad
1898 3358 2016 3402 cor
2037 3358 2265 3402 meum
2302 3340 2677 3426 proprium,

996 3463 1001 3471 ¹
1126 3439 1316 3527 prius
1346 3440 1838 3508 sanctificatum
1879 3463 1895 3508 ε
1930 3441 2019 3508 ibi
2071 3443 2254 3510 enim
2296 3445 2398 3509 vis
2438 3444 2685 3512 adora-

1125 3544 1205 3612 ri.
1248 3545 1451 3615 Joan.
1486 3568 1580 3626 ιν,
1625 3548 1758 3616 23:
1808 3549 1957 3616 Veri
1984 3548 2389 3618 adoratores
2427 3550 2684 3617 adora-

1125 3652 1295 3723 bunt
1330 3658 1613 3725 Patrem
1652 3658 1726 3725 in
1753 3659 2033 3748 spiritu,
2067 3669 2132 3726 et
2167 3661 2472 3727 veritate.
2519 3659 2682 3749 Spi-

1121 3762 1292 3830 ritus
1319 3773 1551 3834 autem
1613 3765 1944 3856 templum
1992 3764 2119 3834 Dei
2175 3776 2303 3837 est.
2352 3767 2373 3833 l
2416 3768 2500 3836 ad
2539 3770 2680 3835 Co-

1120 3868 1331 3938 rinth.
1390 3894 1489 3956 m,
1556 3873 1637 3940 17
1684 3894 1700 3939 :
1750 3874 2104 3965 Templum
2162 3875 2293 3942 Dei
2362 3886 2674 3944 sanctum

1120 3987 1241 4058 est,
1283 3977 1474 4069 quod
1495 3980 1660 4047 estis
1696 4002 1834 4047 vos.
1885 3978 1984 4047 lbi
2024 3981 2140 4073 qui
2182 3990 2355 4062 orat,
2387 3982 2678 4049 exaudi-

1119 4090 1256 4153 tur.
1299 4082 1395 4150 111
1429 4082 1597 4176 neg.
1656 4108 1803 4166 vm,
1846 4086 1931 4153 42
1994 4109 2010 4154 τ
2086 4087 2258 4157 Cum
2317 4090 2569 4156 venerit
2613 4100 2677 4157 et

1120 4192 1420 4260 oraverit
1475 4194 1547 4260 in
1601 4193 1729 4261 lioc
1768 4192 1939 4280 loco,
1990 4204 2066 4262 tu
2121 4197 2468 4276 exaudies,
2540 4205 2670 4267 etc.

1118 4300 1297 4382 Joel,
1339 4322 1412 4387 u,
1448 4301 1534 4370 32
1573 4324 1589 4370 ε
1625 4302 1867 4372 Omnis
1908 4306 2034 4395 qui
2079 4305 2513 4389 invocaverit,
2565 4308 2677 4374 in-

1121 4417 1234 4478 tus
1294 4410 1671 4490 vocaverit,
1730 4412 1976 4479 nomen
2049 4413 2360 4493 Domini,
2434 4413 2676 4482 salvus

1120 4518 1273 4590 erit.

1215 4651 1250 4692 ι
1291 4628 1387 4695 ΕΙ
1410 4626 1806 4716 confitebor,
1849 4652 1885 4694 ι
1927 4627 2275 4720 ingressus
2311 4629 2698 4722 templum,-

1125 4762 1159 4803 ι
1192 4738 1461 4806 nomini
1486 4747 1634 4824 tuo,
1673 4762 1707 4804 ι
1741 4739 2141 4807 nominabili
2168 4743 2490 4831 potentiae
2514 4751 2668 4811 tuae.

1016 4846 1031 4858 ’
1124 4850 1254 4917 Isa.
1298 4870 1463 4928 xxV,
1508 4852 1538 4917 1
1580 4870 1597 4917 ε
1633 4849 2020 4940 Confitebor
2044 4852 2313 4919 nomini
2340 4862 2483 4919 tuo.
2520 4852 2670 4919 Act.

1124 4976 1223 5040 iv,
1270 4956 1402 5022 12:
1453 4955 1592 5023 Nec
1628 4956 1835 5024 aliud
1881 4967 1979 5026 est
2031 4980 2273 5026 nomen
2319 4957 2444 5026 sub
2509 4958 2674 5026 coelo

1125 5059 1371 5130 datum
1425 5062 1842 5143 hominibus,
1899 5064 1971 5131 in
2028 5089 2162 5157 quo
2218 5074 2529 5157 oporteat
2553 5090 2676 5134 nos

1122 5168 1356 5238 salvos
1384 5169 1566 5260 fieri.

1221 5406 1256 5447 ι
1289 5381 1513 5472 Super
1558 5381 2027 5451 misericordia
2074 5393 2221 5452 tua.
2257 5411 2290 5446 n
2338 5383 2465 5452 nic
2512 5406 2678 5475 prae·

2808 780 2841 816 «
2881 755 3224 836 Quoniam
3254 754 3745 844 maqnificasti.
3785 776 3818 815 ι)

2897 862 3072 930 Dicit
3130 886 3293 954 ergo
3354 887 3375 929 .·
3419 862 3533 929 Sic
3589 858 3967 928 confitebor
4012 880 4026 923 ε
4073 863 4140 921 et
4194 852 4352 928 hoc,

2806 994 2839 1032 α
2871 993 3078 1060 super
3104 970 3578 1037 misericordia
3610 977 3756 1047 tua,
3799 994 3830 1027 »
3870 963 3936 1031 id
3968 971 4091 1039 est,
4119 960 4202 1028 de
4234 959 4361 1026 mi-

2802 1077 3167 1144 sericordia
3232 1085 3352 1144 tua
3421 1075 3707 1144 laudans
3780 1083 3873 1157 te,
3952 1092 4087 1161 qua
4150 1088 4358 1135 vocas

2802 1194 3188 1274 peccatores
3219 1185 3304 1251 ad
3335 1184 3829 1274 poenitentiam.
3868 1181 4109 1255 AmOS,
4137 1199 4233 1259 lx,
4267 1176 4307 1241 6
4336 1200 4351 1241 ε

2806 1293 2943 1375 Qui
2997 1301 3190 1358 vocat
3259 1315 3479 1381 aquas
3534 1292 3773 1368 maris,
3851 1284 4220 1361 fluxibileS,
4291 1289 4358 1348 et

2804 1420 3073 1465 amaros
3102 1408 3518 1488 peccatores,
3553 1408 3616 1464 et
3663 1394 3956 1487 effundit
4003 1415 4117 1459 eas
4151 1412 4359 1481 super

2799 1508 3052 1595 faciem
3091 1517 3310 1590 terrae,
3344 1508 3430 1573 ad
3470 1508 3762 1574 litteram
3811 1500 4160 1571 resolvens
4201 1498 4356 1564 illos

2801 1614 2869 1680 in
2911 1614 3270 1705 lacrymas,

2894 1753 2923 1785 «
2965 1726 3061 1791 Et
3089 1726 3373 1792 veritate
3402 1732 3549 1797 tna,
3589 1748 3622 1784 »
3658 1742 3791 1810 qua
3831 1738 4251 1791 remuneras,
4287 1721 4355 1782 et

2798 1831 3020 1897 reddis
3061 1834 3417 1921 promissa.
3464 1812 3750 1896 Numer.
3784 1849 3974 1903 xxm,
4013 1827 4089 1892 19
4146 1845 4160 1888 ε
4196 1823 4350 1890 Non

2797 1953 2894 2005 est
2947 1942 3135 2007 Dens
3181 1941 3386 2032 quasi
3413 1939 3640 2018 homa,
3685 1948 3762 2005 ut
3799 1936 4201 2010 mentiatur,
4233 1953 4353 1997 nec

2797 2059 2874 2116 ut
2890 2048 3088 2136 filius
3124 2051 3447 2133 hominis,
3502 2058 3578 2115 ut
3615 2056 3941 2114 mutetur.
3999 2042 4248 2133 Supra,
4283 2040 4355 2106 in

2797 2158 2975 2226 l‘sal.
3012 2171 3217 2243 ’xx1x·,
3290 2163 3365 2225 lo
3411 2181 3426 2226 :
3486 2159 3825 2225 Universa?
3882 2155 4008 2220 viee
4066 2149 4356 2218 Domini

2794 2267 3265 2332 misericordia
3328 2275 3391 2331 ct
3456 2266 3730 2331 veritos.
3803 2258 4135 2327 Proverb.
4206 2279 4348 2322 xiv.

2794 2374 2877 2436 22
2926 2395 2940 2438 ε
2992 2373 3471 2440 Misericordia
3528 2381 3590 2437 et
3650 2371 3898 2437 veritas
3950 2373 4355 2458 prwparant

2795 2478 2992 2547 bona.
3028 2480 3136 2557 Et,
3190 2502 3330 2557 xvi,
3378 2482 3417 2546 6
3465 2501 3478 2545 :
3533 2475 4013 2544 Misericordia
4052 2483 4115 2539 ct
4174 2471 4353 2537 veri-

2793 2598 2932 2654 tate
2961 2588 3327 2654 redimitur
3357 2586 3713 2675 iniqnitas.

2885 2721 2918 2760 α
2971 2697 3317 2780 Quoniam
3377 2692 3867 2783 maqnificasti.
3928 2718 3956 2751 n
4031 2687 4158 2754 llic
4213 2696 4344 2753 ter·

2793 2801 2990 2881 tium,
3024 2798 3348 2867 exaltatio
3380 2799 3552 2887 ejuS,
3585 2819 3706 2886 per
3735 2818 3937 2885 quem
3972 2793 4356 2860 misericor·

2794 2907 2904 2975 dia
2961 2914 3028 2973 et
3077 2907 3330 2974 veritas
3387 2904 3564 2972 iacta
3620 2912 3742 2971 est.
3789 2900 3959 2981 Qusi
4015 2898 4272 2967 diceret
4330 2915 4348 2965 ε

2792 3020 2987 3100 Dico,
3044 3017 3228 3109 quod
3285 3015 3665 3085 confitebor
3701 3036 3906 3104 super
3961 3011 4356 3080 misericor-

2794 3128 2900 3196 dia
2941 3135 3006 3196 et
3043 3126 3354 3204 veritate,
3388 3146 3543 3216 quae
3585 3122 3759 3191 facta
3788 3131 3915 3205 est,
3951 3145 3984 3185 α
4019 3119 4353 3212 qnoniam

2792 3236 3261 3326 maqnificasti
3284 3244 3602 3301 sanctum
3631 3241 3856 3311 tuum,
3904 3255 3937 3294 ιο
3969 3226 4346 3302 Christum,

2791 3348 2872 3414 de
2904 3370 3039 3436 quo
3072 3368 3304 3435 supra,
3341 3347 3409 3411 in
3440 3343 3619 3411 l‘sal.
3657 3365 3775 3415 xv,
3819 3344 3894 3408 ¹0
3927 3362 3949 3408 .·
3984 3342 4120 3408 Nec
4150 3337 4350 3404 dahis

2788 3457 3122 3521 Sanctum
3217 3463 3413 3519 tuum
3491 3451 3720 3517 videre
3808 3448 4340 3537 corruptionem.

2790 3586 2823 3625 α
2856 3562 3082 3651 Super
3136 3582 3335 3628 omne
3371 3581 3641 3634 nomen,
3679 3582 3713 3621 ι
3775 3554 3906 3623 hoc
3962 3564 4089 3635 est,
4140 3574 4345 3643 super

2786 3690 3016 3746 omne,
3060 3666 3244 3758 quod
3272 3663 3697 3735 nominabile
3727 3670 4030 3731 creatum
4068 3668 4191 3729 est.
4235 3659 4344 3727 Ad

2785 3773 3038 3865 Philip.
3074 3797 3146 3854 ιι,
3191 3775 3233 3842 9
3269 3797 3285 3842 :
3325 3774 3632 3842 Donavit
3687 3770 3805 3838 illi
3840 3792 4111 3844 nomen,
4157 3765 4350 3859 quod

2785 3892 2884 3950 est
2908 3905 3115 3974 super
3139 3904 3340 3949 omne
3365 3902 3636 3960 nomen,
3671 3889 3748 3947 ut
3776 3879 3849 3945 in
3877 3879 4154 3945 nomine
4179 3877 4345 3943 ,lesu

2785 4013 2984 4059 omne
3016 4013 3197 4083 yenu
3224 3991 3572 4080 flectatur,
3608 3995 3736 4057 etc.
3781 3985 3914 4055 Isa.
3949 4009 4023 4065 n,
4058 3987 4098 4051 2
4134 4007 4150 4051 :
4184 3983 4348 4051 Ele·

2783 4098 3062 4167 rabitur
3094 4120 3304 4190 super
3355 4095 3588 4175 colles,
3657 4104 3723 4163 et
3773 4095 4000 4183 fluent
4036 4091 4136 4159 ad
4187 4113 4343 4158 eum

2780 4224 3010 4270 omnes
3037 4211 3293 4293 qentes.
3347 4199 3458 4284 Et,
3498 4222 3610 4280 Lx,
3658 4200 3736 4266 ¹2
3786 4219 3804 4266 ε
3852 4198 4032 4267 Gens
4070 4203 4134 4262 et
4189 4217 4348 4284 rey-

2780 4333 2975 4390 num,
3044 4308 3236 4401 quod
3285 4331 3421 4376 non
3474 4306 3786 4375 servierit
3841 4303 3995 4383 tibi,
4048 4300 4339 4395 peribit.

2781 4413 3024 4484 matth.
3068 4436 3309 4494 xxvm,
3358 4414 3491 4481 18:
3542 4414 3732 4481 Data
3754 4419 3850 4479 est
3899 4409 4075 4477 milii
4121 4408 4345 4476 omnis

2770 4532 3080 4617 potestas
3108 4523 3181 4590 in
3222 4520 3416 4601 coelo,
3456 4529 3522 4589 et
3549 4520 3622 4586 in
3658 4528 3865 4586 terra.

2874 4867 2907 4906 α
2949 4842 3031 4910 In
3071 4861 3506 4932 quacumque
3532 4836 3666 4907 die.
3700 4862 3729 4899 ι
3771 4836 3901 4905 Hic
3929 4832 4336 4914 secundum,

2785 4953 2851 5019 in
2885 4972 3022 5040 quo
3053 4957 3417 5040 postquam
3446 4932 3763 5039 promisit
3781 4966 3853 5014 se
3873 4943 4337 5024 laudaturum,

2782 5059 2952 5149 petit
2988 5064 3064 5125 ut
3092 5056 3437 5136 exaudiat,
3471 5063 3539 5123 et
3567 5053 3863 5122 fructum
3903 5049 4125 5120 laudis
4171 5047 4346 5119 ass'e-

2785 5173 2939 5234 rat:
2983 5172 3048 5234 et
3103 5165 3425 5233 dicuntur
3477 5161 3639 5230 duo.
3683 5160 3945 5237 Primo,
4006 5166 4206 5249 rogat
4268 5166 4347 5227 ut

2785 5281 3130 5366 petentem
3213 5296 3486 5365 semper
3549 5267 3893 5337 exaudiat.
3994 5267 4341 5349 Secundo,

2787 5380 3128 5473 specificat
3191 5380 3260 5448 in
3328 5402 3468 5472 quo
3552 5376 3721 5445 velit
3796 5375 4133 5456 exaudiri,
4217 5372 4341 5456 ibi,

1128 5487 1358 5557 missa!
1387 5486 1608 5556 laudis
1648 5490 2029 5559 materiam.
2070 5489 2231 5558 naec
2261 5499 2487 5559 autem
2520 5498 2681 5558 sunt
2792 5517 2825 5553 «
2865 5485 3401 5579 Multiplicabis.
3438 5510 3474 5548 n

1126 5594 1286 5663 tria.
1356 5594 1802 5665 peccatorum
1867 5599 2135 5667 vocatio
2199 5597 2284 5666 ad
2337 5601 2678 5689 poeniten-

1132 5704 1324 5773 tiam.
1353 5701 1698 5785 Secundo,
1726 5706 2215 5795 promissorum
2245 5704 2520 5787 solutio,
2553 5706 2672 5792 ibi,

2880 5594 3059 5662 Dicit
3085 5616 3250 5686 ergo
3284 5615 3302 5661 τ
3341 5592 3459 5662 Sic
3492 5591 3822 5683 promitto
3861 5612 3974 5659 me
4021 5587 4348 5657 laudatu-

2791 5726 2970 5782 rum,
3004 5709 3073 5770 et
3118 5724 3314 5793 rogo,
3366 5700 3684 5782 Domine,
3725 5699 3973 5768 exaudi
4020 5717 4156 5776 me,
4204 5719 4345 5766 non
