5008 6329
601 334 730 401 380

600 504 767 571 tiam
799 503 1425 594 impugnationum,
1480 503 1549 568 in
1609 502 1980 572 auferendo
2038 501 2158 569 bo-

600 635 711 680 na.
779 609 1120 688 SecundO,
1181 611 1253 677 in
1311 611 1685 702 infligendo
1755 611 1960 695 mala,
2033 609 2151 688 ibi,

594 726 659 794 δι’.
697 721 735 784 2
782 739 796 783 :
836 744 870 780 α
904 718 1099 808 Saepe
1127 727 1725 809 eoepuqnavcrunt.
1766 743 1801 784 ιι

695 1036 874 1106 Dicit
920 1060 1081 1129 ergo
1117 1057 1134 1105 z
1200 1034 1315 1103 Sic
1353 1032 1813 1103 necessarium
1844 1038 1947 1100 est
1974 1029 2159 1123 quod

262 1173 420 1221 Prima
464 1188 579 1232 pm
609 1148 793 1216 Deus
823 1145 1132 1224 aedificet,
1166 1142 1352 1235 quod
1382 1143 1567 1211 Deus
1598 1148 1983 1224 conservet,
2040 1138 2155 1206 ali-

324 1228 514 1278 Psalmi.

606 1265 708 1324 ter
773 1263 948 1322 stare
987 1274 1127 1320 non
1179 1274 1542 1342 possumus
1586 1272 1602 1318 ε
1659 1258 1893 1318 tamen
1950 1271 2154 1317 nemo

602 1363 911 1451 desperet
940 1361 1007 1427 in
1037 1383 1172 1438 me,
1207 1361 1347 1427 imo
1384 1383 1417 1425 α
1461 1358 1648 1426 dicat
1703 1380 1915 1435 nunc,
1953 1382 1989 1420 ›>
2046 1355 2156 1423 hic

598 1470 669 1536 in
701 1471 1039 1561 praesenti,
1083 1470 1155 1536 in
1184 1469 1415 1536 futuro
1449 1469 1635 1536 enim
1674 1489 1816 1534 non
1865 1466 1993 1533 erit
2030 1488 2152 1534 ne-

597 1600 782 1646 cesse
811 1578 1059 1658 dicere,
1104 1604 1137 1639 «
1210 1573 1457 1655 Israel,
1488 1600 1518 1635 n
1586 1572 1884 1664 populus
1922 1571 2147 1639 Deum

594 1686 833 1755 videns
879 1685 1170 1754 formata
1208 1683 1341 1751 fide
1384 1706 1400 1750 ε
1448 1711 1483 1747 «
1554 1686 2151 1773 Expuqnaverunt

592 1812 723 1869 me,
770 1815 804 1856 ιι
864 1787 1202 1868 diaboluS,
1262 1786 1550 1879 Apocal.
1583 1810 1707 1867 xu,
1764 1788 1804 1854 3
1847 1794 1918 1855 et
1971 1808 2144 1876 seq„

588 1899 811 1968 Draco
859 1897 1211 1991 pugnabat
1257 1906 1495 1965 contra
1551 1894 1910 1963 mulierem
1996 1916 2151 1962 ma-

587 2006 852 2076 sculum
908 2008 1307 2097 parituram.
1371 2003 1609 2072 lPetr.
1660 2026 1729 2081 v,
1766 2004 1807 2070 8
1843 2024 1858 2069 ε
1897 2002 2153 2071 Adver-

584 2115 814 2182 sarius
842 2125 1056 2182 vester
1092 2111 1499 2182 diabolus...
1527 2111 1795 2189 circuit,
1839 2133 2149 2201 quaerens

588 2245 789 2316 quem
831 2223 1123 2291 devoret.
1178 2220 1579 2299 Haereticus,
1625 2218 1875 2288 GeneS.
1908 2240 2055 2302 xxx,
2105 2219 2146 2285 4

589 2342 657 2401 et
692 2355 865 2423 seq..
898 2330 1162 2400 Domus
1206 2328 1409 2410 Loth,
1463 2327 1721 2398 scilicet
1771 2326 2020 2397 Christi
2059 2328 2145 2396 ad

588 2464 716 2509 nos
753 2440 1155 2509 declinantis
1184 2437 1386 2528 (Loth
1416 2437 1601 2508 enim
1657 2437 2143 2528 interpretatur

586 2547 966 2635 declinans)
996 2545 1277 2615 obsessa
1307 2553 1409 2613 est
1451 2567 1492 2613 a
1533 2543 1937 2613 Sodomitis,
1985 2543 2148 2612 11ae-

586 2657 774 2724 retici
836 2653 1210 2723 Sodomitae
1267 2662 1452 2733 sunt,
1503 2659 1741 2721 contra
1825 2660 2143 2721 naturam

585 2771 892 2855 peccant,
942 2761 1055 2831 vel
1102 2761 1434 2840 divinam,
1492 2760 1600 2830 vel
1651 2758 2032 2828 humanam
2075 2762 2146 2828 in

587 2870 882 2940 Christo.
913 2869 1297 2962 Tyrannum,
1329 2868 1486 2947 Job,
1532 2892 1577 2946 1,
1626 2868 1706 2936 17
1753 2889 1770 2938 ε
1836 2868 2149 2938 Chaldaei

586 2982 728 3071 (qui
760 2980 1290 3071 interpretantur
1315 2980 1598 3069 seroces)
1653 2969 1969 3069 fecerunt
2013 2989 2147 3046 tres

586 3097 876 3168 turmas,
919 3095 984 3155 et
1016 3089 1415 3155 invaserunt
1456 3083 1779 3169 camelos,
1848 3083 2145 3154 humiles

583 3198 839 3266 scilicet
894 3205 962 3266 et
1008 3195 1432 3274 obedientes,
1502 3204 1566 3263 et
1630 3195 1943 3264 tulerunt
2007 3218 2139 3263 eos.

586 3304 819 3373 Frater
865 3302 1098 3383 falsus,
1152 3302 1413 3372 Cantic.
1466 3325 1514 3380 1,
1549 3303 1590 3371 5
1635 3324 1651 3369 :
1695 3301 1875 3370 Filii
1901 3303 2148 3370 matris

585 3435 750 3481 meae
770 3419 1259 3504 puqnaverant
1286 3418 1528 3478 contra
1571 3430 1701 3477 me.

676 3519 760 3588 Et
797 3518 930 3589 hoc
960 3544 996 3586 ι
1028 3541 1229 3610 soepe,
1263 3544 1296 3580 »ι
1332 3515 1590 3585 scilicet
1632 3540 1667 3582 α
1701 3538 1746 3584 a
1770 3513 2148 3605 juventute

586 3649 737 3696 mea
769 3650 792 3695 .·
839 3651 873 3692 ιι
915 3648 1001 3696 ex
1030 3647 1168 3718 quo
1208 3626 1394 3694 enim
1423 3623 1628 3715 coepit
1675 3620 2007 3706 Ecclesia,
2057 3620 2141 3691 ab

585 3735 670 3801 iis
709 3741 1003 3825 quatuor
1056 3732 1525 3824 impugnatur.
1585 3729 1878 3810 Quando
1922 3727 2148 3798 adhuc

577 3842 853 3933 juvenis
878 3849 1048 3925 erat,
1080 3840 1337 3911 scilicet
1380 3842 1450 3909 in
1488 3836 1691 3920 Abel,
1739 3836 1902 3922 Job,
1950 3860 2141 3917 xxiv,

593 3949 675 4016 14
729 3970 745 4017 ε
811 3950 1019 4016 Mane
1062 3947 1294 4039 primo
1354 3944 1707 4036 consarqit
1760 3943 2139 4013 homicida.

588 4053 1040 4125 Postmodum
1070 4052 1345 4147 legitur,
1386 4052 1575 4146 quod
1603 4050 1852 4122 ismael
1909 4075 2146 4145 perse-

586 4170 785 4231 cutus
823 4169 923 4229 est
953 4159 1141 4230 Isaac
1169 4159 1219 4244 ¹,
1252 4170 1319 4230 et
1357 4158 1567 4241 Esau,
1625 4157 1842 4228 Jacob
1861 4176 1910 4227 ¹.
1988 4158 2144 4227 Filii

589 4297 862 4367 quoque
902 4271 1110 4342 lsrael
1148 4272 1695 4364 persecutionem
1754 4269 1842 4341 ab
1877 4268 2146 4363 AEgyp·

589 4383 701 4452 tiis
729 4382 908 4474 passi
946 4389 1129 4459 sunt,
1175 4380 1246 4448 in
1274 4388 1542 4450 tantum
1571 4387 1648 4449 ut
1683 4378 1774 4449 ad
1808 4380 2147 4448 amaritu-

588 4491 819 4560 dinem
912 4488 1180 4558 animas
1263 4510 1504 4558 eorum
1615 4495 2073 4580 provocarent
2093 4485 2139 4556 ⁸.

590 4599 880 4690 Propter
967 4597 1102 4667 hoc
1180 4597 1453 4678 dicitur,
1539 4595 1748 4666 Eccli.
1872 4617 1949 4676 11,
2052 4596 2080 4662 l
2121 4613 2139 4663 ε

585 4705 760 4785 Fili,
801 4703 1117 4775 accedens
1144 4704 1243 4772 ad
1263 4705 1657 4773 servitutem
1692 4703 1853 4783 Dei,
1909 4711 2023 4771 sta
2071 4702 2143 4770 in

575 4815 865 4906 justitia
932 4826 997 4884 et
1033 4815 1301 4899 timore,
1333 4824 1398 4884 et
1441 4836 1768 4908 prepara
1831 4813 2144 4883 animam

588 4932 781 4992 tuam
812 4921 912 4991 ad
934 4922 1403 5007 tentationem.

686 5267 721 5305 α
762 5240 959 5335 Saepe
981 5250 1574 5334 espuqnaverunt.
1610 5264 1645 5307 ι
1676 5237 1853 5308 Ecce
1895 5259 2145 5308 secun-

595 5351 782 5419 dum.
825 5349 1036 5431 Quasi
1066 5349 1365 5421 diceret:
1413 5347 1531 5419 Sic
1570 5355 2144 5442 expugnaverunt

666 5621 681 5656 ¹
712 5618 796 5676 Ct'.
829 5619 1041 5674 Genea.
1071 5633 1191 5684 xxi,
1221 5618 1276 5673 9.

658 5713 680 5749 ²
713 5708 965 5778 Ibidem,
994 5720 1165 5772 nvn,
1196 5705 1260 5761 ⁴¹
1295 5708 1357 5763 et.
1382 5721 1510 5779 seq.

1580 332 1666 399 D.
1719 331 1920 400 ALB.
1973 330 2193 400 MAG.

2247 328 2452 397 ORD.
2506 326 2775 394 PRAED
2799 374 2810 400 3

2266 499 2445 566 bona
2476 496 2872 574 auferendo,
2906 502 2974 561 et
3011 495 3215 563 etiam
3253 523 3287 558 «
3335 519 3509 587 saepe
3557 520 3812 589 expuq-

2264 616 2600 676 naverunt
2627 629 2755 686 mc,
2794 631 2826 672 ι)
2861 603 3231 695 infligendo
3272 603 3475 671 mala.
3521 603 3803 694 Apoeal.

2265 738 2383 796 xu,
2420 716 2458 783 3
2510 723 2578 782 et
2612 737 2783 804 seq„
2819 714 3192 804 Postquam
3247 711 3495 780 mulier
3551 715 3809 801 peperit

2266 822 2671 902 masculum,
2712 823 2935 913 statim
2980 845 3137 890 cum
3184 822 3418 912 incipit
3448 819 3697 910 aliquis
3741 821 3810 886 in

2264 936 2489 996 actum
2572 928 2943 1018 producere
3017 926 3275 997 bonum
3351 929 3805 1018 propositum,

2261 1037 2466 1127 coepit
2494 1058 2644 1103 eam
2684 1035 2885 1103 draco
2915 1037 3342 1126 impugnare.
3384 1036 3442 1102 A
3474 1036 3807 1127 principio

2263 1143 2518 1211 dictum
2563 1151 2685 1222 est,
2737 1142 2983 1213 GeneS.
3044 1165 3143 1220 ιιι,
3200 1145 3332 1211 15:
3396 1143 3809 1210 Inimicitias

2251 1274 2514 1345 ponam
2555 1253 2729 1319 inter
2785 1262 2848 1319 te
2895 1261 2958 1319 et
2988 1250 3374 1318 mulierem.
3434 1249 3644 1318 Eccli.
3695 1273 3804 1321 ιιι..

2264 1364 2294 1429 1
2336 1385 2351 1430 :
2402 1366 2666 1453 Juqum
2711 1384 2920 1452 qrave
2964 1384 3170 1452 super
3213 1361 3404 1450 filios
3447 1360 3703 1439 Adam,
3764 1383 3808 1427 a

2261 1470 2373 1536 die
2409 1470 2634 1536 eoeitus
2662 1467 2744 1535 de
2770 1478 2998 1535 ventre
3027 1469 3270 1534 matris
3297 1489 3561 1546 eorum,
3596 1488 3809 1557 usque

2259 1582 2333 1645 in
2372 1578 2550 1645 diem
2579 1576 2949 1669 sepulturae
2990 1578 3064 1644 in
3127 1586 3410 1645 matrem
3467 1577 3798 1644 omnium.

2254 1683 2413 1764 Job,
2455 1707 2578 1764 vu,
2627 1687 2652 1751 1
2695 1706 2711 1752 ε
2753 1684 3020 1753 Militia
3059 1695 3158 1753 est
3185 1686 3327 1752 vita
3365 1684 3664 1753 hominis
3689 1707 3803 1752 su·

2246 1817 2376 1886 per
2403 1805 2680 1861 terram.

2355 2042 2385 2079 α
2427 2015 2701 2083 Etenim
2755 2036 2891 2081 non
2939 2023 3315 2105 potuerunt
3351 2012 3546 2081 mihi.
3618 2012 3800 2082 Prae·

2251 2126 2459 2193 missa
2525 2125 3062 2215 impugnatione,
3133 2125 3441 2215 sequitur
3523 2123 3800 2214 impug-

2250 2232 2564 2300 nantium
2595 2231 2966 2300 frustratio.

2341 2341 2457 2409 Ait
2492 2340 2675 2409 enirn
2733 2361 2750 2407 ε
2815 2340 2930 2408 Sic
2976 2340 3578 2432 impugnaverunt,
3626 2367 3663 2405 α
3694 2349 3800 2407 et-

2251 2450 2456 2529 enim,
2492 2477 2526 2512 »
2569 2448 2687 2518 sed
2720 2474 2754 2515 c
2785 2472 2922 2517 uon
2953 2458 3330 2541 potuerant
3348 2451 3547 2530 mihi,
3577 2475 3611 2516 ιι
3652 2449 3798 2517 Deo

2249 2581 2361 2628 me
2406 2567 2875 2628 conservante.
2935 2558 3143 2626 Eccli.
3199 2581 3295 2642 lv,
3338 2559 3422 2628 33
3481 2554 3510 2627 ἐ
3578 2559 3800 2649 Usque

2250 2667 2348 2736 ad
2382 2679 2666 2737 mortem
2695 2678 2877 2736 certa
2899 2690 3030 2760 pro
3065 2665 3384 2757 justitia,
3443 2677 3509 2737 et
3561 2667 3802 2736 Domi-

2248 2799 2381 2843 nus
2437 2774 2862 2868 expuqtzabit
2916 2775 3230 2844 inimicos
3284 2798 3468 2844 suos.
3532 2774 3793 2843 Cantic.
3925 2769 3930 2774 ’

2249 2906 2396 2963 viu,
2438 2885 2476 2949 '1
2516 2905 2531 2950 ε
2574 2886 2786 2974 Aquae
2849 2882 3088 2950 muuae
3126 2905 3260 2950 non
3282 2892 3662 2975 potuerunt
3690 2906 3802 2950 ex·

2246 2992 2595 3082 stinqucre
2621 2992 3047 3060 charitatem.
3110 2989 3219 3058 Ad
3282 2990 3580 3059 Roman.
3647 3013 3793 3070 vm,

2250 3100 2334 3168 35
2407 3120 2423 3167 ε
2496 3100 2665 3185 Quis
2720 3122 2841 3168 nos
2892 3097 3244 3192 separabit
3345 3123 3389 3168 a
3463 3099 3799 3170 charitate

2252 3207 2510 3276 Christi
2531 3205 2806 3287 PNihil,
2847 3208 2903 3275 si
2935 3207 3282 3278 volumus.
3316 3206 3611 3298 Propter
3666 3206 3799 3277 hoc

2249 3314 2410 3383 dicit
2445 3315 2745 3385 Joannes
2784 3314 3219 3407 quibusdam,
3255 3316 3284 3383 1
3325 3314 3650 3385 Canonic.
3721 3339 3794 3397 ιι,

2253 3425 2333 3491 13
2375 3444 2392 3490 :
2427 3422 2665 3494 Scribo
2694 3422 2904 3501 vobis,
2948 3423 3427 3503 adolescentes,
3468 3426 3797 3516 quoniam

2248 3531 2503 3599 vicistis
2597 3531 3010 3622 maliqnum.
3102 3531 3212 3612 Et,
3302 3531 3510 3623 paulo
3615 3541 3795 3624 post,

2245 3645 2313 3716 ᾗ.
2361 3638 2443 3705 14
2510 3662 2527 3706 ε
2595 3637 2832 3712 Scribo
2863 3637 3082 3716 vobis,
3104 3638 3426 3728 juvenes,
3461 3639 3794 3730 quoniam

2244 3747 2464 3837 sortes
2510 3748 2779 3827 estis,...
2831 3756 2896 3815 et
2924 3747 3182 3815 vicistis
3226 3748 3644 3840 malianum.
3689 3747 3799 3816 Ad

2246 3855 2455 3925 llebr.
2520 3877 2616 3935 xi,
2676 3857 2810 3926 30:
2860 3856 3023 3942 Qui,
3091 3856 3350 3927 scilicet
3403 3859 3647 3937 sancti,
3673 3881 3800 3951 per

2243 3962 2455 4053 fidem
2513 3965 2816 4033 vicerant
2869 3987 3103 4054 reyna.
3158 3963 3306 4033 lmo
3366 3965 3586 4057 magis
3626 3987 3793 4057 aug·

2250 4080 2666 4154 mentantur,
2733 4080 2802 4142 et
2890 4071 3452 4164 multiplicantur.
3549 4071 3790 4141 Matth.

2254 4203 2394 4260 xvt,
2451 4182 2532 4250 18
2575 4202 2591 4248 ε
2649 4182 2748 4249 Et
2793 4188 3013 4272 portae
3050 4180 3260 4271 inseri
3302 4204 3439 4249 non
3466 4180 3799 4274 prevale·

2247 4287 2418 4358 bunt
2445 4288 2766 4358 adversus
2793 4310 2972 4357 eam.

2337 4614 2372 4651 α
2403 4586 2636 4678 Supra
2701 4584 3004 4654 dorsum.
3048 4608 3083 4651 ι
3124 4584 3254 4654 llic
3281 4583 3685 4665 secundum.
3719 4585 3791 4654 in

2247 4713 2383 4784 quo
2457 4689 2805 4783 subjungit
2868 4690 2953 4760 de
3007 4687 3464 4760 fraudulentia
3509 4690 3791 4784 impug-

2245 4801 2584 4869 nantium.

2332 4908 2452 4977 Ait
2516 4908 2698 4977 enim
2769 4928 2786 4974 ε
2852 4905 2967 4976 Sic
3021 4908 3601 4999 impugnaverunt
3675 4928 3788 4976 me

2246 5018 2660 5108 frequenter,
2693 5016 3268 5108 impugnaverunt
3295 5024 3362 5086 et
3393 5014 3794 5084 fraudulen-
3860 5014 3868 5022 '

2246 5133 2370 5205 ter,
2432 5125 2591 5217 quia
2632 5150 2664 5190 c
2727 5132 3108 5217 peccatores
3161 5122 3703 5214 fabricaverunt,
3746 5150 3779 5187 ιο

2245 5256 2385 5302 non
2448 5231 2535 5301 ab
2590 5242 2772 5317 ante,
2848 5229 2968 5300 sed
3028 5255 3064 5297 ι
3124 5254 3338 5325 supra
3404 5231 3713 5312 dorsum,
3750 5256 3785 5299 ι

2247 5348 2595 5434 tamquam
2648 5363 2689 5409 a
2749 5336 3136 5431 posteriori,
3195 5345 3262 5407 et
3323 5338 3617 5408 latenter
3679 5361 3790 5409 me

2314 5607 2338 5645 ²
2368 5602 2553 5665 Exod.
2586 5624 2647 5679 ιι,
2674 5603 2745 5662 2³
2777 5610 2837 5663 et
2860 5619 2987 5678 seq.
