5008 6329
2017 312 2730 383 COMMENTARIUS
2778 311 2872 378 ΙΝ
2921 309 3357 379 PSALMUM
3409 309 3585 378 clv.
4331 314 4413 378 65

1281 518 1315 558 α
1346 495 1444 558 Et
1483 492 1554 557 in
1587 490 1959 580 prophetis.
2000 515 2032 555 ιι
2102 489 2274 560 Ecce
2344 490 2746 567 secundum,

1186 600 1259 666 in
1297 621 1436 687 quo
1477 595 1750 665 cohibet
1780 596 2125 666 affectum.
2197 597 2409 679 Quasi
2441 597 2693 664 diceret
2726 617 2741 660 ε

1191 704 1304 772 Sic
1335 703 1544 772 nolite
1576 712 1853 794 tangere
1883 704 2192 773 nocendo
2227 706 2297 772 in
2338 703 2583 771 effectu
2619 728 2633 767 :
2682 706 2749 768 et

1188 813 1393 880 etiam
1444 838 1479 875 α
1511 811 1726 879 nolite
1772 814 2181 902 malignari,
2214 838 2245 876 ι)
2310 813 2379 877 in
2437 810 2746 903 interiori

1189 920 1462 1000 affectu,
1491 943 1526 985 ι
1560 920 1631 987 in
1649 921 2009 1013 prophetis
2032 921 2222 1000 meis,
2261 943 2293 982 ι
2331 916 2399 984 id
2430 922 2554 995 est,
2590 938 2748 983 con-

1185 1037 1293 1096 tra
1320 1025 1699 1119 Prophetas
1737 1051 1955 1107 mem,
1990 1025 2245 1094 scilicet
2264 1023 2698 1093 Patriarchas
2730 1046 2744 1091 :

1186 1143 1380 1204 erant
1410 1136 1593 1203 enim
1624 1134 1993 1226 prophetae.
2033 1131 2275 1200 Genes.
2314 1155 2430 1210 xx,
2475 1131 2516 1199 6
2548 1138 2615 1200 et
2652 1130 2691 1198 7
2728 1153 2744 1199 :

1188 1245 1342 1312 Non
1379 1244 1617 1311 dimisi
1647 1253 1725 1311 ut
1770 1253 2080 1331 tauqeres
2128 1263 2304 1320 eam,
2344 1238 2589 1308 Saram
2626 1239 2750 1307 sci-

1190 1351 1373 1433 licet,
1413 1374 1595 1418 nunc
1632 1372 1791 1439 erqo
1840 1348 2045 1415 redde
2074 1349 2219 1415 viro
2266 1371 2393 1416 suo
2434 1370 2743 1426 uaeorem,

1191 1464 1357 1553 quia
1416 1461 1754 1552 propheta
1821 1467 1916 1524 est
1977 1481 1992 1525 ε
2054 1466 2117 1525 et
2184 1457 2411 1525 orabit
2456 1478 2586 1547 pro
2658 1466 2741 1521 te.

1191 1571 1436 1637 Nonne
1511 1565 1947 1657 prophetavit
1995 1566 2077 1634 de
2136 1565 2433 1647 Christo,
2498 1563 2744 1631 GeneS.

1191 1698 1380 1750 xxiv,
1415 1677 1481 1751 2,
1526 1673 1809 1763 quando·
1831 1673 2001 1740 dixit
2038 1670 2295 1740 famulo
2336 1692 2462 1738 suo
2511 1692 2526 1736 ε
2559 1672 2750 1737 Pone

1198 1805 1481 1851 manum
1531 1791 1725 1849 tuam
1789 1780 2024 1849 subter
2067 1782 2303 1869 semar
2367 1799 2622 1857 meum,
2673 1784 2749 1842 ut

1195 1891 1520 1983 adjurem
1559 1900 1623 1957 te
1643 1912 1771 1980 per
1804 1888 2212 1969 Dominum,
2248 1884 2425 1954 etc.?

844 2002 1165 2114 32⁰3?ssssss
1281 2000 1533 2071 Christi
1571 2007 1829 2076 autem,
1856 1997 2042 2065 uncti
2081 1996 2338 2064 scilicet
2372 2000 2535 2061 sunt
2572 1993 2752 2062 Prae·

845 2111 1162 2212 ’kmffiffi
1193 2113 1337 2191 lati,
1371 2110 1668 2178 maxime
1719 2107 2034 2198 Episcopi
2083 2111 2151 2174 et
2177 2102 2589 2181 sacerdotes»,
2633 2104 2751 2193 qui

885 2178 1115 2318 ggfflffi
1194 2217 1381 2288 nulla
1430 2218 1691 2285 ratione
1750 2223 1909 2282 sunt
1973 2211 2326 2304 tangendi.
2396 2210 2536 2302 Ipsi
2594 2215 2753 2279 sunt

921 2328 1081 2385 ‘⁸⁰⁸⁶'
1190 2326 1439 2418 quibus
1497 2323 1668 2392 dixit
1723 2319 2084 2399 Dominus,
2159 2317 2440 2388 Zachar.
2510 2342 2584 2400 11,
2643 2318 2685 2387 8
2732 2342 2748 2386 2

1194 2433 1332 2517 Qui
1376 2432 1675 2522 tetiqerit
1731 2452 1869 2509 cos,
1913 2428 2140 2518 tanqit
2188 2424 2551 2518 pupillam
2596 2447 2756 2494 ocu-

1164 2533 1250 2607 'ti
1303 2541 1459 2608 mei.
1523 2537 1744 2628 meg.
1796 2560 1983 2621 xxvi,
2035 2537 2076 2604 9
2120 2555 2136 2603 t
2195 2536 2367 2620 Quis
2440 2533 2753 2602 attendet

1191 2672 1477 2718 manum
1544 2670 1746 2715 suam
1814 2648 1883 2713 in
1932 2646 2265 2714 christum
2325 2644 2638 2724 Domini,
2689 2652 2755 2711 et

1189 2761 1506 2826 innocens
1578 2752 1777 2822 erit?
1841 2751 2053 2832 Quasi
2110 2749 2410 2820 diceret:
2474 2748 2748 2820 Nullus.

1186 2865 1590 2955 Tanguntur
1626 2869 1857 2929 autem
1886 2863 1926 2927 a
1953 2858 2287 2951 tyrannis,
2331 2859 2400 2926 in
2443 2858 2751 2949 personis

1189 2968 1588 3063 aliquando,
1622 2966 1809 3062 quod
1845 2965 2117 3036 crudele
2146 2974 2249 3035 est
2287 2974 2354 3035 et
2392 2963 2746 3044 horribile.

1186 3077 1247 3147 11
1283 3076 1452 3168 Reg.
1489 3099 1537 3157 ι,
1584 3077 1716 3145 14:
1765 3078 1995 3161 Quare
2047 3096 2185 3141 non
2242 3072 2541 3141 timuisti
2586 3073 2746 3141 mit-

1188 3196 1326 3254 tere
1370 3205 1657 3252 manum
1708 3192 1901 3250 tuam
1935 3190 2012 3248 ut
2040 3179 2370 3249 occideres
2415 3179 2747 3248 christum

1188 3294 1475 3362 Domini
1498 3290 1540 3360 Ρ
1564 3291 1967 3382 'l'anguntur
1996 3290 2201 3357 etiam
2244 3289 2314 3356 in
2334 3287 2538 3357 rebus
2576 3292 2745 3372 suis,

1183 3399 1344 3481 Job,
1391 3423 1433 3485 ι,
1476 3402 1554 3467 tu
1600 3421 1616 3466 ε
1661 3398 1851 3488 tynis
1917 3398 2047 3467 Dei
2100 3396 2342 3464 cecidit
2378 3418 2414 3462 e
2458 3396 2650 3479 coelo,
2682 3405 2748 3465 et

1185 3518 1405 3577 tactas
1435 3530 1587 3575 ooes
1639 3528 2029 3599 puerosque
2090 3504 2535 3597 consumpsit.
2575 3503 2749 3572 Tan·

1184 3626 1441 3710 guntur
1497 3616 1702 3684 etiarn
1761 3614 2068 3682 debitum
2124 3621 2744 3683 sustentamentum

1183 3750 1324 3797 non
1355 3724 1748 3818 praebendo,
1808 3724 1879 3793 in
1942 3745 2081 3815 quo
2119 3746 2191 3792 se
2243 3722 2509 3791 fortiter
2557 3724 2742 3814 tangi

1183 3833 1628 3925 conqueritur
1658 3830 2022 3910 Dominus,
2058 3827 2350 3898 Malach.
2395 3852 2491 3908 ιιι.
2535 3830 2577 3898 8
2611 3850 2627 3897 ε
2662 3830 2745 3899 Si

1184 3943 1433 4032 asfiqet
1450 3941 1653 4008 homo
1676 3941 1928 4019 Deum,
1948 3938 2117 4029 quia
2140 3960 2277 4017 vos,
2300 3934 2557 4006 scilicet
2575 3958 2743 4029 gens

1183 4058 1353 4129 tota,
1390 4048 1739 4139 confiqitis
1770 4070 1876 4114 me
1899 4044 1941 4114 ?
1989 4047 2085 4115 Et
2125 4046 2405 4114 dixistis
2437 4066 2453 4112 ε
2489 4046 2571 4115 In
2605 4068 2741 4138 quo

1182 4156 1596 4245 conficimus
1623 4164 1689 4222 te
1712 4155 1754 4221 :²
1780 4155 1863 4222 In
1885 4152 2168 4220 decimis
2185 4161 2248 4219 et
2280 4151 2349 4219 in
2373 4151 2737 4244 primitiis,

1182 4287 1354 4358 quas
1383 4285 1522 4356 non
1552 4259 1843 4330 solvitis.
1915 4258 2276 4351 Propheta}
2319 4266 2552 4328 autem
2583 4267 2742 4329 sunt

1181 4369 1515 4440 Doctores
1540 4378 1779 4438 contra
1808 4389 1984 4459 quos
2020 4388 2160 4435 non
2216 4373 2317 4435 est
2349 4365 2742 4458 malignan-

1182 4480 1347 4550 dum
1380 4491 1426 4548 ¹.
1484 4477 1734 4570 Supra,
1793 4477 1864 4546 in
1930 4474 2115 4545 Psal.
2173 4498 2411 4556 xxxvi,
2443 4477 2485 4543 9
2531 4498 2548 4546 ε
2601 4477 2741 4563 Qui

1184 4586 1693 4677 utaliquantur‚
1734 4580 2403 4652 exterminabuntur.

1275 4940 1310 4979 ι
1341 4913 1438 4982 ΕΙ
1467 4911 1729 4982 vocavit
1755 4913 2042 5001 samem.
2082 4939 2116 4973 t>
2165 4907 2294 4978 llic
2328 4905 2734 4977 secundum.

2858 485 3194 567 Secund0,
3218 485 3547 574 protectio
3572 485 3642 551 in
3665 483 4019 562 descensu,
4040 481 4160 566 ibi,
4185 491 4248 558 5.
4283 482 4359 550 17
4391 505 4405 547 :

2858 623 2890 658 «
2932 595 3128 661 Misit
3158 604 3316 661 ante
3362 617 3496 661 eos.
3545 620 3577 655 »
3646 592 3897 670 Terti0‚
3961 593 4306 682 ingressus
4338 589 4412 656 il-

2855 700 3102 779 lorum,
3139 699 3255 778 ibi,
3291 709 3352 777 ᾗ.
3391 702 3475 769 23
3521 722 3536 768 2
3575 727 3609 764 «
3641 703 3739 767 Et
3770 700 4053 766 intravit
4092 699 4333 765 Israel.
4370 724 4397 760 η

2945 810 3021 877 In
3079 812 3298 900 prima
3364 809 3500 877 duo
3579 808 3922 877 dicuntur.
4001 807 4408 876 Provocatio

2854 918 3036 986 enim
3070 917 3341 985 illorum
3384 917 3471 983 ad
3526 916 3928 984 descensum
3975 913 4125 981 fuit.
4173 913 4408 981 Primo

2854 1048 3015 1116 ergo
3057 1025 3359 1115 tangitur
3419 1023 3751 1090 immissio
3783 1022 4005 1092 famis,
4062 1021 4434 1101 SecundO.

2854 1156 3058 1202 causa
3098 1143 3166 1201 et
3213 1132 3485 1213 moduS,
3531 1155 3668 1223 quo
3708 1139 3811 1200 est
3840 1131 4147 1199 immissa
4196 1130 4409 1199 fames

2853 1241 2993 1323 illa,
3028 1240 3147 1319 ibi,
3186 1268 3219 1303 α
3243 1244 3350 1309 Εἰ
3378 1263 3575 1308 omne
3609 1240 4154 1328 firmamentum.
4189 1265 4219 1302 ιι

2941 1348 3121 1416 Dicit
3149 1370 3362 1440 ergo:
3412 1347 3526 1416 Sic
3573 1348 3874 1416 servavit
3927 1369 4069 1426 eos,
4132 1353 4199 1416 et
4248 1368 4421 1437 pro-¹

2855 1457 3046 1539 texit,
3079 1464 3149 1525 et
3182 1463 3339 1546 post
3368 1455 3501 1524 hoc
3535 1483 3570 1521 «
3605 1456 3865 1524 vocavit
3904 1457 4168 1545 famem
4205 1478 4412 1547 super

2855 1573 3132 1641 terram,
3186 1590 3221 1627 n
3284 1564 3352 1630 id
3400 1571 3522 1641 est,
3586 1585 3666 1631 ac
3710 1563 3768 1630 si
3822 1572 4133 1631 vocasset
4178 1561 4425 1629 venire

2853 1671 3030 1739 fecit.
3077 1671 3227 1749 Vel,
3309 1695 3556 1741 vocare
3608 1672 3856 1740 dicitur
3905 1670 4186 1756 famem,
4249 1674 4408 1762 quia
4489 1682 4701 1736 Qun-liter

4440 1735 4566 1782 Deus
4583 1737 4753 1781 immit-

2853 1786 3053 1847 vocat
3080 1779 3384 1870 Angelos
3413 1779 3660 1864 malm,
3694 1802 3817 1871 per
3844 1802 4018 1870 quos
4041 1780 4168 1846 ista
4206 1778 4402 1858 fiunt,
4435 1791 4522 1889 titm
4510 1790 4701 1890 1:322
4705 1791 4754 1890 {a

2754 1913 2757 1916 ’
2852 1887 3304 1978 permittendo
3347 1896 3422 1956 ut
3466 1887 3737 1956 faciant.
3811 1887 4217 1969 Genes.·x11,
4270 1888 4352 1954 10
4388 1908 4410 1952 ε·

2854 1998 3070 2064 Facta
3100 2006 3198 2064 est
3224 1998 3453 2087 sames
3474 1997 3546 2064 in
3567 1996 4041 2076 terra‚scilicet
4059 1994 4406 2082 Chanaan.

2856 2103 2941 2171 Et
2996 2106 3268 2188 iterum,
3321 2103 3568 2173 Genes.
3630 2124 3768 2185 xm,
3828 2104 3914 2171 56
3986 2126 4001 2170 ε
4069 2102 4414 2173 Crescebat

2856 2214 3161 2305 quotidie
3204 2216 3433 2303 sames
3472 2214 3543 2280 in
3592 2214 3783 2282 omni
3828 2224 4034 2281 terra.

2953 2348 2987 2382 κ
3014 2320 3110 2388 Et
3138 2342 3336 2388 omne
3370 2321 3912 2409 firmamentum.
3941 2345 3976 2386 »
4012 2318 4185 2389 Ecce
4214 2342 4420 2388 causa

2861 2428 3084 2510 famis,
3127 2434 3193 2495 et
3248 2428 3447 2496 ratio.
3507 2425 3719 2507 Quasi
3763 2426 4019 2495 diceret
4062 2449 4077 2493 :
4136 2426 4414 2495 Famem

2857 2534 3153 2615 vocavit,
3193 2563 3226 2597 «
3267 2544 3356 2614 et,
3395 2559 3427 2599 ιι
3485 2533 3553 2601 id
3582 2540 3710 2614 est,
3745 2534 3930 2625 quia,
3986 2563 4020 2597 κ
4059 2556 4257 2603 omne
4280 2535 4416 2622 fir-

2859 2654 3309 2724 mamentum,
3343 2672 3375 2705 ιο
3445 2666 3651 2713 omne
3709 2642 3941 2726 robur,
4007 2652 4075 2712 et
4134 2666 4412 2712 omnem

2855 2753 3353 2833 fortitudinem,
3401 2779 3435 2820 ι
3470 2753 3681 2846 panis
3699 2753 4043 2822 contrivit.
4081 2778 4115 2815 ιι
4160 2753 4408 2823 GeneS.

2856 2884 3060 2943 nvn,
3102 2860 3180 2929 13
3216 2884 3232 2930 2
3266 2863 3348 2929 Iu
3391 2869 3532 2928 toto
3588 2860 3749 2929 orbe
3796 2862 4005 2952 panis
4062 2861 4319 2944 deerat,
4350 2871 4416 2929 et

2856 2977 3281 3062 oppresserat
3372 2971 3598 3060 sames
3725 2977 4008 3048 terram,
4111 2970 4415 3038 maxime

2855 3078 3160 3170 AEqypti
3217 3085 3282 3145 et
3333 3076 3699 3147 Chanaan.
3780 3075 4203 3168 Implebatur
4252 3084 4415 3145 tunc

2856 3185 3040 3276 quod
3069 3192 3308 3275 postea
3334 3184 3797 3254 comminatus
3818 3192 3918 3252 est
3946 3207 4070 3277 per
4095 3184 4408 3277 Moysen.

2856 3295 3068 3365 Levit.
3098 3318 3287 3381 xxvi,
3309 3298 3395 3365 25
3418 3304 3483 3365 et
3505 3298 3624 3365 26:
3651 3297 3712 3366 T
3703 3295 4047 3365 rademini
4067 3298 4139 3364 in
4165 3320 4414 3365 manus

2851 3408 3176 3489 hostium,
3221 3417 3594 3500 postquam
3646 3410 4044 3500 confreqero
4084 3408 4409 3478 baculum

2845 3517 3053 3608 panis
3089 3516 3294 3584 vestri
3330 3539 3355 3584 .·
3398 3516 3497 3583 ita
3553 3525 3630 3583 ut
3687 3514 3912 3584 decem
3957 3516 4282 3586 mulieres
4337 3519 4407 3585 in

2852 3649 2989 3694 uno
3015 3625 3291 3694 clibano
3319 3634 3624 3718 coquant
3643 3649 3973 3719 panes,...
4005 3637 4072 3694 et
4118 3651 4253 3697 uon
4289 3652 4411 3694 sa-

2849 3731 3280 3802 turabimini.
3352 3731 3487 3802 lsa.
3548 3755 3648 3813 ιιι,
3689 3734 3713 3801 1
3768 3756 3785 3801 :
3832 3734 4123 3824 Auferet
4168 3736 4413 3804 Domi·-

2848 3863 2979 3908 uus
3006 3864 3050 3908 a
3111 3839 3502 3910 Jerusalem
3549 3850 3614 3909 et
3660 3864 3707 3909 a
3739 3841 3941 3910 Iuda·
3973 3864 4174 3910 omne
4199 3840 4411 3912 robur

2842 3948 3076 4039 panis,
3149 3957 3215 4015 et
3279 3970 3482 4017 omne
3527 3945 3742 4017 robur
3796 3971 4019 4040 aquae.
4089 3948 4206 4019 Sic
4259 3949 4410 4018 Do-

2849 4055 3076 4124 minus
3145 4055 3397 4124 t'amem
3469 4055 3893 4146 spiritualem
3960 4057 4271 4126 immittit
4335 4058 4405 4127 in

2848 4162 3207 4232 mundum.
3249 4162 3493 4239 Amos.
3555 4184 3703 4244 vm,
3761 4166 3834 4233 11
3875 4183 3894 4233 2
3945 4166 4229 4234 Mittam
4277 4167 4403 4256 sa-

2846 4295 3023 4340 mem
3062 4273 3133 4339 ιἰι
3164 4279 3448 4352 terram,
3500 4294 3638 4341 non
3691 4274 3954 4363 samem
4004 4276 4242 4368 panis,
4284 4300 4403 4346 nec

2842 4378 3032 4445 sitim
3081 4400 3307 4470 aque,
3362 4377 3489 4445 sed
3547 4377 3885 4448 audiendi
3934 4378 4216 4450 verbum
4266 4385 4405 4451 Do-

2848 4490 3043 4558 mini.
3098 4488 3387 4569 Deinde,
3433 4490 3754 4580 justitiae.
3811 4490 3894 4560 de
3951 4514 4089 4583 qua
4154 4490 4398 4562 Matth.

2845 4620 2915 4674 v,
2957 4597 2999 4663 6
3041 4617 3060 4665 ε
3100 4597 3305 4664 Beati
3347 4596 3475 4689 qui
3527 4598 3837 4666 esuriunt
3864 4605 3931 4666 et
3972 4597 4221 4666 sitiunt
4265 4597 4404 4688 ju-

2844 4704 3137 4774 stitiam.
3179 4701 3436 4783 Tertio,
3478 4702 3934 4783 eucharistiae.
3979 4701 4140 4786 tob,
4181 4727 4252 4786 v,
4294 4707 4336 4775 5
4377 4727 4396 4775 ε

2848 4810 3072 4902 Cujus
3134 4834 3417 4881 messem
3460 4811 3799 4904 famelius
3860 4811 4187 4895 comedet,
4239 4816 4401 4908 quia

2843 4921 2977 4992 Isa.
3022 4946 3205 5002 tvm,
3257 4923 3327 5005 7,
3386 4922 3686 4994 dicitur:
3743 4925 4023 5016 Franqe
4075 4925 4405 4996 esurienti

1181 5019 1561 5112 Postquam
1601 5018 1783 5087 enim
1817 5015 2111 5087 ostendit
2151 5015 2596 5107 protectionis
2623 5016 2739 5085 be·
2830 5051 3088 5124 panem
3126 5038 3353 5099 tuum,
3385 5028 3675 5114 Quarto,
3707 5028 4089 5101 dulcedini.
4121 5031 4398 5114 divium,

1180 5128 1527 5206 neticium,
1615 5136 1772 5195 ante
1860 5124 2261 5194 descensum
2346 5123 2585 5216 populi
2665 5126 2736 5193 in

1179 5234 1589 5328 AEgyptum.
1620 5232 1732 5302 hic
1761 5233 1979 5323 tangit
2022 5230 2432 5300 beneficium
2473 5229 2738 5300 exhibi-

1178 5351 1326 5411 tum
1361 5343 1429 5410 in
1465 5342 1798 5410 descensu
1838 5363 1856 5406 t
1889 5348 1957 5408 et
1993 5346 2371 5429 tanguntur
2397 5341 2551 5408 tria.
2582 5339 2737 5407 Pri-

1180 5474 1321 5528 mo,
1381 5451 1781 5542 provocatio
1822 5451 2125 5541 ipsorum
2176 5447 2262 5518 ad
2302 5447 2728 5518 descensum.

1253 5673 1284 5747 *ι
1304 5667 1391 5726 Ci.
1420 5667 1445 5724 1
1473 5666 1549 5724 ad
1583 5665 1852 5724 Corinth.
1893 5682 2010 5738 xiv,
2040 5665 2283 5740 passim.

1368 5800 1489 5846 &Vn

2844 5137 3052 5207 Eccii.
3085 5158 3275 5220 xxiv,
3318 5139 3456 5207 29:
3523 5139 3665 5225 Qui
3710 5138 3924 5208 edunt
3980 5162 4112 5219 me.
4172 5140 4401 5210 adhuc

2843 5245 3164 5315 esurient.
3214 5243 3302 5313 Et
3357 5244 3632 5324 ultimo,
3694 5244 3934 5316 salutis
3981 5247 4396 5319 animarum.

2843 5349 2922 5419 ln
2978 5349 3158 5420 Psai.
3231 5374 3392 5430 mut,
3434 5353 3475 5418 ‘1
3519 5372 3537 5421 τ
3590 5353 3872 5420 Famem
3913 5353 4278 5446 patientur
4325 5364 4401 5422 ut

2842 5479 3065 5535 canes,
3097 5464 3162 5525 et
3187 5456 3580 5526 circuibunt
3608 5456 3979 5528 civitatem.
