5008 6329
412 1584 588 1651 m?

688 322 816 389 300

688 505 831 560 tum
872 497 1057 586 quod
1079 497 1353 585 sprevit,
1397 507 1460 562 et
1488 497 1717 585 soedus
1755 499 1944 589 quod
1963 521 2226 588 praeva-

686 602 940 669 ricatus
967 613 1086 681 est,
1103 625 1358 690 ponam
1393 606 1460 669 in
1483 617 1691 694 caput
1731 606 1908 693 ejus.
1946 604 2228 693 Oportet

685 730 846 797 ergo
886 708 1220 775 custodire
1253 712 1523 799 quando
1555 713 2025 799 juramentum
2096 719 2221 795 est,

685 814 979 881 maxime
1038 816 1382 905 «judicia
1436 818 1840 905 justitiae.»
1902 817 2033 885 Isa.
2088 842 2220 899 m,

690 922 763 985 1:
813 922 1162 990 Custodite
1177 923 1563 1011 judicium,
1628 934 1690 990 et
1743 925 1956 1013 facite
1997 925 2224 1013 justi-

687 1034 877 1099 tiam.
913 1032 1116 1102 Eccli.
1152 1056 1364 1110 xxxii,
1391 1036 1473 1099 20
1503 1056 1516 1099 ;
1551 1035 1689 1118 Qui
1717 1035 1956 1101 timent
1974 1038 2225 1103 Domi-

681 1162 847 1206 num
879 1142 1213 1207 invenient
1251 1138 1610 1227 judicium
1629 1141 1936 1230 justum,
1995 1153 2059 1209 et
2082 1142 2222 1231 ju-

679 1249 943 1316 stitiam
974 1249 1172 1337 quasi
1213 1248 1440 1315 lumen
1472 1250 1855 1317 accendent.

777 1592 810 1633 α
850 1568 1279 1635 Humiliutus
1331 1589 1510 1633 sum.
1558 1594 1592 1629 ›>
1627 1566 1756 1633 Hic
1811 1575 1911 1633 est
1943 1569 2216 1634 tertium

687 1679 890 1745 totius
946 1677 1297 1756 octonarii,
1343 1677 1409 1741 in
1462 1698 1596 1765 quo
1647 1676 1947 1765 tangitur
1990 1675 2220 1765 prosc-

682 1793 826 1853 ctus
863 1806 1150 1874 sequens
1178 1805 1260 1850 ex
1301 1783 1468 1871 legis
1509 1781 1864 1850 dilectione
1901 1805 1916 1849 :
1961 1792 2027 1850 et
2063 1791 2219 1851 tan-

682 1900 935 1983 guntur
972 1915 1087 1959 sex
1151 1890 1421 1976 gradus.
1489 1890 1784 1969 PrimuS,
1845 1889 2215 1959 voluntatis

683 1997 1084 2066 humiliatio.
1116 1998 1492 2080 Secundus,
1526 1997 1774 2065 devota
1798 1998 1935 2064 oris
1960 1996 2213 2065 locutio

674 2105 1079 2185 voluntaria,
1133 2105 1251 2187 ibi,
1309 2112 1373 2181 ᾗ.
1421 2106 1546 2172 108
1611 2127 1627 2172 :
1703 2133 1734 2167 «
1808 2105 2213 2174 Voluntaria

671 2216 808 2281 oris
861 2214 1015 2279 mei.
1087 2238 1121 2278 n
1175 2213 1460 2288 Tertiu5‚
1504 2211 1858 2302 diligentia
1905 2212 1973 2278 in
2031 2210 2212 2278 bona

669 2323 1084 2413 operatione,
1170 2320 1286 2399 ibi,
1381 2329 1443 2397 5.
1531 2321 1654 2387 109
1725 2340 1741 2388 ε
1835 2348 1867 2382 «
1954 2322 2209 2389 Anima

668 2453 841 2500 mea.
897 2457 930 2493 a»
1000 2432 1316 2509 Quartus,
1388 2427 1746 2519 prudentia
1798 2428 1867 2494 in
1915 2428 2209 2496 adversi-

669 2547 826 2616 tate,
870 2537 988 2618 ibi,
1029 2547 1091 2614 ς.
1147 2540 1267 2605 110
1323 2560 1337 2607 ε
1398 2563 1431 2603 ιι
1493 2540 1882 2605 l’osuerunt
1903 2548 2209 2628 peceato-

666 2668 792 2712 res.
828 2672 861 2708 »
923 2644 1240 2725 Quintum,
1302 2644 1530 2711 laetitia
1604 2644 1672 2710 in
1738 2642 2200 2721 tribulatione,

666 2753 781 2834 ibi,
850 2762 911 2829 5.
965 2755 1074 2819 111
1131 2777 1145 2821 :
1192 2782 1226 2817 ι(
1276 2752 1693 2820 llsereditate
1741 2754 2099 2843 acquisivi.
2167 2779 2200 2818 »

667 2864 933 2941 Sextus,
989 2863 1448 2955 promptitudo
1497 2865 2043 2956 perseverantiae,
2083 2864 2200 2944 ibi,

659 2980 723 3049 5.
765 2974 934 3040 112:
973 3001 1002 3033 n
1046 2972 1413 3040 Inclinat-it
1440 2994 1557 3038 cor
1607 2994 1859 3040 meum.
1906 2996 1939 3036 n

749 3080 823 3147 ln
857 3081 1070 3171 prima
1103 3080 1259 3148 «luo.
1297 3078 1552 3155 Primo,
1589 3080 1826 3147 asserit
1855 3103 1927 3149 se
1968 3078 2203 3147 humi-

660 3190 922 3260 liatum.
960 3189 1298 3264 Secundo,
1358 3193 1520 3280 petit
1571 3190 1898 3257 vivificari
1957 3213 2203 3258 secun-

661 3297 822 3365 dum
877 3297 1186 3368 verbum.
1251 3320 1334 3364 ne
1397 3298 1570 3364 forte
1636 3297 1751 3364 illa
1818 3297 2200 3366 humiliatio

660 3405 877 3472 inanis
906 3405 1016 3479 sit.
1048 3403 1163 3476 ihi.
1201 3433 1234 3467 α
1276 3405 1550 3493 l'ivifica
1580 3429 1709 3473 me.
1742 3428 1777 3469 i·

747 3510 924 3579 Dicit
961 3533 1123 3599 ergo
1168 3534 1183 3578 ε
1239 3513 1350 3578 Sic
1390 3511 1651 3579 fortiter
1703 3513 2026 3602 proposui
2076 3512 2201 3581 ad-

658 3618 938 3702 haercre,
970 3628 1316 3710 tamquam
1348 3627 1614 3685 amator
1641 3641 1844 3686 verus
1874 3618 2005 3710 legi
2037 3627 2195 3700 tuoe,

659 3735 725 3796 et
753 3749 874 3818 per
920 3725 1130 3805 illam,
1173 3753 1205 3791 ι
1248 3726 1665 3794 lmmiliatus
1698 3749 1881 3803 sum,
1930 3753 1963 3789 n
2024 3729 2189 3803 otu,

662 3860 695 3900 ι
729 3835 1021 3902 Domine
1066 3856 1082 3901 ε
1122 3860 1154 3896 n
1196 3842 1263 3901 et
1309 3832 1465 3912 hoc,
1524 3861 1558 3898 α
1601 3856 2112 3925 usquequaque,
2161 3861 2193 3897 n

658 3940 728 4009 id
765 3951 888 4019 est,
926 3967 959 4007 ιι
1028 3964 1242 4032 usque
1298 3939 1521 4018 valde,
1591 3969 1625 4003 ι»
1692 3948 1768 4009 ut
1821 3938 2026 4009 habet
2064 3941 2197 4009 alia

657 4048 900 4129 littera,
962 4071 1100 4117 non
1156 4050 1328 4116 sicut
1367 4047 1462 4115 illi
1530 4047 1612 4117 de
1668 4048 1941 4139 quibus,
1987 4048 2191 4118 Bccli.

655 4179 796 4236 xix,
829 4158 914 4224 23
949 4177 966 4226 :
1001 4159 1127 4225 Est
1163 4159 1285 4247 qui
1330 4157 1639 4247 nequiter
1691 4156 2025 4224 humiliat
2097 4180 2193 4237 se,

658 4264 983 4330 interiora
1028 4274 1253 4331 autem
1310 4263 1466 4352 ejus
1511 4263 1725 4354 plena
1779 4272 1942 4331 suut
2005 4263 2190 4330 dolo.

659 4368 793 4438 Sed
836 4371 1009 4439 sicut
1055 4370 1166 4439 ille
1214 4371 1329 4462 qui
1387 4370 1680 4451 dicebat,
1749 4367 1807 4435 11
1869 4369 2037 4460 neg.
2097 4394 2189 4449 vi,

656 4479 743 4545 22
789 4497 807 4545 t
861 4475 1154 4554 Luciam,
1188 4488 1253 4545 et
1284 4478 1700 4566 viliorfiam.
1735 4474 1970 4547 Il‘etr.
2001 4500 2072 4552 v,
2108 4480 2189 4546 6:

653 4585 1150 4655 Ilumiliamini
1207 4585 1335 4653 sub
1400 4585 1673 4679 potenti
1749 4607 1962 4653 mauu
2038 4587 2191 4664 Dei,

655 4701 1277 4785 quantumcumque
1350 4695 1521 4761 sitis,
1600 4691 1807 4761 Eccli.
1860 4715 1956 4772 ιιι,
2014 4694 2101 4760 20
2173 4717 2188 4762 :

657 4805 928 4887 Quanto
967 4824 1259 4892 maquus
1303 4826 1394 4881 es,
1461 4801 1763 4870 humilia
1828 4812 1892 4869 te
1930 4803 2001 4868 iu
2042 4824 2194 4870 om-

653 4911 876 4981 nibus.

739 5154 770 5192 ιι
834 5126 1110 5216 l'ivifiea
1140 5147 1267 5191 me.
1314 5148 1348 5188 ι
1382 5119 1554 5191 Ecce
1581 5117 1980 5190 secundum.
2016 5115 2198 5196 Qua·

652 5234 706 5302 si
747 5233 997 5302 diceret
1054 5253 1074 5303 :
1116 5230 1530 5300 llumiliatus
1568 5251 1722 5297 sum
1769 5224 1994 5310 valde,
2044 5225 2190 5305 sed.

651 5343 965 5426 Domine,
1033 5350 1216 5434 pet0,
1313 5369 1343 5405 α
1408 5339 1680 5428 vivifica
1737 5360 1868 5418 me,
1906 5365 1939 5401 υ
1999 5335 2197 5406 aliter

651 5452 834 5520 enim
862 5471 1103 5540 parum
1131 5448 1389 5518 valeret
1426 5447 1776 5516 humilitas
1802 5468 1978 5526 mea,
2008 5472 2043 5510 α
2083 5467 2194 5513 se-

719 5684 736 5721 ¹
767 5682 852 5742 ct'.
892 5679 1005 5738 lsa.
1030 5692 1186 5744 xxix,
1218 5675 1304 5732 13.

1688 324 1769 389 D.
1822 323 2020 391 ALB.
2074 324 2290 392 MAG.
2345 323 2550 392 om).
2605 323 2904 391 PRAED.

2336 497 2639 563 emulum
2681 496 2961 564 verbum
3019 508 3245 573 tecum,
3294 520 3325 557 »
3371 501 3441 559 ut
3493 491 3746 558 scilicet
3787 510 3900 554 se-

2335 604 2634 671 cundum
2680 605 2891 672 verba
2941 612 3060 671 tua
3118 606 3379 679 vivam,
3428 621 3585 668 cum
3631 597 3894 664 ratione

2333 712 2669 795 faciendo,
2764 721 2832 780 et
2913 712 3344 781 discretione.
3424 706 3534 773 Ad
3596 704 3889 771 Roman.

2330 842 2450 902 xit,
2508 821 2594 885 1:
2642 819 3090 886 Rationabile
3155 820 3248 885 sit
3317 814 3717 904 obsequium
3782 831 3897 875 ve-

2328 936 2572 992 strum.
2633 924 2911 991 Talibus
2942 927 3150 992 etiam
3221 926 3336 1015 qui
3414 917 3885 991 humiliantur,

2329 1033 2667 1122 promittit
2728 1033 3045 1123 spiritum
3103 1028 3589 1098 vivificationis
3653 1022 3892 1091 :unde

2326 1148 2483 1230 peto
2514 1147 2589 1206 ut
2619 1139 2714 1206 ibi
2764 1139 3001 1207 reddat
3054 1141 3303 1228 ipsum.
3359 1137 3490 1203 lsa.
3554 1157 3712 1210 nvn,
3753 1134 3887 1198 15:

2324 1246 2749 1315 Excelsus...
2808 1248 2881 1314 in
2926 1255 3166 1314 saneto
3217 1244 3568 1320 habitam,
3622 1250 3686 1309 et
3733 1259 3885 1306 cum

2325 1357 2614 1422 contrito
2675 1365 2738 1422 et
2780 1354 3041 1421 humili
3082 1355 3341 1444 spiritu
3391 1375 3413 1418 .·
3459 1360 3536 1417 ut
3589 1347 3883 1435 vivificet

2321 1462 2647 1552 spiritum
2672 1461 3075 1539 humilium,
3099 1469 3162 1527 et
3184 1459 3476 1546 vivificet
3496 1479 3611 1524 cor
3628 1455 3886 1522 contri-

2327 1578 2578 1635 torum.
2640 1568 2880 1636 Jacob.
2944 1590 3037 1652 w,
3110 1568 3150 1631 G
3222 1588 3236 1632 :
3307 1568 3497 1632 Deus
3570 1560 3881 1653 superbis

2325 1678 2599 1753 resistit,
2632 1674 3019 1741 humilibus
3086 1684 3318 1740 autem
3367 1671 3490 1737 dac
3544 1671 3876 1760 qratiam,

2323 1783 2578 1851 scilicet
2615 1783 3103 1850 vivificantem.

2411 2133 2444 2173 ι(
2499 2107 2909 2175 Voluntaria
2940 2107 3078 2173 oris
3116 2108 3274 2175 mei.
3314 2135 3347 2168 »
3381 2105 3508 2173 llic
3540 2104 3875 2173 secundus

2315 2215 2569 2306 gradus
2607 2215 2935 2305 tangitur,
2969 2213 3223 2281 scilicet
3263 2213 3540 2282 devotio
3571 2214 3640 2280 in
3682 2213 3875 2281 locu-

2318 2325 2526 2402 tione,
2570 2344 2776 2412 quam
2817 2322 2988 2413 petit
3016 2321 3161 2388 fieri
3195 2320 3692 2411 beneplacitam
3739 2343 3755 2387 :
3807 2327 3876 2387 et

2313 2429 2633 2519 quianon
2671 2435 2898 2519 potest
2944 2450 3090 2496 esse
3145 2427 3280 2496 hoc
3308 2430 3457 2496 sine
3498 2427 3733 2495 divino
3764 2449 3874 2494 rc·

2310 2538 2594 2628 gimine,
2628 2536 2765 2604 duo
2825 2536 3170 2604 dicuntur.
3236 2536 3498 2614 Primo,
3591 2535 3758 2627 petit
3800 2543 3873 2602 ut

2311 2646 2456 2733 ejus
2514 2643 2768 2712 locutio
2813 2645 2959 2711 Deo
3027 2644 3314 2735 placeat.
3374 2642 3716 2719 Secundo,
3799 2649 3872 2708 ut

2310 2753 2534 2844 ipsum
2565 2752 2647 2819 de
2678 2751 3039 2842 loquendis
3068 2752 3387 2834 instruat,
3423 2750 3544 2829 ibi,
3582 2778 3618 2814 α
3665 2748 3869 2817 ludi-

2308 2862 2415 2928 cia
2457 2869 2607 2927 tua.
2647 2884 2682 2925 ι

2395 2972 2697 3062 Aitergo
2743 2992 2759 3037 :
2798 2969 2913 3038 Sic
2977 2969 3381 3038 humiliatus
3439 2992 3593 3037 sum
3640 2968 3867 3045 corde,

2309 3086 2371 3146 et
2412 3078 2701 3146 devotus
2741 3078 2946 3146 etiam
2978 3101 3132 3145 sum
3164 3101 3310 3162 ore,
3354 3078 3541 3169 quia,
3585 3100 3625 3144 o
3668 3103 3704 3141 ιι
3735 3078 3876 3144 Do-

2306 3188 2510 3267 mine,
2549 3212 2584 3249 n
2620 3208 2818 3277 rog0,
2867 3211 2901 3252 α
2959 3188 3080 3276 lac
3139 3185 3570 3277 beneplacita
3619 3183 3771 3262 tibi,
3839 3211 3872 3245 »

2306 3294 2373 3362 id
2404 3303 2527 3373 est,
2582 3305 2716 3364 tuae
2760 3295 3128 3384 majestati,
3185 3321 3218 3361 ιι
3278 3294 3683 3362 voluntaria
3731 3293 3871 3359 oris

2306 3405 2464 3485 mei,
2512 3431 2545 3465 »
2598 3402 2667 3471 id
2695 3413 2821 3481 est,
2865 3405 3197 3473 sacrificia
3238 3411 3303 3473 et
3337 3404 3719 3472 orationem
3751 3423 3868 3469 ore

2306 3535 2459 3581 meo
2491 3511 2614 3579 tibi
2639 3510 2968 3580 oblatam.

3978 2126 4156 2195 108

2394 3618 2788 3687 Notandum
2873 3619 3084 3700 enim,
3164 3618 3348 3711 quod
3432 3626 3536 3688 est
3610 3617 3867 3685 oblatio
3897 3625 4217 3714 01¹⁸on

2304 3726 2469 3806 oris,
2531 3724 2735 3806 Osee,
2795 3748 2938 3808 xiv,
3002 3727 3043 3793 3
3104 3748 3120 3794 :

2306 3833 2652 3902 labiorum
2732 3842 3148 3901 nostrorum.
3216 3832 3355 3903 Sed
3412 3831 3560 3901 haec
3608 3830 3866 3900 oblatio

2303 3943 2671 4036 aliquando
2704 3952 2807 4011 est
2844 3951 3136 4028 extorta,
3170 3943 3753 4036 quemadmodum
3796 3943 3866 4010 in

2301 4047 2754 4130 «immunibus,
2810 4046 2972 4116 Luc.
3027 4071 3120 4126 w,
3174 4048 3250 4114 AEl
3317 4045 3686 4116 :Ea-ibant
3725 4046 3869 4115 dce-

2299 4157 2533 4224 mouia
2583 4179 2626 4223 a
2657 4155 2926 4235 multiS,
2967 4155 3355 4223 clamantia
3405 4164 3471 4223 et
3508 4155 3808 4222 dicentia
3841 4176 3866 4221 .·

2303 4264 2484 4347 Quia
2551 4274 2627 4330 tu
2664 4286 2748 4331 -es
2812 4262 3046 4330 Filius
3091 4263 3250 4333 Dei.
3321 4260 3715 4352 Aliquando
3766 4267 3866 4328 est

2299 4373 2755 4452 simulatoria,
2788 4374 2964 4442 sicut
2992 4375 3063 4441 in
3096 4372 3256 4454 illis,
3300 4373 3550 4464 quibus
3588 4371 3861 4450 dicitur,

2300 4480 2542 4549 Matth.
2600 4503 2720 4561 xv,
2763 4481 2805 4547 8
2877 4501 2893 4547 ε
2946 4480 3269 4572 Populus
3322 4480 3437 4548 liic
3487 4477 3696 4548 labiis
3759 4501 3868 4546 me

2296 4589 2616 4672 honorat,
2673 4611 2789 4657 cor
2852 4598 3088 4657 autem
3147 4609 3385 4657 eorum
3428 4586 3633 4677 louqe
3695 4595 3792 4655 est
3821 4608 3865 4653 a

2300 4718 2407 4764 me
2437 4695 2483 4765 ⁸.
2502 4694 2898 4787 Aliquando
2928 4693 3342 4773 voluntaria,
3375 4700 3443 4762 et
3463 4701 3625 4762 tunc
3645 4693 3866 4785 placet

2298 4805 2469 4881 Deo,
2515 4803 2761 4873 Ezech.
2787 4827 2971 4889 xcvi,
3010 4806 3091 4872 12
3127 4826 3144 4872 2
3183 4806 3356 4874 Cum
3385 4805 3628 4894 lecerit
3657 4805 3870 4896 priu-

2298 4936 2450 5005 ceps
2512 4923 2972 5005 spontaneum
3009 4912 3525 4993 holocaustum,
3566 4921 3694 4981 aut
3727 4935 3867 5004 pa-

2298 5019 2497 5110 cifica
2563 5018 2967 5088 voluntaria
3023 5021 3351 5101 Domino,
3422 5020 3774 5111 aperietur
3800 5019 3867 5087 ei

2293 5137 2502 5220 porta
2543 5151 2699 5219 quae
2730 5129 3006 5220 respicit
3054 5128 3154 5196 ad
3182 5129 3558 5199 Orientem.

2390 5366 2423 5406 ι
2467 5341 2564 5408 Et
2588 5338 2876 5431 judicia
2942 5350 3091 5408 tua.
3161 5368 3194 5403 a»
3263 5338 3393 5408 1110
3449 5338 3855 5408 secundum.

2300 5447 2509 5528 Quasi
2541 5448 2792 5517 diceret
2827 5470 2844 5517 :
2880 5446 2997 5518 Sic
3059 5447 3182 5516 tibi
3224 5447 3564 5539 placeant,
3630 5478 3665 5516 α
3725 5459 3793 5517 et
3822 5477 3856 5513 »

3895 3688 4104 3732 extorta.
4150 3693 4194 3726 ιι

3186 3725 3577 3795 lleddemus
3628 3724 3870 3793 vitulis
3913 3734 4200 3836 2223ae

4021 3846 4105 3887 rit.
