5008 6329
1278 877 1462 944 Bm
1495 878 1640 975 (Ξ)

783 1340 816 1381 ι
849 1318 931 1383 In
960 1335 1093 1404 quo
1122 1307 1429 1397 corr-iqit.
1469 1329 1502 1370 ι
1536 1308 1782 1374 Actum
1822 1313 1925 1374 est
1953 1306 2023 1372 in
2053 1325 2230 1394 prae-

687 1421 948 1490 cedenti
1012 1417 1389 1496 octonario,
1458 1414 1540 1483 de
1600 1413 1841 1482 merito
1898 1412 2234 1502 incipien-

689 1531 887 1606 tium,
931 1533 1263 1618 quantum
1311 1523 1398 1591 ad
1444 1522 1893 1591 cessationem
1932 1543 1973 1587 a
2021 1518 2230 1597 ma10,

691 1635 800 1703 hic
839 1642 1167 1725 quantum
1197 1632 1282 1700 ad
1313 1631 1801 1722 correctionem
1826 1626 2015 1703 mali,
2040 1648 2232 1716 aquo

692 1752 1020 1811 cessatum
1053 1750 1177 1824 est,
1211 1738 1396 1831 quod
1436 1760 1577 1806 non
1626 1737 1701 1803 {it
1756 1737 1884 1804 nisi
1927 1757 2049 1825 per
2110 1756 2235 1801 cu-

693 1852 981 1920 stodiam
1014 1850 1182 1940 legis
1221 1849 1372 1915 Dei.

782 1957 895 2026 Sic
922 1978 1082 2045 ergo
1113 1953 1419 2046 procedit
1444 1954 1515 2019 in
1543 1950 1673 2020 hac
1707 1959 1922 2041 parte.
1964 1948 2223 2026 Prim0,

693 2064 984 2130 ostendit
1048 2083 1169 2151 per
1233 2059 1398 2150 quid
1453 2060 1543 2125 sit
1577 2058 1735 2125 vitae
1765 2056 2124 2135 correctio,
2164 2054 2232 2120 in

1657 283 1742 352 Ι).
1792 281 1991 352 ALB.
2045 280 2261 348 MAG.
2315 279 2521 350 om).
2576 281 2869 348 PRAED.

2327 451 2432 520 his
2462 451 2756 529 cadueiS,
2792 460 2859 544 et
2879 452 3097 531 vanis,
3124 453 3204 519 de
3238 453 3511 543 quibus,
3548 451 3679 519 lsa.
3715 474 3870 535 va,

2329 561 2461 627 20:
2503 563 2691 628 Puer
2741 569 3006 626 centum
3064 581 3403 626 annorum
3462 558 3875 626 maledictus

2328 669 2477 733 erit.
2524 667 2609 734 Et
2637 667 2913 745 PauluS,
2959 666 2986 733 1
3044 665 3128 733 ad
3187 664 3495 734 Corinth.
3541 689 3685 749 xw,
3731 667 3816 732 20
3856 687 3870 730 :

2331 778 2631 855 FratreS,
2664 780 2875 844 nolite
2918 779 3120 868 pueri
3146 776 3334 866 effici
3376 774 3711 854 sensibuS,
3756 773 3880 840 sed

2330 882 2607 948 malitia
2627 883 2916 972 parvuli
2951 892 3174 950 estote.

2425 988 2578 1072 Vel,
2619 989 2690 1055 in
2730 988 2909 1056 bono
2945 1011 2958 1055 :
2996 989 3410 1057 Adolescens
3460 990 3877 1079 quicumque

2328 1097 2541 1162 veteri
2580 1097 2721 1163 vita
2757 1096 3034 1163 dimissa
3062 1118 3284 1163 novus
3322 1096 3635 1173 efficitur,
3671 1102 3740 1161 et
3777 1116 3882 1162 se-

2332 1205 2563 1292 quitur
2624 1203 2843 1271 Adam
2896 1225 3176 1271 novum.
3235 1202 3654 1270 Adolescens
3712 1223 3877 1292 ergo

2333 1309 2402 1375 in
2440 1331 2577 1398 quo
2626 1311 2901 1401 corrigit
2945 1313 3127 1378 viam
3167 1332 3360 1377 suam
3392 1311 3428 1376 Ῥ
3464 1309 3551 1377 Et
3588 1330 3882 1398 respon-

2334 1416 2486 1483 det:
2522 1441 2556 1481 «
2596 1419 2678 1485 In
2713 1417 3175 1501 custodiendo,
3210 1444 3245 1480 ιι
3280 1418 3348 1484 in
3378 1439 3609 1507 opere,
3657 1443 3692 1480 α
3732 1438 3882 1483 ser-

2335 1544 2564 1590 mones
2602 1532 2775 1605 tuos,
2814 1550 2847 1586 n
2882 1524 2997 1614 qui
3030 1526 3187 1592 recti
3221 1531 3401 1601 sunt,
3428 1523 3570 1591 imo
3611 1521 3873 1613 regula.

2338 1629 2638 1699 Seneca:
2677 1657 2710 1696 ι
2745 1632 3042 1700 Distorta
3080 1654 3219 1698 non
3265 1632 3397 1698 nisi
3446 1630 3533 1699 ad
3571 1630 3881 1722 regulam

2348 1763 2381 1803 α
2416 1741 2738 1830 corriges.
2772 1763 2803 1803 ι
2836 1739 2923 1807 Et
2959 1763 3116 1807 vere
3138 1739 3716 1808 adolescentiores
3737 1761 3888 1807 cor·

2340 1846 2654 1936 riguntur
2688 1845 2773 1913 ad
2815 1845 3117 1937 regulam
3182 1847 3519 1915 sermonis
3547 1846 3699 1925 Dei,
3742 1867 3887 1912 non

2338 1973 2555 2029 senes,
2601 1960 2668 2020 et
2697 1954 3053 2021 inveterati
3086 1952 3157 2020 in
3185 1975 3310 2019 sua
3339 1950 3628 2020 malitia.
3671 1952 3891 2042 Prop-

2337 2066 2441 2127 ter
2466 2058 2651 2149 quod
2672 2059 2937 2138 dicitur,
2964 2057 3167 2127 Eccli.
3201 2081 3297 2139 vi,
3336 2060 3457 2126 18:
3493 2058 3666 2142 Fili,
3702 2058 3889 2148 aju-

691 2169 809 2236 illo
850 2170 1053 2237 etiam
1086 2167 1199 2257 qui
1251 2165 1471 2255 magis
1506 2162 1776 2232 fervens
1815 2162 2024 2230 estin
2074 2183 2238 2250 pec·
2340 2177 2611 2234 ventute
2673 2177 2794 2234 lua
2852 2170 3085 2259 excipe
3148 2166 3556 2244 doctrinam,
3627 2165 3890 2235 scilicet

696 2287 874 2353 cato,
909 2276 1164 2343 scilicet
1206 2273 1626 2341 adolescens.
1688 2270 2028 2347 Secundo,
2070 2271 2238 2359 petit
2338 2295 2723 2341 sermonem
2750 2274 2897 2352 Dei,
2921 2286 2984 2341 e!
3005 2297 3218 2363 res-que
3242 2273 3340 2340 ad
3355 2296 3561 2341 canos
3591 2273 3891 2341 invenies

692 2387 764 2454 in
803 2406 1092 2476 persona
1122 2381 1301 2460 talis,
1347 2389 1423 2448 ut
1461 2381 1521 2448 ei
1567 2379 1762 2447 detur
1815 2379 1985 2469 legis
2022 2378 2236 2445 adim-

691 2493 926 2585 pletio,
963 2492 1080 2570 ibi,
1111 2498 1176 2567 ὴ.
1217 2492 1340 2559 10:
1388 2516 1423 2553 ot
1471 2489 1551 2556 ln
1582 2496 1727 2555 toto
1756 2487 1981 2555 corde.
2015 2512 2047 2549 ι
2078 2484 2237 2553 Ter-

690 2602 812 2677 tio,
871 2598 1233 2691 promittit,
1294 2603 1372 2664 ut
1438 2593 1866 2685 persuadeat,
1920 2601 1988 2659 et
2042 2590 2233 2658 illum

689 2715 962 2775 moveat
1009 2728 1048 2772 a
1113 2725 1250 2795 quo
1311 2702 1505 2793 petit,
1585 2699 1705 2779 ibi,
1759 2706 1822 2775 ὴ.
1898 2701 2022 2767 15:
2085 2726 2117 2760 α
2155 2700 2233 2765 ln

692 2812 1061 2881 mandatis.
1100 2835 1133 2876 ι

780 2917 857 2985 ln
886 2917 1105 3006 prima
1132 2914 1294 2993 duo,
1328 2936 1451 3004 per
1479 2934 1632 3004 quae
1663 2912 2087 3002 propositum
2127 2931 2233 2977 os·

690 3024 926 3093 tendit.
994 3022 1255 3105 Prim0,
1315 3020 1783 3110 interrogatio.
1884 3017 2227 3096 Secundo,

691 3130 1067 3222 responsio,
1101 3128 1222 3209 ibi,
1295 3155 1327 3194 ι
1356 3127 1437 3195 ln
1480 3125 1918 3195 custodiendo
1974 3148 2233 3194 sermo-

688 3261 891 3308 nes.»

779 3554 958 3623 Dicit
994 3574 1200 3644 ergo:
1247 3550 1364 3622 Sic
1401 3551 1571 3630 dixi,
1603 3551 1788 3644 quod
1808 3551 2234 3641 justificatio·

693 3684 812 3732 nes
846 3670 1000 3729 tuas
1044 3658 1453 3738 custodiam,
1496 3667 1565 3728 et
1597 3660 1863 3749 justum
1902 3667 2032 3741 est,
2070 3662 2229 3751 quia

696 3793 731 3836 ι
773 3770 845 3835 in
884 3789 1018 3859 quo
1039 3766 1321 3857 corriqit
1353 3764 1397 3833 ?
1426 3794 1463 3829 u
1495 3765 1564 3834 id
1591 3773 1717 3844 est,
1751 3787 1874 3855 per
1894 3766 2057 3857 quid
2087 3789 2233 3834 cor-

695 3876 877 3966 rigit,
912 3903 946 3938 ι
979 3875 1162 3943 viam
1188 3894 1418 3952 suam,
1463 3897 1499 3939 s
1532 3871 1891 3952 lubricam,
1922 3881 1990 3942 et
2037 3882 2229 3943 tene·

692 3982 992 4052 brosam.
1030 3980 1278 4071 Supra,
1337 3980 1411 4048 in
1441 3977 1625 4047 Psal.
1670 4000 1907 4063 xxxiv,
1943 3981 2027 4047 6:
2070 3981 2233 4049 Fiat

692 4092 804 4158 via
843 4089 1126 4158 illorum
1156 4085 1467 4169 tenebre,
1490 4094 1556 4155 et
1575 4084 1943 4155 lubricum.
1986 4111 2019 4152 ι
2053 4088 2234 4156 Ado·

692 4198 1066 4280 lese-entier,
1099 4220 1135 4262 s
1160 4196 1227 4263 id
1253 4202 1380 4280 est,
1413 4194 1847 4264 adolescens:
1883 4218 2235 4288 compara-

689 4304 908 4370 tivum
945 4303 1130 4370 enim
1159 4301 1356 4392 ponit
1388 4321 1518 4392 pro
1548 4302 1866 4391 positivo.
1920 4301 2008 4371 lli
2047 4304 2229 4371 enim

691 4417 875 4485 sunt,
927 4408 1041 4498 qui
1088 4405 1171 4475 ad
1230 4407 1527 4474 litteram
1581 4405 1818 4474 dicunt
1889 4406 2059 4476 illud
2104 4407 2233 4476 Sa-

692 4517 903 4608 pient.
981 4535 1054 4594 n,
1108 4514 1149 4581 6
1182 4532 1201 4584 t
1284 4512 1534 4594 Venite,
1573 4521 1639 4580 et
1671 4514 2006 4604 fruamur
2043 4513 2233 4583 bonis

694 4646 848 4716 qua·
870 4630 1057 4701 sunt,
1079 4632 1144 4691 et
1182 4629 1469 4688 utamur
1502 4629 1817 4689 creatura
1873 4632 2229 4714 tamquam

697 4731 770 4798 in
814 4728 1184 4819 juventute
1216 4726 1549 4795 celeriter.
1609 4725 1719 4807 Et,
1774 4726 1950 4795 infra
1998 4735 2065 4806 ὰ.
2134 4731 2227 4796 8:

700 4834 997 4906 Nullum
1030 4843 1316 4925 pratum
1352 4832 1446 4901 sit
1482 4833 1673 4925 quod
1712 4856 1845 4902 non
1874 4844 2237 4925 pertrans-

696 4952 805 5012 eat
897 4941 1184 5010 luxuria
1246 4949 1509 5008 nostra.
1612 4939 1832 5009 Nemo
1927 4950 2234 5010 nostruin

697 5073 931 5119 exsors
959 5051 1046 5117 sit
1093 5048 1383 5117 luxuriae
1432 5054 1706 5115 nostrae.
1752 5045 1915 5117 Luc.
1967 5071 2083 5124 xv,
2128 5052 2231 5127 ¹3,

699 5157 1189 5226 adolescentior
1216 5156 1400 5223 illius
1437 5164 1652 5223 totam
1683 5154 2041 5249 dissiparit
2066 5156 2237 5224 sub·-

697 5267 1024 5332 slanliam
1078 5286 1282 5332 suam
1355 5286 1512 5332 cuin
1590 5263 2080 5339 meretricibus,
2131 5265 2227 5331 vi-

702 5369 914 5438 vendo
996 5370 1373 5437 luxuriose.
1438 5366 1923 5438 Adolescentes
2002 5371 2232 5454 etiam,

702 5478 843 5545 imo
872 5477 1060 5567 pueri
1081 5482 1370 5570 possunt
1398 5476 1526 5545 dici
1549 5485 1959 5568 peccatores,
1993 5478 2106 5567 qui
2138 5499 2239 5544 re-

703 5583 877 5655 lictis
907 5587 1081 5653 veris
1111 5584 1335 5662 bonis,
1368 5584 1710 5652 adhaerent
1752 5581 2236 5675 temporalibus

2332 2378 2769 2468 sapientiam.
2801 2376 3128 2445 Proverb.
3150 2398 3316 2458 xxti,
3360 2379 3403 2443 6
3431 2398 3445 2438 :
3480 2376 3892 2444 Adolescens

2325 2484 2553 2574 juxta
2603 2485 2785 2551 viam
2829 2506 3057 2564 suam,
3087 2486 3298 2552 etiam
3336 2505 3494 2552 cum
3555 2484 3882 2561 senuerit,

2335 2615 2468 2658 non
2502 2591 2754 2659 recedet
2791 2591 2876 2658 ab
2914 2616 3017 2659 ea.
3069 2591 3351 2683 l’ropter
3422 2590 3555 2659 hoc
3614 2590 3887 2670 dicitur,

2331 2700 2581 2769 Tliren.
2606 2724 2699 2776 ιιι,
2735 2702 2816 2767 27
2854 2725 2869 2769 :
2915 2704 3182 2769 Bonum
3204 2703 3332 2768 cri!
3372 2702 3518 2768 viro
3547 2722 3705 2767 cum
3721 2722 3890 2790 por-

2337 2807 2580 2873 taverit
2622 2807 2884 2896 juqum
2915 2804 3003 2873 ab
3056 2804 3516 2873 adolescentia
3555 2828 3712 2874 sua.
3751 2805 3890 2873 Sed

2336 2912 2417 2979 ‹le
2480 2913 2873 2981 inveteratis
2919 2912 3187 2990 dicitur,
3227 2912 3483 2983 Jerem.
3559 2934 3710 2996 xiii,
3760 2914 3884 2981 23:

2334 3022 2416 3089 Si
2442 3028 2714 3087 niutare
2735 3030 2956 3112 potest
2998 3020 3331 3113 AElliiops
3353 3019 3614 3111 pellem
3651 3042 3882 3099 suam,

2334 3137 2398 3195 c!
2418 3127 2689 3220 pardus
2721 3129 3077 3197 varietates
3101 3150 3290 3207 suas,
3324 3138 3389 3195 et
3420 3149 3536 3196 vos
3566 3129 3888 3219 poteritis

2336 3232 2498 3302 bene
2521 3237 2772 3323 lacere,
2808 3257 2963 3303 cum
3000 3235 3377 3303 didiceritis
3404 3234 3700 3303 malum.

2425 3572 2459 3612 ι
2508 3547 2586 3614 ln
2625 3558 2764 3615 toto
2797 3549 2999 3616 eorde
3034 3572 3204 3617 meo.
3249 3576 3285 3613 n
3321 3550 3449 3619 llic
3475 3551 3878 3629 secundum,

2336 3652 2407 3721 in
2446 3675 2584 3744 quo
2621 3656 2786 3744 petit
2812 3654 2973 3723 duo.
3019 3655 3278 3736 Primo,
3310 3658 3481 3749 petit
3507 3657 3884 3727 illuminari

2335 3760 2421 3828 ad
2449 3759 2964 3852 intelligentiam
2990 3762 3497 3833 mandatorum.
3534 3765 3879 3842 Secundo,

2335 3868 2556 3957 gratia
2591 3869 2903 3958 pertundi
2941 3869 3026 3937 ad
3077 3869 3545 3961 impletionem
3611 3871 3889 3940 intelle-

2335 3982 2629 4051 ctorum,
2674 3976 2789 4053 ibi,
2833 3983 2898 4052 ὴ.
2942 3978 3022 4044 ¹2
3057 3998 3074 4045 :
3112 4003 3145 4038 ι
3180 3978 3588 4047 Benedictus
3613 4003 3709 4050 es.
3754 4004 3790 4046 s

2425 4080 2502 4148 ln
2551 4082 2773 4173 prima
2826 4085 2979 4151 tria.
3031 4084 3291 4166 Primo,
3324 4087 3674 4177 petitionis
3739 4111 3889 4156 mo·

2335 4186 2486 4255 dus.
2524 4187 2839 4257 Secundo
2877 4187 3043 4280 quid
3070 4198 3366 4281 petatur,
3397 4190 3518 4270 ibi,
3555 4218 3592 4260 ι
3633 4196 3739 4264 Ne
3774 4218 3887 4265 re-

2329 4293 2562 4386 pellas
2596 4316 2726 4365 me.
2757 4323 2792 4358 ι
2821 4294 3073 4375 Tertio,
3104 4296 3419 4388 probatio
3448 4299 3636 4391 quod
3671 4323 3890 4371 exau-

2336 4403 2651 4486 diendus,
2694 4403 2810 4481 ibi,
2843 4412 2908 4479 ἵ.
2947 4405 3018 4471 ¹¹
3059 4426 3077 4472 :
3113 4428 3150 4470 ι
3190 4405 3276 4474 In
3307 4407 3516 4475 corde
3547 4430 3721 4481 meo.
3752 4438 3785 4476 s

2431 4509 2544 4577 Ait
2570 4512 2788 4579 enim:
2824 4510 2938 4579 Sic
2961 4512 3028 4578 in
3050 4511 3497 4582 custodiendo
3535 4537 3890 4585 sermones

2340 4616 2524 4683 viam
2563 4618 2837 4708 corrigit
2870 4617 3304 4687 adolescens:
3339 4643 3531 4712 ergo,
3564 4621 3887 4706 Domine,

2339 4747 2376 4789 ι
2412 4724 2754 4815 exquisivi
2781 4735 2869 4804 tc,
2913 4751 2946 4789 s
2981 4723 3046 4791 id
3066 4732 3192 4803 est,
3217 4727 3457 4817 rogavi
3483 4736 3549 4797 te
3583 4750 3603 4797 :
3633 4740 3705 4797 et
3727 4727 3888 4809 hoc,

2340 4858 2374 4893 «ι
2417 4833 2490 4898 in
2532 4842 2673 4899 toto
2710 4834 2912 4899 corde
2947 4854 3096 4899 meo
3126 4854 3150 4899 .·
3187 4855 3273 4900 ne
3297 4835 3625 4925 repellas,
3659 4863 3695 4900 n
3729 4839 3894 4929 quia

2341 4938 2503 5008 dicit
2533 4940 3001 5029 Augustinus:
3048 4963 3081 5004 ι
3117 4938 3247 5019 Qui
3291 4963 3432 5010 non
3483 4951 3628 5012 toto
3682 4943 3890 5011 corde

2343 5077 2381 5114 α
2421 5051 2693 5141 quaerit,
2791 5049 3148 5141 negligens
3247 5060 3377 5134 est,
3472 5062 3542 5122 et
3614 5052 3896 5145 repelli·

2346 5166 2546 5226 «tur.
2596 5183 2629 5221 s
2692 5156 2826 5225 Sed
2872 5157 3245 5225 secundum
3303 5158 3435 5228 hoc
3473 5182 3716 5228 omnes
3774 5183 3890 5229 re-

2347 5263 2713 5353 pelluntur.
2775 5264 2945 5345 Quis
2982 5266 3167 5334 enim
3207 5274 3433 5354 potest
3473 5267 3704 5338 iuliae
3751 5270 3894 5337 vita

2344 5379 2490 5439 toto
2531 5371 2733 5441 corde
2770 5373 3120 5464 exquirere
3141 5371 3178 5438 P
3205 5374 3505 5444 maxime
3534 5375 3616 5446 de
3646 5375 3897 5445 incho-

2347 5477 2644 5561 antibus,
2712 5479 2793 5548 de
2863 5479 3113 5572 quibus
3167 5475 3279 5547 hic
3332 5479 3662 5573 loquitur,
3730 5507 3893 5552 cum

2345 5584 2586 5653 beatus
2642 5590 3061 5679 Augustinus
3137 5586 3341 5670 dicat,
3412 5590 3596 5683 quod
3686 5618 3720 5658 ι
3761 5590 3896 5663 hoc
