<?xml version="1.0" encoding="UTF-8"?>
<!DOCTYPE html PUBLIC "-//W3C//DTD XHTML 1.0 Transitional//EN"
    "http://www.w3.org/TR/xhtml1/DTD/xhtml1-transitional.dtd">
<html xmlns="http://www.w3.org/1999/xhtml" xml:lang="en" lang="en">
 <head>
  <title>
</title>
<meta http-equiv="Content-Type" content="text/html;charset=utf-8" />
  <meta name='ocr-system' content='tesseract 3.04.00' />
  <meta name='ocr-capabilities' content='ocr_page ocr_carea ocr_par ocr_line ocrx_word'/>
</head>
<body>
  <div class='ocr_page' id='page_1' title='image "balbertimagnira02chgoog_0073.png"; bbox 0 0 5008 6329; ppageno 0'>
   <div class='ocr_carea' id='block_1_1' title="bbox 2044 113 4445 191">
    <p class='ocr_par' dir='ltr' id='par_1_1' title="bbox 2044 113 4445 191">
     <span class='ocr_line' id='line_1_1' title="bbox 2044 113 4445 191; baseline 0.002 -6"><span class='ocrx_word' id='word_1_1' title='bbox 2044 115 2756 186; x_wconf 78' lang='lat' dir='ltr'><strong>COMMENTARIUS</strong></span> <span class='ocrx_word' id='word_1_2' title='bbox 2804 113 2899 181; x_wconf 90' lang='lat' dir='ltr'><strong>IN</strong></span> <span class='ocrx_word' id='word_1_3' title='bbox 2953 113 3390 181; x_wconf 74' lang='lat' dir='ltr'><strong>PSALMUM</strong></span> <span class='ocrx_word' id='word_1_4' title='bbox 3441 116 3613 186; x_wconf 78' lang='lat' dir='ltr'><strong>clv.</strong></span> <span class='ocrx_word' id='word_1_5' title='bbox 4362 127 4445 191; x_wconf 72' lang='lat'><strong>(33</strong></span> 
     </span>
    </p>
   </div>
   <div class='ocr_carea' id='block_1_2' title="bbox 1211 287 2779 1024">
    <p class='ocr_par' dir='ltr' id='par_1_2' title="bbox 1211 287 2779 1024">
     <span class='ocr_line' id='line_1_2' title="bbox 1219 287 2779 378; baseline -0.003 -22"><span class='ocrx_word' id='word_1_6' title='bbox 1219 290 1567 356; x_wconf 53' lang='lat' dir='ltr'><strong>mensori&amp;</strong></span> <span class='ocrx_word' id='word_1_7' title='bbox 1612 289 1814 357; x_wconf 87' lang='lat' dir='ltr'><strong>Joan.</strong></span> <span class='ocrx_word' id='word_1_8' title='bbox 1871 312 2012 371; x_wconf 79' lang='lat' dir='ltr'><strong>xiv,</strong></span> <span class='ocrx_word' id='word_1_9' title='bbox 2046 292 2127 355; x_wconf 81' lang='lat'><strong>2:</strong></span> <span class='ocrx_word' id='word_1_10' title='bbox 2185 291 2269 356; x_wconf 81' lang='lat' dir='ltr'><strong>In</strong></span> <span class='ocrx_word' id='word_1_11' title='bbox 2301 290 2499 356; x_wconf 82' lang='lat' dir='ltr'><strong>domo</strong></span> <span class='ocrx_word' id='word_1_12' title='bbox 2552 287 2779 378; x_wconf 76' lang='lat' dir='ltr'><strong>patris</strong></span> 
     </span>
     <span class='ocr_line' id='line_1_3' title="bbox 1219 393 2772 465; baseline -0.001 -3"><span class='ocrx_word' id='word_1_13' title='bbox 1219 398 1351 463; x_wconf 76' lang='lat' dir='ltr'><strong>mei</strong></span> <span class='ocrx_word' id='word_1_14' title='bbox 1390 398 1773 464; x_wconf 81' lang='lat' dir='ltr'><strong><em>mansiones</em></strong></span> <span class='ocrx_word' id='word_1_15' title='bbox 1799 396 2036 463; x_wconf 77' lang='lat' dir='ltr'><strong>mzcltae</strong></span> <span class='ocrx_word' id='word_1_16' title='bbox 2063 407 2250 465; x_wconf 84' lang='lat' dir='ltr'><strong>sunt.</strong></span> <span class='ocrx_word' id='word_1_17' title='bbox 2289 395 2425 462; x_wconf 87' lang='lat' dir='ltr'><strong>lad</strong></span> <span class='ocrx_word' id='word_1_18' title='bbox 2460 393 2772 462; x_wconf 85' lang='lat' dir='ltr'><strong>Corinth.</strong></span> 
     </span>
     <span class='ocr_line' id='line_1_4' title="bbox 1215 502 2776 595; baseline -0.003 -23"><span class='ocrx_word' id='word_1_19' title='bbox 1215 527 1330 589; x_wconf 72' lang='grc' dir='ltr'><strong>κν,</strong></span> <span class='ocrx_word' id='word_1_20' title='bbox 1365 506 1443 572; x_wconf 80' lang='lat'><strong>41</strong></span> <span class='ocrx_word' id='word_1_21' title='bbox 1489 528 1503 572; x_wconf 89' lang='lat'>:</span> <span class='ocrx_word' id='word_1_22' title='bbox 1547 503 1775 574; x_wconf 84' lang='lat' dir='ltr'><em>Stella</em></span> <span class='ocrx_word' id='word_1_23' title='bbox 1805 504 2039 595; x_wconf 76' lang='lat' dir='ltr'><strong>differt</strong></span> <span class='ocrx_word' id='word_1_24' title='bbox 2069 528 2111 571; x_wconf 87' lang='grc' dir='ltr'><em>α</em></span> <span class='ocrx_word' id='word_1_25' title='bbox 2140 504 2348 571; x_wconf 85' lang='lat' dir='ltr'><strong>stella</strong></span> <span class='ocrx_word' id='word_1_26' title='bbox 2382 505 2453 569; x_wconf 83' lang='lat' dir='ltr'><strong>in</strong></span> <span class='ocrx_word' id='word_1_27' title='bbox 2482 502 2776 569; x_wconf 80' lang='lat' dir='ltr'><strong>clarita-</strong></span> 
     </span>
     <span class='ocr_line' id='line_1_5' title="bbox 1214 607 2778 680; baseline -0.003 -2"><span class='ocrx_word' id='word_1_28' title='bbox 1214 623 1299 679; x_wconf 90' lang='lat' dir='ltr'><strong>te.</strong></span> <span class='ocrx_word' id='word_1_29' title='bbox 1334 612 1420 680; x_wconf 85' lang='lat' dir='ltr'><strong>Et</strong></span> <span class='ocrx_word' id='word_1_30' title='bbox 1448 612 1581 679; x_wconf 88' lang='lat' dir='ltr'><strong>hoc</strong></span> <span class='ocrx_word' id='word_1_31' title='bbox 1612 612 1681 678; x_wconf 91' lang='lat' dir='ltr'><strong>in</strong></span> <span class='ocrx_word' id='word_1_32' title='bbox 1721 610 2209 680; x_wconf 86' lang='lat' dir='ltr'><strong>haereditatem.</strong></span> <span class='ocrx_word' id='word_1_33' title='bbox 2242 609 2378 677; x_wconf 89' lang='lat' dir='ltr'><strong>Ista</strong></span> <span class='ocrx_word' id='word_1_34' title='bbox 2415 611 2597 677; x_wconf 88' lang='lat' dir='ltr'><strong>enim</strong></span> <span class='ocrx_word' id='word_1_35' title='bbox 2629 607 2778 675; x_wconf 76' lang='lat' dir='ltr'><strong>hoe-</strong></span> 
     </span>
     <span class='ocr_line' id='line_1_6' title="bbox 1213 716 2765 796; baseline -0.004 -9"><span class='ocrx_word' id='word_1_36' title='bbox 1213 720 1460 787; x_wconf 81' lang='lat' dir='ltr'><strong>reditas</strong></span> <span class='ocrx_word' id='word_1_37' title='bbox 1526 728 1630 786; x_wconf 85' lang='lat' dir='ltr'><strong>est</strong></span> <span class='ocrx_word' id='word_1_38' title='bbox 1701 718 2190 787; x_wconf 85' lang='lat' dir='ltr'><strong>inamissibilis.</strong></span> <span class='ocrx_word' id='word_1_39' title='bbox 2247 716 2428 784; x_wconf 90' lang='lat' dir='ltr'><strong>Psal.</strong></span> <span class='ocrx_word' id='word_1_40' title='bbox 2502 740 2615 796; x_wconf 79' lang='lat' dir='ltr'><strong>xv,</strong></span> <span class='ocrx_word' id='word_1_41' title='bbox 2666 717 2704 782; x_wconf 84' lang='lat'><strong>6</strong></span> <span class='ocrx_word' id='word_1_42' title='bbox 2750 737 2765 781; x_wconf 77' lang='grc' dir='ltr'>ε</span> 
     </span>
     <span class='ocr_line' id='line_1_7' title="bbox 1211 826 2771 917; baseline -0.004 -21"><span class='ocrx_word' id='word_1_43' title='bbox 1211 830 1438 896; x_wconf 81' lang='lat' dir='ltr'><strong>Funes</strong></span> <span class='ocrx_word' id='word_1_44' title='bbox 1484 827 1870 895; x_wconf 80' lang='lat' dir='ltr'><strong>ceciderunt</strong></span> <span class='ocrx_word' id='word_1_45' title='bbox 1907 828 2082 894; x_wconf 72' lang='lat' dir='ltr'><strong>milii</strong></span> <span class='ocrx_word' id='word_1_46' title='bbox 2112 829 2183 894; x_wconf 82' lang='lat' dir='ltr'><strong>in</strong></span> <span class='ocrx_word' id='word_1_47' title='bbox 2214 826 2598 917; x_wconf 61' lang='lat' dir='ltr'><strong>praeclaris,</strong></span> <span class='ocrx_word' id='word_1_48' title='bbox 2668 833 2771 891; x_wconf 90' lang='lat' dir='ltr'><strong>et-</strong></span> 
     </span>
     <span class='ocr_line' id='line_1_8' title="bbox 1211 933 2715 1024; baseline -0.003 -22"><span class='ocrx_word' id='word_1_49' title='bbox 1211 937 1395 1003; x_wconf 82' lang='lat' dir='ltr'><strong>enim</strong></span> <span class='ocrx_word' id='word_1_50' title='bbox 1423 934 1788 1003; x_wconf 60' lang='lat' dir='ltr'><strong>haereditas</strong></span> <span class='ocrx_word' id='word_1_51' title='bbox 1828 957 1981 1003; x_wconf 86' lang='lat' dir='ltr'><strong>mea</strong></span> <span class='ocrx_word' id='word_1_52' title='bbox 2004 935 2351 1024; x_wconf 67' lang='lat' dir='ltr'><strong>praeclara</strong></span> <span class='ocrx_word' id='word_1_53' title='bbox 2389 943 2488 1002; x_wconf 88' lang='lat' dir='ltr'><strong>est</strong></span> <span class='ocrx_word' id='word_1_54' title='bbox 2517 933 2715 1001; x_wconf 70' lang='lat' dir='ltr'><strong>milti.</strong></span> 
     </span>
    </p>
   </div>
   <div class='ocr_carea' id='block_1_3' title="bbox 2872 286 4443 1236">
    <p class='ocr_par' dir='ltr' id='par_1_3' title="bbox 2872 286 4443 1236">
     <span class='ocr_line' id='line_1_9' title="bbox 2974 286 4442 369; baseline 0.005 -19"><span class='ocrx_word' id='word_1_55' title='bbox 2974 309 3007 350; x_wconf 73' lang='grc' dir='ltr'><strong>α</strong></span> <span class='ocrx_word' id='word_1_56' title='bbox 3043 286 3488 354; x_wconf 77' lang='lat' dir='ltr'><strong>Paucissimi.</strong></span> <span class='ocrx_word' id='word_1_57' title='bbox 3533 314 3564 348; x_wconf 71' lang='grc' dir='ltr'><strong>υ</strong></span> <span class='ocrx_word' id='word_1_58' title='bbox 3607 287 3778 356; x_wconf 86' lang='lat' dir='ltr'><strong>Ecce</strong></span> <span class='ocrx_word' id='word_1_59' title='bbox 3808 288 4204 356; x_wconf 85' lang='lat' dir='ltr'><strong>secuudum.</strong></span> <span class='ocrx_word' id='word_1_60' title='bbox 4235 290 4442 369; x_wconf 82' lang='lat' dir='ltr'><strong>Quasi</strong></span> 
     </span>
     <span class='ocr_line' id='line_1_10' title="bbox 2880 393 4443 488; baseline 0.006 -28"><span class='ocrx_word' id='word_1_61' title='bbox 2880 393 3134 462; x_wconf 87' lang='lat' dir='ltr'><strong>diceret</strong></span> <span class='ocrx_word' id='word_1_62' title='bbox 3169 418 3184 462; x_wconf 77' lang='grc' dir='ltr'>ε</span> <span class='ocrx_word' id='word_1_63' title='bbox 3232 394 3348 464; x_wconf 80' lang='lat' dir='ltr'><strong>Sic</strong></span> <span class='ocrx_word' id='word_1_64' title='bbox 3379 420 3538 464; x_wconf 89' lang='lat' dir='ltr'><strong>cum</strong></span> <span class='ocrx_word' id='word_1_65' title='bbox 3568 407 3794 465; x_wconf 87' lang='lat' dir='ltr'><strong>essent</strong></span> <span class='ocrx_word' id='word_1_66' title='bbox 3820 401 4018 488; x_wconf 85' lang='lat' dir='ltr'><strong>pauci</strong></span> <span class='ocrx_word' id='word_1_67' title='bbox 4059 423 4342 470; x_wconf 85' lang='lat' dir='ltr'><strong>numero</strong></span> <span class='ocrx_word' id='word_1_68' title='bbox 4373 404 4443 469; x_wconf 92' lang='lat' dir='ltr'><strong>in</strong></span> 
     </span>
     <span class='ocr_line' id='line_1_11' title="bbox 2878 504 4429 596; baseline 0.002 -29"><span class='ocrx_word' id='word_1_69' title='bbox 2878 523 2974 581; x_wconf 86' lang='lat' dir='ltr'><strong>se,</strong></span> <span class='ocrx_word' id='word_1_70' title='bbox 3018 511 3087 569; x_wconf 88' lang='lat' dir='ltr'><strong>et</strong></span> <span class='ocrx_word' id='word_1_71' title='bbox 3114 504 3323 570; x_wconf 88' lang='lat' dir='ltr'><strong>etiam</strong></span> <span class='ocrx_word' id='word_1_72' title='bbox 3377 506 3848 594; x_wconf 77' lang='lat' dir='ltr'><strong>«paucissimi</strong></span> <span class='ocrx_word' id='word_1_73' title='bbox 3891 508 4126 574; x_wconf 74' lang='lat' dir='ltr'><strong>incolae</strong></span> <span class='ocrx_word' id='word_1_74' title='bbox 4178 508 4356 596; x_wconf 83' lang='lat' dir='ltr'><strong>ejus,</strong></span> <span class='ocrx_word' id='word_1_75' title='bbox 4399 537 4429 570; x_wconf 66' lang='grc' dir='ltr'><strong>ι»</strong></span> 
     </span>
     <span class='ocr_line' id='line_1_12' title="bbox 2876 609 4437 708; baseline 0.004 -32"><span class='ocrx_word' id='word_1_76' title='bbox 2876 609 2946 677; x_wconf 91' lang='lat' dir='ltr'><strong>id</strong></span> <span class='ocrx_word' id='word_1_77' title='bbox 2985 619 3108 689; x_wconf 88' lang='lat' dir='ltr'><strong>est,</strong></span> <span class='ocrx_word' id='word_1_78' title='bbox 3156 611 3244 680; x_wconf 89' lang='lat' dir='ltr'><strong>ad</strong></span> <span class='ocrx_word' id='word_1_79' title='bbox 3273 612 3639 681; x_wconf 89' lang='lat' dir='ltr'><strong>colendum</strong></span> <span class='ocrx_word' id='word_1_80' title='bbox 3692 614 3877 682; x_wconf 83' lang='lat' dir='ltr'><strong>illum</strong></span> <span class='ocrx_word' id='word_1_81' title='bbox 3919 625 4166 683; x_wconf 85' lang='lat' dir='ltr'><strong>terram</strong></span> <span class='ocrx_word' id='word_1_82' title='bbox 4232 640 4437 708; x_wconf 88' lang='lat' dir='ltr'><strong>quam</strong></span> 
     </span>
     <span class='ocr_line' id='line_1_13' title="bbox 2875 716 4434 808; baseline 0.006 -25"><span class='ocrx_word' id='word_1_83' title='bbox 2875 716 3378 800; x_wconf 78' lang='lat' dir='ltr'><strong>inhabitabant,</strong></span> <span class='ocrx_word' id='word_1_84' title='bbox 3418 721 3612 808; x_wconf 87' lang='lat' dir='ltr'><strong>cujus</strong></span> <span class='ocrx_word' id='word_1_85' title='bbox 3641 722 3936 789; x_wconf 85' lang='lat' dir='ltr'><strong>cultores</strong></span> <span class='ocrx_word' id='word_1_86' title='bbox 3984 735 4176 792; x_wconf 81' lang='lat' dir='ltr'><strong>erant</strong></span> <span class='ocrx_word' id='word_1_87' title='bbox 4202 725 4287 792; x_wconf 84' lang='lat' dir='ltr'><strong>ad</strong></span> <span class='ocrx_word' id='word_1_88' title='bbox 4327 726 4434 793; x_wconf 90' lang='lat' dir='ltr'><strong>lit·</strong></span> 
     </span>
     <span class='ocr_line' id='line_1_14' title="bbox 2876 823 4435 921; baseline 0.006 -32"><span class='ocrx_word' id='word_1_89' title='bbox 2876 832 3117 891; x_wconf 86' lang='lat' dir='ltr'><strong>teram.</strong></span> <span class='ocrx_word' id='word_1_90' title='bbox 3150 823 3334 891; x_wconf 88' lang='lat' dir='ltr'><strong>Psal.</strong></span> <span class='ocrx_word' id='word_1_91' title='bbox 3371 849 3502 906; x_wconf 82' lang='lat' dir='ltr'><strong>civ,</strong></span> <span class='ocrx_word' id='word_1_92' title='bbox 3547 827 3631 894; x_wconf 83' lang='lat'><strong>23</strong></span> <span class='ocrx_word' id='word_1_93' title='bbox 3668 849 3682 894; x_wconf 73' lang='grc' dir='ltr'>ε</span> <span class='ocrx_word' id='word_1_94' title='bbox 3743 829 3957 896; x_wconf 82' lang='lat' dir='ltr'><em>Jacob</em></span> <span class='ocrx_word' id='word_1_95' title='bbox 4018 831 4250 897; x_wconf 83' lang='lat' dir='ltr'><strong>accola</strong></span> <span class='ocrx_word' id='word_1_96' title='bbox 4290 833 4435 921; x_wconf 78' lang='lat' dir='ltr'><strong>feeit</strong></span> 
     </span>
     <span class='ocr_line' id='line_1_15' title="bbox 2874 931 4431 1022; baseline 0.006 -25"><span class='ocrx_word' id='word_1_97' title='bbox 2874 931 2945 997; x_wconf 80' lang='lat' dir='ltr'><strong>in</strong></span> <span class='ocrx_word' id='word_1_98' title='bbox 2975 939 3160 998; x_wconf 83' lang='lat' dir='ltr'><strong>terra</strong></span> <span class='ocrx_word' id='word_1_99' title='bbox 3192 932 3434 1001; x_wconf 74' lang='lat' dir='ltr'><strong>cham.</strong></span> <span class='ocrx_word' id='word_1_100' title='bbox 3478 932 3738 1022; x_wconf 54' lang='lat' dir='ltr'><strong>,Genea</strong></span> <span class='ocrx_word' id='word_1_101' title='bbox 3780 958 4013 1017; x_wconf 76' lang='lat' dir='ltr'><strong>xxxiv,</strong></span> <span class='ocrx_word' id='word_1_102' title='bbox 4056 939 4130 1005; x_wconf 88' lang='lat'><strong>10</strong></span> <span class='ocrx_word' id='word_1_103' title='bbox 4166 960 4181 1004; x_wconf 89' lang='lat'>:</span> <span class='ocrx_word' id='word_1_104' title='bbox 4230 941 4431 1006; x_wconf 82' lang='lat' dir='ltr'><strong>Terra</strong></span> 
     </span>
     <span class='ocr_line' id='line_1_16' title="bbox 2873 1038 4427 1134; baseline 0.005 -30"><span class='ocrx_word' id='word_1_105' title='bbox 2873 1038 2945 1104; x_wconf 82' lang='lat' dir='ltr'><strong>in</strong></span> <span class='ocrx_word' id='word_1_106' title='bbox 2976 1047 3315 1128; x_wconf 81' lang='lat' dir='ltr'><strong>potestate</strong></span> <span class='ocrx_word' id='word_1_107' title='bbox 3343 1050 3567 1108; x_wconf 85' lang='lat' dir='ltr'><strong>vestra</strong></span> <span class='ocrx_word' id='word_1_108' title='bbox 3595 1052 3732 1109; x_wconf 85' lang='lat' dir='ltr'><strong>est:</strong></span> <span class='ocrx_word' id='word_1_109' title='bbox 3763 1055 4076 1121; x_wconf 71' lang='lat' dir='ltr'><strong>exercete,</strong></span> <span class='ocrx_word' id='word_1_110' title='bbox 4111 1047 4427 1134; x_wconf 74' lang='lat' dir='ltr'><strong>neqotia-</strong></span> 
     </span>
     <span class='ocr_line' id='line_1_17' title="bbox 2872 1145 3977 1236; baseline 0.005 -27"><span class='ocrx_word' id='word_1_111' title='bbox 2872 1145 3069 1222; x_wconf 82' lang='lat' dir='ltr'><strong>mini,</strong></span> <span class='ocrx_word' id='word_1_112' title='bbox 3125 1155 3190 1212; x_wconf 90' lang='lat' dir='ltr'><strong>et</strong></span> <span class='ocrx_word' id='word_1_113' title='bbox 3250 1147 3599 1236; x_wconf 81' lang='lat' dir='ltr'><strong>possidete</strong></span> <span class='ocrx_word' id='word_1_114' title='bbox 3636 1170 3812 1215; x_wconf 84' lang='lat' dir='ltr'><strong>eam.</strong></span> <span class='ocrx_word' id='word_1_115' title='bbox 3869 1150 3977 1216; x_wconf 86' lang='lat' dir='ltr'><strong>Ad</strong></span> 
     </span>
    </p>
   </div>
   <div class='ocr_carea' id='block_1_4' title="bbox 4032 1144 4769 1252">
    <p class='ocr_par' dir='ltr' id='par_1_4' title="bbox 4032 1144 4769 1252">
     <span class='ocr_line' id='line_1_18' title="bbox 4032 1144 4769 1252; baseline 0.003 -36"><span class='ocrx_word' id='word_1_116' title='bbox 4032 1150 4199 1218; x_wconf 85' lang='lat' dir='ltr'><strong>illud</strong></span> <span class='ocrx_word' id='word_1_117' title='bbox 4246 1161 4424 1220; x_wconf 84' lang='lat' dir='ltr'><strong>tem-</strong></span> <span class='ocrx_word' id='word_1_118' title='bbox 4450 1144 4769 1252; x_wconf 55' lang='lat' dir='ltr'><strong>pssssiiss‘sse.</strong></span> 
     </span>
    </p>
   </div>
   <div class='ocr_carea' id='block_1_5' title="bbox 1298 1252 4692 1339">
    <p class='ocr_par' dir='ltr' id='par_1_5' title="bbox 1298 1252 4692 1339">
     <span class='ocr_line' id='line_1_19' title="bbox 1298 1252 4692 1339; baseline -0.001 -10"><span class='ocrx_word' id='word_1_119' title='bbox 1298 1290 1334 1329; x_wconf 74' lang='grc' dir='ltr'><strong>α</strong></span> <span class='ocrx_word' id='word_1_120' title='bbox 1373 1265 1545 1333; x_wconf 81' lang='lat' dir='ltr'><strong>Cum</strong></span> <span class='ocrx_word' id='word_1_121' title='bbox 1596 1272 1809 1329; x_wconf 80' lang='lat' dir='ltr'><strong>essent</strong></span> <span class='ocrx_word' id='word_1_122' title='bbox 1851 1263 1921 1328; x_wconf 82' lang='lat' dir='ltr'><strong>in</strong></span> <span class='ocrx_word' id='word_1_123' title='bbox 1966 1285 2249 1329; x_wconf 82' lang='lat' dir='ltr'><strong>numero</strong></span> <span class='ocrx_word' id='word_1_124' title='bbox 2298 1261 2502 1329; x_wconf 76' lang='lat' dir='ltr'><strong>brevi.</strong></span> <span class='ocrx_word' id='word_1_125' title='bbox 2553 1287 2585 1321; x_wconf 75' lang='lat' dir='ltr'><strong>n</strong></span> <span class='ocrx_word' id='word_1_126' title='bbox 2637 1259 2766 1328; x_wconf 85' lang='lat' dir='ltr'><strong>Hic</strong></span> <span class='ocrx_word' id='word_1_127' title='bbox 2866 1273 2995 1339; x_wconf 71' lang='lat' dir='ltr'><strong>pus</strong></span> <span class='ocrx_word' id='word_1_128' title='bbox 3028 1252 3299 1320; x_wconf 69' lang='lat' dir='ltr'><strong>redacta</strong></span> <span class='ocrx_word' id='word_1_129' title='bbox 3319 1253 3589 1322; x_wconf 75' lang='lat' dir='ltr'><strong>Videtur</strong></span> <span class='ocrx_word' id='word_1_130' title='bbox 3614 1254 3911 1323; x_wconf 79' lang='lat' dir='ltr'><strong>Ecclesia</strong></span> <span class='ocrx_word' id='word_1_131' title='bbox 3948 1258 4019 1324; x_wconf 87' lang='lat' dir='ltr'><strong>iu</strong></span> <span class='ocrx_word' id='word_1_132' title='bbox 4059 1257 4289 1326; x_wconf 78' lang='lat' dir='ltr'><strong>multis</strong></span> <span class='ocrx_word' id='word_1_133' title='bbox 4327 1259 4423 1326; x_wconf 86' lang='lat' dir='ltr'><strong>lo·</strong></span> <span class='ocrx_word' id='word_1_134' title='bbox 4523 1252 4692 1303; x_wconf 53' lang='lat'><strong>⁰¹⁶⁰*</strong></span> 
     </span>
    </p>
   </div>
   <div class='ocr_carea' id='block_1_6' title="bbox 1154 1368 2765 5433">
    <p class='ocr_par' dir='ltr' id='par_1_6' title="bbox 1188 1368 2765 2190">
     <span class='ocr_line' id='line_1_20' title="bbox 1206 1368 2765 1461; baseline -0.003 -23"><span class='ocrx_word' id='word_1_135' title='bbox 1206 1371 1510 1461; x_wconf 83' lang='lat' dir='ltr'><strong>tangitur</strong></span> <span class='ocrx_word' id='word_1_136' title='bbox 1564 1368 1939 1437; x_wconf 86' lang='lat' dir='ltr'><strong>secundum</strong></span> <span class='ocrx_word' id='word_1_137' title='bbox 2001 1369 2431 1445; x_wconf 75' lang='lat' dir='ltr'><strong>beneficium,</strong></span> <span class='ocrx_word' id='word_1_138' title='bbox 2484 1375 2765 1457; x_wconf 89' lang='lat' dir='ltr'><strong>propter</strong></span> 
     </span>
     <span class='ocr_line' id='line_1_21' title="bbox 1205 1471 2764 1566; baseline -0.003 -25"><span class='ocrx_word' id='word_1_139' title='bbox 1205 1474 1390 1566; x_wconf 89' lang='lat' dir='ltr'><strong>quod</strong></span> <span class='ocrx_word' id='word_1_140' title='bbox 1429 1473 1614 1540; x_wconf 86' lang='lat' dir='ltr'><strong>Deus</strong></span> <span class='ocrx_word' id='word_1_141' title='bbox 1678 1472 2082 1557; x_wconf 86' lang='lat' dir='ltr'><strong>laudandus,</strong></span> <span class='ocrx_word' id='word_1_142' title='bbox 2128 1483 2194 1540; x_wconf 91' lang='lat' dir='ltr'><strong>et</strong></span> <span class='ocrx_word' id='word_1_143' title='bbox 2252 1473 2379 1561; x_wconf 90' lang='lat' dir='ltr'><strong>ipsi</strong></span> <span class='ocrx_word' id='word_1_144' title='bbox 2427 1471 2764 1539; x_wconf 81' lang='lat' dir='ltr'><strong>confiten-</strong></span> 
     </span>
     <span class='ocr_line' id='line_1_22' title="bbox 1200 1578 2753 1671; baseline -0.002 -23"><span class='ocrx_word' id='word_1_145' title='bbox 1200 1581 1364 1648; x_wconf 92' lang='lat' dir='ltr'><strong>dum</strong></span> <span class='ocrx_word' id='word_1_146' title='bbox 1401 1605 1416 1648; x_wconf 92' lang='lat'>:</span> <span class='ocrx_word' id='word_1_147' title='bbox 1444 1580 1702 1649; x_wconf 86' lang='lat' dir='ltr'><strong>scilicet</strong></span> <span class='ocrx_word' id='word_1_148' title='bbox 1729 1582 2059 1671; x_wconf 87' lang='lat' dir='ltr'><strong>protectio</strong></span> <span class='ocrx_word' id='word_1_149' title='bbox 2108 1579 2346 1670; x_wconf 90' lang='lat' dir='ltr'><strong>populi</strong></span> <span class='ocrx_word' id='word_1_150' title='bbox 2379 1578 2753 1657; x_wconf 87' lang='lat' dir='ltr'><strong>Israelitici,</strong></span> 
     </span>
     <span class='ocr_line' id='line_1_23' title="bbox 1198 1687 2756 1778; baseline -0.002 -22"><span class='ocrx_word' id='word_1_151' title='bbox 1198 1687 1423 1757; x_wconf 84' lang='lat' dir='ltr'><strong>adhuc</strong></span> <span class='ocrx_word' id='word_1_152' title='bbox 1455 1689 1645 1778; x_wconf 89' lang='lat' dir='ltr'><strong>parvi</strong></span> <span class='ocrx_word' id='word_1_153' title='bbox 1694 1689 1984 1764; x_wconf 88' lang='lat' dir='ltr'><strong>numeri,</strong></span> <span class='ocrx_word' id='word_1_154' title='bbox 2032 1695 2097 1755; x_wconf 87' lang='lat' dir='ltr'><strong>et</strong></span> <span class='ocrx_word' id='word_1_155' title='bbox 2149 1688 2645 1778; x_wconf 84' lang='lat' dir='ltr'><strong>peregrinantis</strong></span> <span class='ocrx_word' id='word_1_156' title='bbox 2687 1687 2756 1753; x_wconf 92' lang='lat' dir='ltr'><strong>in</strong></span> 
     </span>
     <span class='ocr_line' id='line_1_24' title="bbox 1194 1794 2757 1884; baseline -0.002 -21"><span class='ocrx_word' id='word_1_157' title='bbox 1194 1802 1409 1863; x_wconf 88' lang='lat' dir='ltr'><strong>terra:</strong></span> <span class='ocrx_word' id='word_1_158' title='bbox 1448 1798 1676 1884; x_wconf 90' lang='lat' dir='ltr'><strong>inquo</strong></span> <span class='ocrx_word' id='word_1_159' title='bbox 1726 1795 2047 1862; x_wconf 88' lang='lat' dir='ltr'><strong>dicuntur</strong></span> <span class='ocrx_word' id='word_1_160' title='bbox 2083 1794 2245 1862; x_wconf 92' lang='lat' dir='ltr'><strong>duo.</strong></span> <span class='ocrx_word' id='word_1_161' title='bbox 2287 1794 2548 1877; x_wconf 76' lang='lat' dir='ltr'><strong>Primo,</strong></span> <span class='ocrx_word' id='word_1_162' title='bbox 2582 1816 2757 1862; x_wconf 89' lang='lat' dir='ltr'><strong>con-</strong></span> 
     </span>
     <span class='ocr_line' id='line_1_25' title="bbox 1193 1901 2752 1993; baseline 0.001 -24"><span class='ocrx_word' id='word_1_163' title='bbox 1193 1903 1486 1972; x_wconf 77' lang='lat' dir='ltr'><strong>servatio</strong></span> <span class='ocrx_word' id='word_1_164' title='bbox 1518 1902 1701 1970; x_wconf 89' lang='lat' dir='ltr'><strong>illius</strong></span> <span class='ocrx_word' id='word_1_165' title='bbox 1741 1901 1977 1993; x_wconf 86' lang='lat' dir='ltr'><strong>populi</strong></span> <span class='ocrx_word' id='word_1_166' title='bbox 2024 1912 2181 1971; x_wconf 86' lang='lat' dir='ltr'><strong>ante</strong></span> <span class='ocrx_word' id='word_1_167' title='bbox 2232 1904 2614 1993; x_wconf 83' lang='lat' dir='ltr'><strong>ingressum</strong></span> <span class='ocrx_word' id='word_1_168' title='bbox 2683 1902 2752 1971; x_wconf 89' lang='lat' dir='ltr'><strong>in</strong></span> 
     </span>
     <span class='ocr_line' id='line_1_26' title="bbox 1190 2008 2746 2101; baseline 0 -25"><span class='ocrx_word' id='word_1_169' title='bbox 1190 2008 1600 2101; x_wconf 78' lang='lat' dir='ltr'><strong>AEgyptum.</strong></span> <span class='ocrx_word' id='word_1_170' title='bbox 1662 2008 2009 2092; x_wconf 86' lang='lat' dir='ltr'><strong>Secunde,</strong></span> <span class='ocrx_word' id='word_1_171' title='bbox 2079 2011 2151 2078; x_wconf 89' lang='lat' dir='ltr'><strong>in</strong></span> <span class='ocrx_word' id='word_1_172' title='bbox 2206 2010 2546 2099; x_wconf 81' lang='lat' dir='ltr'><strong>ingressu,</strong></span> <span class='ocrx_word' id='word_1_173' title='bbox 2626 2009 2746 2089; x_wconf 90' lang='lat' dir='ltr'><strong>ibi,</strong></span> 
     </span>
     <span class='ocr_line' id='line_1_27' title="bbox 1188 2117 2039 2190; baseline -0.001 -8"><span class='ocrx_word' id='word_1_174' title='bbox 1188 2123 1253 2190; x_wconf 56' lang='grc' dir='ltr'><strong>ἵ.</strong></span> <span class='ocrx_word' id='word_1_175' title='bbox 1294 2117 1374 2182; x_wconf 80' lang='grc'><strong>16</strong></span> <span class='ocrx_word' id='word_1_176' title='bbox 1420 2138 1435 2182; x_wconf 88' lang='lat'>:</span> <span class='ocrx_word' id='word_1_177' title='bbox 1484 2142 1517 2180; x_wconf 86' lang='lat'><strong>«</strong></span> <span class='ocrx_word' id='word_1_178' title='bbox 1551 2118 1649 2182; x_wconf 74' lang='grc' dir='ltr'><strong>Εἰ</strong></span> <span class='ocrx_word' id='word_1_179' title='bbox 1678 2117 1966 2184; x_wconf 80' lang='lat' dir='ltr'><strong>vocavit.</strong></span> <span class='ocrx_word' id='word_1_180' title='bbox 2004 2141 2039 2181; x_wconf 82' lang='lat'><strong>»</strong></span> 
     </span>
    </p>

    <p class='ocr_par' dir='ltr' id='par_1_7' title="bbox 1186 2221 2751 2528">
     <span class='ocr_line' id='line_1_28' title="bbox 1279 2221 2751 2311; baseline 0 -24"><span class='ocrx_word' id='word_1_181' title='bbox 1279 2221 1353 2290; x_wconf 89' lang='lat' dir='ltr'><strong>ln</strong></span> <span class='ocrx_word' id='word_1_182' title='bbox 1386 2223 1607 2311; x_wconf 90' lang='lat' dir='ltr'><strong>prima</strong></span> <span class='ocrx_word' id='word_1_183' title='bbox 1664 2221 1826 2288; x_wconf 86' lang='lat' dir='ltr'><strong>duo.</strong></span> <span class='ocrx_word' id='word_1_184' title='bbox 1882 2221 2138 2303; x_wconf 85' lang='lat' dir='ltr'><strong>Primo,</strong></span> <span class='ocrx_word' id='word_1_185' title='bbox 2191 2222 2557 2290; x_wconf 79' lang='lat' dir='ltr'><strong>necessitas</strong></span> <span class='ocrx_word' id='word_1_186' title='bbox 2597 2243 2751 2310; x_wconf 89' lang='lat' dir='ltr'><strong>pro-</strong></span> 
     </span>
     <span class='ocr_line' id='line_1_29' title="bbox 1186 2328 2741 2413; baseline -0.002 -15"><span class='ocrx_word' id='word_1_187' title='bbox 1186 2329 1498 2398; x_wconf 89' lang='lat' dir='ltr'><strong>tectionis</strong></span> <span class='ocrx_word' id='word_1_188' title='bbox 1562 2338 2005 2397; x_wconf 85' lang='lat' dir='ltr'><strong>monstratur.</strong></span> <span class='ocrx_word' id='word_1_189' title='bbox 2072 2328 2416 2413; x_wconf 87' lang='lat' dir='ltr'><strong>Secund0,</strong></span> <span class='ocrx_word' id='word_1_190' title='bbox 2469 2328 2741 2407; x_wconf 87' lang='lat' dir='ltr'><strong>modus,</strong></span> 
     </span>
     <span class='ocr_line' id='line_1_30' title="bbox 1186 2436 2257 2528; baseline -0.004 -22"><span class='ocrx_word' id='word_1_191' title='bbox 1186 2438 1308 2517; x_wconf 91' lang='lat' dir='ltr'><strong>ibi,</strong></span> <span class='ocrx_word' id='word_1_192' title='bbox 1350 2446 1417 2516; x_wconf 53' lang='grc' dir='ltr'><strong>ἀ.</strong></span> <span class='ocrx_word' id='word_1_193' title='bbox 1455 2438 1537 2505; x_wconf 81' lang='lat'><strong>14</strong></span> <span class='ocrx_word' id='word_1_194' title='bbox 1573 2461 1589 2506; x_wconf 76' lang='grc' dir='ltr'>ε</span> <span class='ocrx_word' id='word_1_195' title='bbox 1636 2462 1671 2504; x_wconf 72' lang='grc' dir='ltr'>ι</span> <span class='ocrx_word' id='word_1_196' title='bbox 1708 2439 1860 2506; x_wconf 81' lang='lat' dir='ltr'><strong>Non</strong></span> <span class='ocrx_word' id='word_1_197' title='bbox 1892 2436 2200 2528; x_wconf 80' lang='lat' dir='ltr'><strong>reliquit.</strong></span> <span class='ocrx_word' id='word_1_198' title='bbox 2225 2462 2257 2502; x_wconf 74' lang='grc' dir='ltr'><strong>ιι</strong></span> 
     </span>
    </p>

    <p class='ocr_par' dir='ltr' id='par_1_8' title="bbox 1177 2545 2743 3068">
     <span class='ocr_line' id='line_1_31' title="bbox 1271 2545 2741 2637; baseline -0.001 -22"><span class='ocrx_word' id='word_1_199' title='bbox 1271 2545 1657 2617; x_wconf 80' lang='lat' dir='ltr'><strong>Necessitas</strong></span> <span class='ocrx_word' id='word_1_200' title='bbox 1722 2548 2162 2637; x_wconf 88' lang='lat' dir='ltr'><strong>protectionis</strong></span> <span class='ocrx_word' id='word_1_201' title='bbox 2211 2552 2632 2614; x_wconf 87' lang='lat' dir='ltr'><strong>monstratur</strong></span> <span class='ocrx_word' id='word_1_202' title='bbox 2674 2546 2741 2614; x_wconf 89' lang='lat' dir='ltr'><strong>in</strong></span> 
     </span>
     <span class='ocr_line' id='line_1_32' title="bbox 1181 2650 2740 2744; baseline 0.001 -24"><span class='ocrx_word' id='word_1_203' title='bbox 1181 2653 1474 2722; x_wconf 89' lang='lat' dir='ltr'><strong>duobus.</strong></span> <span class='ocrx_word' id='word_1_204' title='bbox 1518 2653 1597 2721; x_wconf 90' lang='lat' dir='ltr'><strong>ln</strong></span> <span class='ocrx_word' id='word_1_205' title='bbox 1627 2655 1963 2744; x_wconf 78' lang='lat' dir='ltr'><strong>paucitate</strong></span> <span class='ocrx_word' id='word_1_206' title='bbox 1992 2650 2229 2743; x_wconf 88' lang='lat' dir='ltr'><strong>populi</strong></span> <span class='ocrx_word' id='word_1_207' title='bbox 2271 2653 2448 2720; x_wconf 89' lang='lat' dir='ltr'><strong>inter</strong></span> <span class='ocrx_word' id='word_1_208' title='bbox 2484 2651 2740 2721; x_wconf 85' lang='lat' dir='ltr'><strong>multos</strong></span> 
     </span>
     <span class='ocr_line' id='line_1_33' title="bbox 1179 2758 2743 2830; baseline 0 -2"><span class='ocrx_word' id='word_1_209' title='bbox 1179 2760 1397 2829; x_wconf 87' lang='lat' dir='ltr'><strong>malos</strong></span> <span class='ocrx_word' id='word_1_210' title='bbox 1443 2760 1817 2830; x_wconf 86' lang='lat' dir='ltr'><strong>habitantis</strong></span> <span class='ocrx_word' id='word_1_211' title='bbox 1859 2783 1876 2830; x_wconf 85' lang='lat'>:</span> <span class='ocrx_word' id='word_1_212' title='bbox 1918 2771 1988 2829; x_wconf 86' lang='lat' dir='ltr'><strong>et</strong></span> <span class='ocrx_word' id='word_1_213' title='bbox 2034 2758 2474 2829; x_wconf 81' lang='lat' dir='ltr'><strong>instabilitate</strong></span> <span class='ocrx_word' id='word_1_214' title='bbox 2515 2769 2743 2828; x_wconf 89' lang='lat' dir='ltr'><strong>trans-</strong></span> 
     </span>
     <span class='ocr_line' id='line_1_34' title="bbox 1177 2866 2736 2953; baseline -0.002 -16"><span class='ocrx_word' id='word_1_215' title='bbox 1177 2870 1402 2937; x_wconf 88' lang='lat' dir='ltr'><strong>euntis</strong></span> <span class='ocrx_word' id='word_1_216' title='bbox 1448 2867 1531 2936; x_wconf 89' lang='lat' dir='ltr'><strong>de</strong></span> <span class='ocrx_word' id='word_1_217' title='bbox 1596 2876 1922 2937; x_wconf 83' lang='lat' dir='ltr'><strong>extraneo</strong></span> <span class='ocrx_word' id='word_1_218' title='bbox 1960 2867 2114 2936; x_wconf 89' lang='lat' dir='ltr'><strong>loco</strong></span> <span class='ocrx_word' id='word_1_219' title='bbox 2163 2866 2251 2935; x_wconf 89' lang='lat' dir='ltr'><strong>ad</strong></span> <span class='ocrx_word' id='word_1_220' title='bbox 2305 2877 2736 2953; x_wconf 83' lang='lat' dir='ltr'><strong>extraneum,</strong></span> 
     </span>
     <span class='ocr_line' id='line_1_35' title="bbox 1178 2975 2457 3068; baseline -0.002 -25"><span class='ocrx_word' id='word_1_221' title='bbox 1178 2975 1297 3060; x_wconf 88' lang='lat' dir='ltr'><strong>ibi,</strong></span> <span class='ocrx_word' id='word_1_222' title='bbox 1330 2983 1394 3055; x_wconf 58' lang='grc' dir='ltr'><strong>ὴ.</strong></span> <span class='ocrx_word' id='word_1_223' title='bbox 1440 2978 1516 3044; x_wconf 86' lang='grc'><strong>13</strong></span> <span class='ocrx_word' id='word_1_224' title='bbox 1549 2999 1565 3043; x_wconf 75' lang='lat'>2</span> <span class='ocrx_word' id='word_1_225' title='bbox 1615 3000 1651 3042; x_wconf 76' lang='grc' dir='ltr'>ι</span> <span class='ocrx_word' id='word_1_226' title='bbox 1682 2978 1779 3045; x_wconf 77' lang='grc' dir='ltr'><strong>ΕΙ</strong></span> <span class='ocrx_word' id='word_1_227' title='bbox 1804 2976 2383 3068; x_wconf 78' lang='lat' dir='ltr'><strong>pertransierunt.</strong></span> <span class='ocrx_word' id='word_1_228' title='bbox 2424 3006 2457 3040; x_wconf 70' lang='grc' dir='ltr'>ι</span> 
     </span>
    </p>

    <p class='ocr_par' dir='ltr' id='par_1_9' title="bbox 1170 3085 2739 3691">
     <span class='ocr_line' id='line_1_36' title="bbox 1266 3085 2739 3178; baseline 0.001 -25"><span class='ocrx_word' id='word_1_229' title='bbox 1266 3085 1343 3154; x_wconf 85' lang='lat' dir='ltr'><strong>ln</strong></span> <span class='ocrx_word' id='word_1_230' title='bbox 1374 3086 1594 3178; x_wconf 85' lang='lat' dir='ltr'><strong>prima</strong></span> <span class='ocrx_word' id='word_1_231' title='bbox 1621 3086 1783 3154; x_wconf 77' lang='lat' dir='ltr'><strong>(luo.</strong></span> <span class='ocrx_word' id='word_1_232' title='bbox 1823 3085 2055 3154; x_wconf 82' lang='lat' dir='ltr'><strong>l’rimo</strong></span> <span class='ocrx_word' id='word_1_233' title='bbox 2094 3086 2279 3155; x_wconf 87' lang='lat' dir='ltr'><strong>enim</strong></span> <span class='ocrx_word' id='word_1_234' title='bbox 2320 3094 2739 3156; x_wconf 86' lang='lat' dir='ltr'><strong>monstratur</strong></span> 
     </span>
     <span class='ocr_line' id='line_1_37' title="bbox 1174 3194 2735 3285; baseline 0.002 -23"><span class='ocrx_word' id='word_1_235' title='bbox 1174 3195 1479 3285; x_wconf 78' lang='lat' dir='ltr'><strong>paucitas</strong></span> <span class='ocrx_word' id='word_1_236' title='bbox 1510 3204 1787 3285; x_wconf 86' lang='lat' dir='ltr'><strong>propter</strong></span> <span class='ocrx_word' id='word_1_237' title='bbox 1814 3217 2180 3262; x_wconf 85' lang='lat' dir='ltr'><strong>numerum</strong></span> <span class='ocrx_word' id='word_1_238' title='bbox 2229 3194 2567 3264; x_wconf 87' lang='lat' dir='ltr'><strong>absolute.</strong></span> <span class='ocrx_word' id='word_1_239' title='bbox 2614 3195 2735 3266; x_wconf 84' lang='lat' dir='ltr'><strong>Se·</strong></span> 
     </span>
     <span class='ocr_line' id='line_1_38' title="bbox 1170 3297 2729 3388; baseline 0.002 -21"><span class='ocrx_word' id='word_1_240' title='bbox 1170 3298 1421 3379; x_wconf 82' lang='lat' dir='ltr'><strong>eunde,</strong></span> <span class='ocrx_word' id='word_1_241' title='bbox 1445 3300 1954 3388; x_wconf 74' lang='lat' dir='ltr'><strong>comparatione</strong></span> <span class='ocrx_word' id='word_1_242' title='bbox 1986 3298 2069 3366; x_wconf 88' lang='lat' dir='ltr'><strong>ad</strong></span> <span class='ocrx_word' id='word_1_243' title='bbox 2107 3297 2447 3369; x_wconf 87' lang='lat' dir='ltr'><strong>culturam</strong></span> <span class='ocrx_word' id='word_1_244' title='bbox 2478 3309 2676 3369; x_wconf 67' lang='lat' dir='ltr'><strong>terras</strong></span> <span class='ocrx_word' id='word_1_245' title='bbox 2710 3322 2729 3371; x_wconf 73' lang='grc' dir='ltr'><strong><em>ε</em></strong></span> 
     </span>
     <span class='ocr_line' id='line_1_39' title="bbox 1172 3406 2732 3497; baseline 0.003 -24"><span class='ocrx_word' id='word_1_246' title='bbox 1172 3415 1505 3497; x_wconf 86' lang='lat' dir='ltr'><strong>quantum</strong></span> <span class='ocrx_word' id='word_1_247' title='bbox 1536 3407 1722 3473; x_wconf 84' lang='lat' dir='ltr'><strong>enim</strong></span> <span class='ocrx_word' id='word_1_248' title='bbox 1756 3406 1843 3473; x_wconf 74' lang='lat' dir='ltr'><strong>ml</strong></span> <span class='ocrx_word' id='word_1_249' title='bbox 1875 3406 2029 3483; x_wconf 84' lang='lat' dir='ltr'><strong>hoc,</strong></span> <span class='ocrx_word' id='word_1_250' title='bbox 2063 3417 2258 3475; x_wconf 85' lang='lat' dir='ltr'><strong>crant</strong></span> <span class='ocrx_word' id='word_1_251' title='bbox 2290 3431 2432 3475; x_wconf 87' lang='lat' dir='ltr'><strong>non</strong></span> <span class='ocrx_word' id='word_1_252' title='bbox 2462 3417 2732 3477; x_wconf 90' lang='lat' dir='ltr'><strong>tantum</strong></span> 
     </span>
     <span class='ocr_line' id='line_1_40' title="bbox 1174 3514 2734 3605; baseline 0.002 -23"><span class='ocrx_word' id='word_1_253' title='bbox 1174 3515 1398 3605; x_wconf 89' lang='lat' dir='ltr'><strong>pauci,</strong></span> <span class='ocrx_word' id='word_1_254' title='bbox 1437 3514 1557 3582; x_wconf 83' lang='lat' dir='ltr'><strong>sed</strong></span> <span class='ocrx_word' id='word_1_255' title='bbox 1595 3523 1662 3581; x_wconf 89' lang='lat' dir='ltr'><strong>et</strong></span> <span class='ocrx_word' id='word_1_256' title='bbox 1720 3515 2137 3604; x_wconf 77' lang='lat' dir='ltr'><strong>paucissimi,</strong></span> <span class='ocrx_word' id='word_1_257' title='bbox 2180 3514 2303 3594; x_wconf 88' lang='lat' dir='ltr'><strong>ibi,</strong></span> <span class='ocrx_word' id='word_1_258' title='bbox 2365 3542 2399 3580; x_wconf 75' lang='grc' dir='ltr'><strong>α</strong></span> <span class='ocrx_word' id='word_1_259' title='bbox 2437 3517 2734 3585; x_wconf 74' lang='lat' dir='ltr'><strong>Paucis-</strong></span> 
     </span>
     <span class='ocr_line' id='line_1_41' title="bbox 1170 3624 1428 3691; baseline -0.012 0"><span class='ocrx_word' id='word_1_260' title='bbox 1170 3624 1355 3691; x_wconf 74' lang='lat' dir='ltr'><strong>st&#39;mi.</strong></span> <span class='ocrx_word' id='word_1_261' title='bbox 1391 3652 1428 3688; x_wconf 76' lang='grc' dir='ltr'><strong>ιο</strong></span> 
     </span>
    </p>

    <p class='ocr_par' dir='ltr' id='par_1_10' title="bbox 1154 3728 2729 5433">
     <span class='ocr_line' id='line_1_42' title="bbox 1260 3728 2725 3821; baseline 0.004 -23"><span class='ocrx_word' id='word_1_262' title='bbox 1260 3728 1439 3800; x_wconf 82' lang='lat' dir='ltr'><strong>Dicit</strong></span> <span class='ocrx_word' id='word_1_263' title='bbox 1492 3754 1657 3821; x_wconf 82' lang='lat' dir='ltr'><strong>ergo</strong></span> <span class='ocrx_word' id='word_1_264' title='bbox 1692 3752 1709 3797; x_wconf 90' lang='lat'>:</span> <span class='ocrx_word' id='word_1_265' title='bbox 1748 3731 1863 3800; x_wconf 90' lang='lat' dir='ltr'><strong>Sic</strong></span> <span class='ocrx_word' id='word_1_266' title='bbox 1899 3731 2367 3801; x_wconf 77' lang='lat' dir='ltr'><strong>confitendum</strong></span> <span class='ocrx_word' id='word_1_267' title='bbox 2401 3732 2725 3815; x_wconf 87' lang='lat' dir='ltr'><strong>Domino,</strong></span> 
     </span>
     <span class='ocr_line' id='line_1_43' title="bbox 1167 3836 2726 3927; baseline 0.005 -24"><span class='ocrx_word' id='word_1_268' title='bbox 1167 3837 1332 3926; x_wconf 90' lang='lat' dir='ltr'><strong>quia</strong></span> <span class='ocrx_word' id='word_1_269' title='bbox 1386 3838 1778 3927; x_wconf 81' lang='lat' dir='ltr'><strong>promittere</strong></span> <span class='ocrx_word' id='word_1_270' title='bbox 1825 3836 2048 3905; x_wconf 79' lang='lat' dir='ltr'><strong>voluit</strong></span> <span class='ocrx_word' id='word_1_271' title='bbox 2093 3847 2396 3907; x_wconf 85' lang='lat' dir='ltr'><strong>terram:</strong></span> <span class='ocrx_word' id='word_1_272' title='bbox 2466 3840 2588 3909; x_wconf 88' lang='lat' dir='ltr'><strong>sed</strong></span> <span class='ocrx_word' id='word_1_273' title='bbox 2641 3863 2726 3911; x_wconf 87' lang='lat' dir='ltr'><strong>ne</strong></span> 
     </span>
     <span class='ocr_line' id='line_1_44' title="bbox 1165 3943 2728 4040; baseline 0.004 -29"><span class='ocrx_word' id='word_1_274' title='bbox 1165 3943 1401 4012; x_wconf 82' lang='lat' dir='ltr'><strong>credas</strong></span> <span class='ocrx_word' id='word_1_275' title='bbox 1449 3945 1721 4013; x_wconf 85' lang='lat' dir='ltr'><strong>iuterim</strong></span> <span class='ocrx_word' id='word_1_276' title='bbox 1778 3969 1819 4012; x_wconf 89' lang='lat' dir='ltr'><strong>a</strong></span> <span class='ocrx_word' id='word_1_277' title='bbox 1870 3945 2011 4013; x_wconf 84' lang='lat' dir='ltr'><strong>Deo</strong></span> <span class='ocrx_word' id='word_1_278' title='bbox 2041 3944 2514 4030; x_wconf 82' lang='lat' dir='ltr'><strong>dimittendos,</strong></span> <span class='ocrx_word' id='word_1_279' title='bbox 2564 3951 2728 4040; x_wconf 87' lang='lat' dir='ltr'><strong>quia</strong></span> 
     </span>
     <span class='ocr_line' id='line_1_45' title="bbox 1170 4052 2724 4135; baseline 0.005 -17"><span class='ocrx_word' id='word_1_280' title='bbox 1170 4076 1206 4118; x_wconf 76' lang='grc' dir='ltr'>ι</span> <span class='ocrx_word' id='word_1_281' title='bbox 1254 4074 1412 4121; x_wconf 79' lang='lat' dir='ltr'><strong>cum</strong></span> <span class='ocrx_word' id='word_1_282' title='bbox 1490 4062 1708 4121; x_wconf 79' lang='lat' dir='ltr'><strong>essent</strong></span> <span class='ocrx_word' id='word_1_283' title='bbox 1769 4052 1993 4122; x_wconf 85' lang='lat' dir='ltr'><strong>adhuc</strong></span> <span class='ocrx_word' id='word_1_284' title='bbox 2092 4077 2378 4124; x_wconf 80' lang='lat' dir='ltr'><strong>numero</strong></span> <span class='ocrx_word' id='word_1_285' title='bbox 2441 4055 2652 4135; x_wconf 79' lang='lat' dir='ltr'><strong>brevi,</strong></span> <span class='ocrx_word' id='word_1_286' title='bbox 2687 4081 2724 4124; x_wconf 73' lang='grc' dir='ltr'>ι</span> 
     </span>
     <span class='ocr_line' id='line_1_46' title="bbox 1163 4156 2727 4252; baseline 0.003 -25"><span class='ocrx_word' id='word_1_287' title='bbox 1163 4158 1372 4227; x_wconf 83' lang='lat' dir='ltr'><strong>etiam</strong></span> <span class='ocrx_word' id='word_1_288' title='bbox 1413 4167 1720 4250; x_wconf 84' lang='lat' dir='ltr'><strong>tempore</strong></span> <span class='ocrx_word' id='word_1_289' title='bbox 1746 4156 1987 4236; x_wconf 84' lang='lat' dir='ltr'><strong>Jacob,</strong></span> <span class='ocrx_word' id='word_1_290' title='bbox 2028 4169 2098 4228; x_wconf 87' lang='lat' dir='ltr'><strong>et</strong></span> <span class='ocrx_word' id='word_1_291' title='bbox 2125 4169 2284 4252; x_wconf 88' lang='lat' dir='ltr'><strong>post</strong></span> <span class='ocrx_word' id='word_1_292' title='bbox 2320 4161 2615 4231; x_wconf 82' lang='lat' dir='ltr'><strong>reditum</strong></span> <span class='ocrx_word' id='word_1_293' title='bbox 2640 4162 2727 4232; x_wconf 88' lang='lat' dir='ltr'><strong>de</strong></span> 
     </span>
     <span class='ocr_line' id='line_1_47' title="bbox 1165 4263 2729 4357; baseline 0.004 -24"><span class='ocrx_word' id='word_1_294' title='bbox 1165 4264 1659 4357; x_wconf 76' lang='lat' dir='ltr'><strong>Mesopotamia</strong></span> <span class='ocrx_word' id='word_1_295' title='bbox 1696 4263 1937 4357; x_wconf 79' lang='lat' dir='ltr'><strong>Syriae,</strong></span> <span class='ocrx_word' id='word_1_296' title='bbox 1972 4266 2145 4335; x_wconf 87' lang='lat' dir='ltr'><strong>Gen.</strong></span> <span class='ocrx_word' id='word_1_297' title='bbox 2197 4289 2436 4348; x_wconf 79' lang='lat' dir='ltr'><strong>xxxiv,</strong></span> <span class='ocrx_word' id='word_1_298' title='bbox 2468 4270 2581 4346; x_wconf 80' lang='lat'><strong>30,</strong></span> <span class='ocrx_word' id='word_1_299' title='bbox 2615 4268 2729 4338; x_wconf 86' lang='lat' dir='ltr'><strong>‹li-</strong></span> 
     </span>
     <span class='ocr_line' id='line_1_48' title="bbox 1163 4372 2728 4466; baseline 0.004 -26"><span class='ocrx_word' id='word_1_300' title='bbox 1163 4373 1262 4442; x_wconf 86' lang='lat' dir='ltr'><strong>xit</strong></span> <span class='ocrx_word' id='word_1_301' title='bbox 1286 4372 1503 4441; x_wconf 82' lang='lat' dir='ltr'><strong>Jacob</strong></span> <span class='ocrx_word' id='word_1_302' title='bbox 1540 4372 1625 4441; x_wconf 85' lang='lat' dir='ltr'><strong>ad</strong></span> <span class='ocrx_word' id='word_1_303' title='bbox 1674 4372 1851 4441; x_wconf 82' lang='lat' dir='ltr'><strong>lilios</strong></span> <span class='ocrx_word' id='word_1_304' title='bbox 1899 4395 2063 4442; x_wconf 80' lang='lat' dir='ltr'><strong>suos</strong></span> <span class='ocrx_word' id='word_1_305' title='bbox 2111 4382 2478 4466; x_wconf 84' lang='lat' dir='ltr'><strong>postquam</strong></span> <span class='ocrx_word' id='word_1_306' title='bbox 2536 4376 2728 4446; x_wconf 89' lang='lat' dir='ltr'><strong>occi-</strong></span> 
     </span>
     <span class='ocr_line' id='line_1_49' title="bbox 1164 4477 2722 4572; baseline 0.004 -25"><span class='ocrx_word' id='word_1_307' title='bbox 1164 4477 1403 4548; x_wconf 87' lang='lat' dir='ltr'><strong>derant</strong></span> <span class='ocrx_word' id='word_1_308' title='bbox 1467 4477 1888 4550; x_wconf 77' lang='lat' dir='ltr'><strong>Schimitas:</strong></span> <span class='ocrx_word' id='word_1_309' title='bbox 1959 4481 2100 4550; x_wconf 82' lang='lat' dir='ltr'><strong>Nos</strong></span> <span class='ocrx_word' id='word_1_310' title='bbox 2148 4482 2366 4572; x_wconf 77' lang='lat' dir='ltr'><strong>pauci</strong></span> <span class='ocrx_word' id='word_1_311' title='bbox 2413 4504 2657 4552; x_wconf 81' lang='lat' dir='ltr'><strong>sumus</strong></span> <span class='ocrx_word' id='word_1_312' title='bbox 2695 4504 2722 4553; x_wconf 89' lang='lat'><strong>.·</strong></span> 
     </span>
     <span class='ocr_line' id='line_1_50' title="bbox 1166 4585 2725 4678; baseline 0.004 -25"><span class='ocrx_word' id='word_1_313' title='bbox 1166 4585 1282 4655; x_wconf 69' lang='lat' dir='ltr'><em>illa·</em></span> <span class='ocrx_word' id='word_1_314' title='bbox 1308 4588 1710 4678; x_wconf 74' lang='lat' dir='ltr'><strong>conqreqati</strong></span> <span class='ocrx_word' id='word_1_315' title='bbox 1740 4588 2125 4678; x_wconf 72' lang='lat' dir='ltr'><strong>percutient</strong></span> <span class='ocrx_word' id='word_1_316' title='bbox 2173 4611 2304 4667; x_wconf 85' lang='lat' dir='ltr'><strong>me,</strong></span> <span class='ocrx_word' id='word_1_317' title='bbox 2347 4600 2412 4658; x_wconf 85' lang='lat' dir='ltr'><strong>et</strong></span> <span class='ocrx_word' id='word_1_318' title='bbox 2445 4589 2725 4659; x_wconf 79' lang='lat' dir='ltr'><strong>delebor</strong></span> 
     </span>
     <span class='ocr_line' id='line_1_51' title="bbox 1161 4694 2725 4789; baseline 0.003 -26"><span class='ocrx_word' id='word_1_319' title='bbox 1161 4718 1312 4786; x_wconf 78' lang='lat' dir='ltr'><strong>eqo,</strong></span> <span class='ocrx_word' id='word_1_320' title='bbox 1350 4694 1691 4765; x_wconf 70' lang='lat' dir='ltr'><strong>cadomus</strong></span> <span class='ocrx_word' id='word_1_321' title='bbox 1729 4718 1905 4764; x_wconf 70' lang='lat' dir='ltr'><strong>ntea.</strong></span> <span class='ocrx_word' id='word_1_322' title='bbox 1951 4696 2189 4789; x_wconf 78' lang='lat' dir='ltr'><strong>Neque</strong></span> <span class='ocrx_word' id='word_1_323' title='bbox 2251 4696 2385 4768; x_wconf 88' lang='lat' dir='ltr'><strong>hoc</strong></span> <span class='ocrx_word' id='word_1_324' title='bbox 2430 4707 2533 4767; x_wconf 89' lang='lat' dir='ltr'><strong>est</strong></span> <span class='ocrx_word' id='word_1_325' title='bbox 2561 4722 2725 4768; x_wconf 89' lang='lat' dir='ltr'><strong>con-</strong></span> 
     </span>
     <span class='ocr_line' id='line_1_52' title="bbox 1164 4802 2712 4895; baseline 0.003 -24"><span class='ocrx_word' id='word_1_326' title='bbox 1164 4812 1266 4872; x_wconf 89' lang='lat' dir='ltr'><strong>tra</strong></span> <span class='ocrx_word' id='word_1_327' title='bbox 1305 4802 1438 4873; x_wconf 88' lang='lat' dir='ltr'><strong>hoc</strong></span> <span class='ocrx_word' id='word_1_328' title='bbox 1475 4803 1662 4895; x_wconf 86' lang='lat' dir='ltr'><strong>quod</strong></span> <span class='ocrx_word' id='word_1_329' title='bbox 1700 4804 1957 4872; x_wconf 83' lang='lat' dir='ltr'><strong>dictum</strong></span> <span class='ocrx_word' id='word_1_330' title='bbox 1979 4814 2081 4874; x_wconf 83' lang='lat' dir='ltr'><strong>est</strong></span> <span class='ocrx_word' id='word_1_331' title='bbox 2105 4805 2428 4888; x_wconf 75' lang='lat' dir='ltr'><strong>Abrahoe,</strong></span> <span class='ocrx_word' id='word_1_332' title='bbox 2463 4807 2712 4876; x_wconf 85' lang='lat' dir='ltr'><strong>Genes.</strong></span> 
     </span>
     <span class='ocr_line' id='line_1_53' title="bbox 1159 4909 2720 5003; baseline 0.003 -25"><span class='ocrx_word' id='word_1_333' title='bbox 1159 4931 1325 4986; x_wconf 77' lang='lat' dir='ltr'><strong>xxii,</strong></span> <span class='ocrx_word' id='word_1_334' title='bbox 1372 4911 1451 4977; x_wconf 83' lang='grc' dir='ltr'><strong>Π</strong></span> <span class='ocrx_word' id='word_1_335' title='bbox 1486 4929 1505 4979; x_wconf 87' lang='lat'>:</span> <span class='ocrx_word' id='word_1_336' title='bbox 1539 4909 2030 5003; x_wconf 77' lang='lat' dir='ltr'><strong>Multiplicabo</strong></span> <span class='ocrx_word' id='word_1_337' title='bbox 2056 4934 2282 4980; x_wconf 78' lang='lat' dir='ltr'><strong>semen</strong></span> <span class='ocrx_word' id='word_1_338' title='bbox 2311 4921 2513 4981; x_wconf 80' lang='lat' dir='ltr'><strong>tuum</strong></span> <span class='ocrx_word' id='word_1_339' title='bbox 2539 4914 2720 4983; x_wconf 72' lang='lat' dir='ltr'><strong>sieut</strong></span> 
     </span>
     <span class='ocr_line' id='line_1_54' title="bbox 1154 5016 2717 5114; baseline 0.003 -28"><span class='ocrx_word' id='word_1_340' title='bbox 1154 5017 1397 5086; x_wconf 80' lang='lat' dir='ltr'><strong>stellas</strong></span> <span class='ocrx_word' id='word_1_341' title='bbox 1429 5016 1607 5095; x_wconf 77' lang='lat' dir='ltr'><strong>coeli,</strong></span> <span class='ocrx_word' id='word_1_342' title='bbox 1643 5026 1706 5085; x_wconf 88' lang='lat' dir='ltr'><strong>et</strong></span> <span class='ocrx_word' id='word_1_343' title='bbox 1759 5017 1949 5086; x_wconf 79' lang='lat' dir='ltr'><strong>velut</strong></span> <span class='ocrx_word' id='word_1_344' title='bbox 1986 5041 2269 5114; x_wconf 71' lang='lat' dir='ltr'><strong>arenam</strong></span> <span class='ocrx_word' id='word_1_345' title='bbox 2307 5043 2461 5111; x_wconf 73' lang='lat' dir='ltr'><strong>quae</strong></span> <span class='ocrx_word' id='word_1_346' title='bbox 2516 5030 2614 5088; x_wconf 84' lang='lat' dir='ltr'><strong>est</strong></span> <span class='ocrx_word' id='word_1_347' title='bbox 2645 5022 2717 5090; x_wconf 72' lang='lat' dir='ltr'><strong>in</strong></span> 
     </span>
     <span class='ocr_line' id='line_1_55' title="bbox 1162 5126 2717 5220; baseline 0.003 -24"><span class='ocrx_word' id='word_1_348' title='bbox 1162 5126 1391 5197; x_wconf 78' lang='lat' dir='ltr'><strong>littore</strong></span> <span class='ocrx_word' id='word_1_349' title='bbox 1419 5129 1633 5196; x_wconf 75' lang='lat' dir='ltr'><strong>maris</strong></span> <span class='ocrx_word' id='word_1_350' title='bbox 1672 5150 1695 5196; x_wconf 89' lang='lat'><strong>.·</strong></span> <span class='ocrx_word' id='word_1_351' title='bbox 1736 5149 1873 5196; x_wconf 87' lang='lat' dir='ltr'><strong>non</strong></span> <span class='ocrx_word' id='word_1_352' title='bbox 1930 5128 2113 5196; x_wconf 88' lang='lat' dir='ltr'><strong>enim</strong></span> <span class='ocrx_word' id='word_1_353' title='bbox 2157 5130 2559 5220; x_wconf 85' lang='lat' dir='ltr'><strong>respiciebat</strong></span> <span class='ocrx_word' id='word_1_354' title='bbox 2587 5131 2717 5201; x_wconf 85' lang='lat' dir='ltr'><strong>ista</strong></span> 
     </span>
     <span class='ocr_line' id='line_1_56' title="bbox 1156 5234 2716 5331; baseline 0.003 -27"><span class='ocrx_word' id='word_1_355' title='bbox 1156 5235 1523 5328; x_wconf 81' lang='lat' dir='ltr'><strong>promissio</strong></span> <span class='ocrx_word' id='word_1_356' title='bbox 1565 5234 1652 5303; x_wconf 82' lang='lat' dir='ltr'><strong>ad</strong></span> <span class='ocrx_word' id='word_1_357' title='bbox 1710 5235 1777 5303; x_wconf 92' lang='lat' dir='ltr'><strong>id</strong></span> <span class='ocrx_word' id='word_1_358' title='bbox 1823 5243 2123 5329; x_wconf 85' lang='lat' dir='ltr'><strong>tempus,</strong></span> <span class='ocrx_word' id='word_1_359' title='bbox 2165 5236 2286 5305; x_wconf 81' lang='lat' dir='ltr'><strong>sed</strong></span> <span class='ocrx_word' id='word_1_360' title='bbox 2342 5239 2564 5331; x_wconf 83' lang='lat' dir='ltr'><strong>magis</strong></span> <span class='ocrx_word' id='word_1_361' title='bbox 2627 5237 2716 5308; x_wconf 79' lang='lat' dir='ltr'><strong>ad</strong></span> 
     </span>
     <span class='ocr_line' id='line_1_57' title="bbox 1156 5340 1955 5433; baseline 0 -23"><span class='ocrx_word' id='word_1_362' title='bbox 1156 5340 1333 5410; x_wconf 85' lang='lat' dir='ltr'><strong>istud</strong></span> <span class='ocrx_word' id='word_1_363' title='bbox 1366 5340 1551 5433; x_wconf 89' lang='lat' dir='ltr'><strong>quod</strong></span> <span class='ocrx_word' id='word_1_364' title='bbox 1581 5340 1791 5409; x_wconf 83' lang='lat' dir='ltr'><strong>modo</strong></span> <span class='ocrx_word' id='word_1_365' title='bbox 1829 5349 1955 5410; x_wconf 87' lang='lat' dir='ltr'><strong>est.</strong></span> 
     </span>
    </p>
   </div>
   <div class='ocr_carea' id='block_1_7' title="bbox 2838 1360 4425 2846">
    <p class='ocr_par' dir='ltr' id='par_1_11' title="bbox 2838 1360 4425 2846">
     <span class='ocr_line' id='line_1_58' title="bbox 2865 1360 4425 1453; baseline 0.006 -27"><span class='ocrx_word' id='word_1_366' title='bbox 2865 1360 2960 1426; x_wconf 91' lang='lat' dir='ltr'><strong>cis</strong></span> <span class='ocrx_word' id='word_1_367' title='bbox 3004 1379 3020 1428; x_wconf 73' lang='grc' dir='ltr'>ε</span> <span class='ocrx_word' id='word_1_368' title='bbox 3064 1363 3267 1449; x_wconf 87' lang='lat' dir='ltr'><strong>pauci</strong></span> <span class='ocrx_word' id='word_1_369' title='bbox 3303 1362 3489 1429; x_wconf 89' lang='lat' dir='ltr'><strong>enim</strong></span> <span class='ocrx_word' id='word_1_370' title='bbox 3529 1372 3689 1430; x_wconf 82' lang='lat' dir='ltr'><strong>sunt</strong></span> <span class='ocrx_word' id='word_1_371' title='bbox 3712 1363 4029 1453; x_wconf 65' lang='lat' dir='ltr'><strong>[numero</strong></span> <span class='ocrx_word' id='word_1_372' title='bbox 4092 1367 4161 1432; x_wconf 87' lang='lat' dir='ltr'><strong>in</strong></span> <span class='ocrx_word' id='word_1_373' title='bbox 4200 1366 4425 1435; x_wconf 83' lang='lat' dir='ltr'><strong>Eccle-</strong></span> 
     </span>
     <span class='ocr_line' id='line_1_59' title="bbox 2864 1466 4422 1560; baseline 0.006 -26"><span class='ocrx_word' id='word_1_374' title='bbox 2864 1466 3007 1550; x_wconf 84' lang='lat' dir='ltr'><strong>siis,</strong></span> <span class='ocrx_word' id='word_1_375' title='bbox 3050 1468 3172 1535; x_wconf 89' lang='lat' dir='ltr'><strong>sed</strong></span> <span class='ocrx_word' id='word_1_376' title='bbox 3228 1468 3471 1538; x_wconf 83' lang='lat' dir='ltr'><strong>incolae</strong></span> <span class='ocrx_word' id='word_1_377' title='bbox 3515 1471 3631 1560; x_wconf 87' lang='lat' dir='ltr'><strong>qui</strong></span> <span class='ocrx_word' id='word_1_378' title='bbox 3691 1471 3986 1540; x_wconf 77' lang='lat' dir='ltr'><strong>fructum</strong></span> <span class='ocrx_word' id='word_1_379' title='bbox 4042 1473 4290 1542; x_wconf 77' lang='lat' dir='ltr'><strong>faciant</strong></span> <span class='ocrx_word' id='word_1_380' title='bbox 4355 1486 4422 1544; x_wconf 91' lang='lat' dir='ltr'><strong>et</strong></span> 
     </span>
     <span class='ocr_line' id='line_1_60' title="bbox 2861 1574 4421 1670; baseline 0.007 -29"><span class='ocrx_word' id='word_1_381' title='bbox 2861 1574 3196 1658; x_wconf 86' lang='lat' dir='ltr'><strong>laborem,</strong></span> <span class='ocrx_word' id='word_1_382' title='bbox 3248 1582 3670 1670; x_wconf 86' lang='lat' dir='ltr'><strong>paucissimi.</strong></span> <span class='ocrx_word' id='word_1_383' title='bbox 3721 1581 3970 1650; x_wconf 87' lang='lat' dir='ltr'><strong>Thrcn.</strong></span> <span class='ocrx_word' id='word_1_384' title='bbox 4014 1607 4059 1661; x_wconf 83' lang='grc' dir='ltr'><strong>ι,</strong></span> <span class='ocrx_word' id='word_1_385' title='bbox 4102 1587 4124 1650; x_wconf 93' lang='grc'><strong>1</strong></span> <span class='ocrx_word' id='word_1_386' title='bbox 4180 1608 4194 1650; x_wconf 91' lang='lat'>:</span> <span class='ocrx_word' id='word_1_387' title='bbox 4235 1589 4421 1670; x_wconf 83' lang='lat' dir='ltr'><strong>Quo-</strong></span> 
     </span>
     <span class='ocr_line' id='line_1_61' title="bbox 2861 1684 4413 1772; baseline 0.007 -23"><span class='ocrx_word' id='word_1_388' title='bbox 2861 1684 3063 1752; x_wconf 86' lang='lat' dir='ltr'><strong>modo</strong></span> <span class='ocrx_word' id='word_1_389' title='bbox 3099 1687 3287 1754; x_wconf 87' lang='lat' dir='ltr'><strong>sedet</strong></span> <span class='ocrx_word' id='word_1_390' title='bbox 3323 1688 3480 1756; x_wconf 87' lang='lat' dir='ltr'><strong>sola</strong></span> <span class='ocrx_word' id='word_1_391' title='bbox 3508 1691 3775 1769; x_wconf 78' lang='lat' dir='ltr'><strong>civitas,</strong></span> <span class='ocrx_word' id='word_1_392' title='bbox 3810 1688 4108 1758; x_wconf 81' lang='lat' dir='ltr'><strong>Ecclesia</strong></span> <span class='ocrx_word' id='word_1_393' title='bbox 4138 1691 4413 1772; x_wconf 87' lang='lat' dir='ltr'><strong>seilicet,</strong></span> 
     </span>
     <span class='ocr_line' id='line_1_62' title="bbox 2862 1793 4419 1887; baseline 0.006 -30"><span class='ocrx_word' id='word_1_394' title='bbox 2862 1798 2934 1857; x_wconf 92' lang='lat' dir='ltr'><strong>ut</strong></span> <span class='ocrx_word' id='word_1_395' title='bbox 2975 1813 3116 1858; x_wconf 90' lang='lat' dir='ltr'><strong>non</strong></span> <span class='ocrx_word' id='word_1_396' title='bbox 3145 1793 3236 1860; x_wconf 90' lang='lat' dir='ltr'><strong>sit</strong></span> <span class='ocrx_word' id='word_1_397' title='bbox 3257 1793 3407 1882; x_wconf 89' lang='lat' dir='ltr'><strong>jam</strong></span> <span class='ocrx_word' id='word_1_398' title='bbox 3450 1793 3743 1863; x_wconf 90' lang='lat' dir='ltr'><strong>colonus</strong></span> <span class='ocrx_word' id='word_1_399' title='bbox 3775 1796 3844 1862; x_wconf 91' lang='lat' dir='ltr'><strong>in</strong></span> <span class='ocrx_word' id='word_1_400' title='bbox 3900 1818 4004 1879; x_wconf 86' lang='lat' dir='ltr'><strong>ea,</strong></span> <span class='ocrx_word' id='word_1_401' title='bbox 4038 1797 4122 1864; x_wconf 88' lang='lat' dir='ltr'><strong>ad</strong></span> <span class='ocrx_word' id='word_1_402' title='bbox 4167 1821 4419 1887; x_wconf 86' lang='lat' dir='ltr'><strong>procu-</strong></span> 
     </span>
     <span class='ocr_line' id='line_1_63' title="bbox 2857 1896 4418 1996; baseline 0.006 -33"><span class='ocrx_word' id='word_1_403' title='bbox 2857 1896 3146 1965; x_wconf 88' lang='lat' dir='ltr'><strong>randum</strong></span> <span class='ocrx_word' id='word_1_404' title='bbox 3197 1901 3590 1968; x_wconf 88' lang='lat' dir='ltr'><strong>animarum</strong></span> <span class='ocrx_word' id='word_1_405' title='bbox 3651 1901 3963 1979; x_wconf 86' lang='lat' dir='ltr'><strong>salutem,</strong></span> <span class='ocrx_word' id='word_1_406' title='bbox 4037 1904 4248 1995; x_wconf 76' lang='lat' dir='ltr'><strong>plena</strong></span> <span class='ocrx_word' id='word_1_407' title='bbox 4284 1930 4418 1996; x_wconf 80' lang='lat' dir='ltr'><strong>po-</strong></span> 
     </span>
     <span class='ocr_line' id='line_1_64' title="bbox 2846 2004 4416 2102; baseline 0.006 -32"><span class='ocrx_word' id='word_1_408' title='bbox 2846 2004 3050 2093; x_wconf 80' lang='lat' dir='ltr'><strong>pulo,</strong></span> <span class='ocrx_word' id='word_1_409' title='bbox 3093 2005 3179 2073; x_wconf 87' lang='lat' dir='ltr'><strong>ad</strong></span> <span class='ocrx_word' id='word_1_410' title='bbox 3234 2008 3701 2097; x_wconf 88' lang='lat' dir='ltr'><strong>recipiendum</strong></span> <span class='ocrx_word' id='word_1_411' title='bbox 3754 2009 4074 2094; x_wconf 74' lang='lat' dir='ltr'><strong>fructum,</strong></span> <span class='ocrx_word' id='word_1_412' title='bbox 4136 2022 4202 2080; x_wconf 87' lang='lat' dir='ltr'><strong>et</strong></span> <span class='ocrx_word' id='word_1_413' title='bbox 4245 2036 4416 2102; x_wconf 71' lang='lat' dir='ltr'><strong>prac-</strong></span> 
     </span>
     <span class='ocr_line' id='line_1_65' title="bbox 2853 2107 4413 2207; baseline 0.006 -32"><span class='ocrx_word' id='word_1_414' title='bbox 2853 2107 3204 2180; x_wconf 84' lang='lat' dir='ltr'><strong>bendam?</strong></span> <span class='ocrx_word' id='word_1_415' title='bbox 3287 2112 3453 2183; x_wconf 90' lang='lat' dir='ltr'><strong>Luc.</strong></span> <span class='ocrx_word' id='word_1_416' title='bbox 3524 2137 3596 2200; x_wconf 82' lang='lat' dir='ltr'><strong>x,</strong></span> <span class='ocrx_word' id='word_1_417' title='bbox 3655 2118 3756 2182; x_wconf 82' lang='lat'><strong>2:</strong></span> <span class='ocrx_word' id='word_1_418' title='bbox 3818 2118 4056 2184; x_wconf 78' lang='lat' dir='ltr'><strong>Messis</strong></span> <span class='ocrx_word' id='word_1_419' title='bbox 4137 2118 4413 2207; x_wconf 80' lang='lat' dir='ltr'><strong>quidem</strong></span> 
     </span>
     <span class='ocr_line' id='line_1_66' title="bbox 2853 2218 4412 2314; baseline 0.006 -30"><span class='ocrx_word' id='word_1_420' title='bbox 2853 2218 3108 2302; x_wconf 83' lang='lat' dir='ltr'><strong>multa,</strong></span> <span class='ocrx_word' id='word_1_421' title='bbox 3152 2222 3463 2312; x_wconf 77' lang='lat' dir='ltr'><strong>operarii</strong></span> <span class='ocrx_word' id='word_1_422' title='bbox 3502 2232 3732 2289; x_wconf 83' lang='lat' dir='ltr'><strong>autem</strong></span> <span class='ocrx_word' id='word_1_423' title='bbox 3766 2225 4009 2314; x_wconf 79' lang='lat' dir='ltr'><strong>pauci.</strong></span> <span class='ocrx_word' id='word_1_424' title='bbox 4057 2223 4412 2294; x_wconf 77' lang='lat' dir='ltr'><strong>sufficient</strong></span> 
     </span>
     <span class='ocr_line' id='line_1_67' title="bbox 2851 2327 4411 2420; baseline 0.006 -29"><span class='ocrx_word' id='word_1_425' title='bbox 2851 2346 3016 2414; x_wconf 84' lang='lat' dir='ltr'><strong>ergo</strong></span> <span class='ocrx_word' id='word_1_426' title='bbox 3048 2328 3245 2415; x_wconf 90' lang='lat' dir='ltr'><strong>pauci</strong></span> <span class='ocrx_word' id='word_1_427' title='bbox 3267 2328 3556 2407; x_wconf 84' lang='lat' dir='ltr'><strong>denarii,</strong></span> <span class='ocrx_word' id='word_1_428' title='bbox 3592 2327 3866 2420; x_wconf 89' lang='lat' dir='ltr'><strong>quando</strong></span> <span class='ocrx_word' id='word_1_429' title='bbox 3904 2330 4165 2399; x_wconf 85' lang='lat' dir='ltr'><strong>dicetur</strong></span> <span class='ocrx_word' id='word_1_430' title='bbox 4193 2333 4260 2399; x_wconf 90' lang='lat' dir='ltr'><strong>in</strong></span> <span class='ocrx_word' id='word_1_431' title='bbox 4281 2334 4411 2401; x_wconf 84' lang='lat' dir='ltr'><strong>[ine</strong></span> 
     </span>
     <span class='ocr_line' id='line_1_68' title="bbox 2851 2430 4412 2528; baseline 0.006 -30"><span class='ocrx_word' id='word_1_432' title='bbox 2851 2430 3017 2499; x_wconf 88' lang='lat' dir='ltr'><strong>illud</strong></span> <span class='ocrx_word' id='word_1_433' title='bbox 3057 2432 3302 2502; x_wconf 84' lang='lat' dir='ltr'><strong>Matth.</strong></span> <span class='ocrx_word' id='word_1_434' title='bbox 3357 2458 3478 2516; x_wconf 79' lang='lat' dir='ltr'><strong>xx,</strong></span> <span class='ocrx_word' id='word_1_435' title='bbox 3521 2438 3562 2503; x_wconf 88' lang='lat'>8</span> <span class='ocrx_word' id='word_1_436' title='bbox 3598 2458 3615 2502; x_wconf 88' lang='lat'>:</span> <span class='ocrx_word' id='word_1_437' title='bbox 3666 2437 3834 2504; x_wconf 75' lang='lat' dir='ltr'><strong>Voce</strong></span> <span class='ocrx_word' id='word_1_438' title='bbox 3892 2441 4265 2528; x_wconf 76' lang='lat' dir='ltr'><strong>operarios,</strong></span> <span class='ocrx_word' id='word_1_439' title='bbox 4300 2463 4412 2508; x_wconf 89' lang='lat' dir='ltr'><strong>co·</strong></span> 
     </span>
     <span class='ocr_line' id='line_1_69' title="bbox 2847 2538 4408 2621; baseline 0.006 -14"><span class='ocrx_word' id='word_1_440' title='bbox 2847 2538 3048 2609; x_wconf 89' lang='lat' dir='ltr'><strong>lonos</strong></span> <span class='ocrx_word' id='word_1_441' title='bbox 3103 2542 3386 2621; x_wconf 89' lang='lat' dir='ltr'><strong>scilicet,</strong></span> <span class='ocrx_word' id='word_1_442' title='bbox 3459 2553 3525 2611; x_wconf 88' lang='lat' dir='ltr'><strong>et</strong></span> <span class='ocrx_word' id='word_1_443' title='bbox 3581 2545 3789 2613; x_wconf 82' lang='lat' dir='ltr'><strong>redde</strong></span> <span class='ocrx_word' id='word_1_444' title='bbox 3841 2547 3990 2614; x_wconf 74' lang='lat' dir='ltr'><strong>iuis</strong></span> <span class='ocrx_word' id='word_1_445' title='bbox 4043 2549 4408 2617; x_wconf 81' lang='lat' dir='ltr'><strong>mercedem</strong></span> 
     </span>
     <span class='ocr_line' id='line_1_70' title="bbox 2844 2652 4415 2747; baseline 0.006 -31"><span class='ocrx_word' id='word_1_446' title='bbox 2844 2670 3074 2729; x_wconf 77' lang='lat' dir='ltr'><strong>suam,</strong></span> <span class='ocrx_word' id='word_1_447' title='bbox 3129 2652 3463 2744; x_wconf 78' lang='lat' dir='ltr'><strong>incipiens</strong></span> <span class='ocrx_word' id='word_1_448' title='bbox 3500 2677 3544 2720; x_wconf 87' lang='lat' dir='ltr'><strong>a</strong></span> <span class='ocrx_word' id='word_1_449' title='bbox 3606 2654 3992 2722; x_wconf 66' lang='lat' dir='ltr'><strong>novissimis</strong></span> <span class='ocrx_word' id='word_1_450' title='bbox 4052 2679 4262 2747; x_wconf 78' lang='lat' dir='ltr'><strong>usque</strong></span> <span class='ocrx_word' id='word_1_451' title='bbox 4316 2658 4415 2726; x_wconf 84' lang='lat' dir='ltr'><strong>ad</strong></span> 
     </span>
     <span class='ocr_line' id='line_1_71' title="bbox 2838 2777 3133 2846; baseline 0.017 -25"><span class='ocrx_word' id='word_1_452' title='bbox 2838 2777 3133 2846; x_wconf 70' lang='lat' dir='ltr'><strong>primos.</strong></span> 
     </span>
    </p>
   </div>
   <div class='ocr_carea' id='block_1_8' title="bbox 2824 3077 4402 5553">
    <p class='ocr_par' dir='ltr' id='par_1_12' title="bbox 2841 3077 4402 3605">
     <span class='ocr_line' id='line_1_72' title="bbox 2937 3077 4395 3168; baseline 0.007 -27"><span class='ocrx_word' id='word_1_453' title='bbox 2937 3099 2973 3141; x_wconf 76' lang='grc' dir='ltr'>ι</span> <span class='ocrx_word' id='word_1_454' title='bbox 3013 3077 3110 3144; x_wconf 83' lang='lat' dir='ltr'><strong>Et</strong></span> <span class='ocrx_word' id='word_1_455' title='bbox 3126 3077 3710 3168; x_wconf 73' lang='lat' dir='ltr'><strong>pertransierunt.</strong></span> <span class='ocrx_word' id='word_1_456' title='bbox 3741 3108 3773 3144; x_wconf 75' lang='grc' dir='ltr'><strong>ιι</strong></span> <span class='ocrx_word' id='word_1_457' title='bbox 3837 3079 3961 3150; x_wconf 91' lang='lat' dir='ltr'><strong>llic</strong></span> <span class='ocrx_word' id='word_1_458' title='bbox 3999 3083 4395 3161; x_wconf 85' lang='lat' dir='ltr'><strong>secuudum,</strong></span> 
     </span>
     <span class='ocr_line' id='line_1_73' title="bbox 2844 3186 4395 3285; baseline 0.005 -30"><span class='ocrx_word' id='word_1_459' title='bbox 2844 3186 3030 3278; x_wconf 89' lang='lat' dir='ltr'><strong>quod</strong></span> <span class='ocrx_word' id='word_1_460' title='bbox 3045 3188 3341 3279; x_wconf 84' lang='lat' dir='ltr'><strong>pertinet</strong></span> <span class='ocrx_word' id='word_1_461' title='bbox 3362 3190 3450 3259; x_wconf 83' lang='lat' dir='ltr'><strong>ad</strong></span> <span class='ocrx_word' id='word_1_462' title='bbox 3470 3193 3940 3261; x_wconf 83' lang='lat' dir='ltr'><strong>necessitatem</strong></span> <span class='ocrx_word' id='word_1_463' title='bbox 3975 3195 4395 3285; x_wconf 73' lang='lat' dir='ltr'><strong>protegendi,</strong></span> 
     </span>
     <span class='ocr_line' id='line_1_74' title="bbox 2841 3297 4399 3398; baseline 0.006 -31"><span class='ocrx_word' id='word_1_464' title='bbox 2841 3297 3096 3367; x_wconf 87' lang='lat' dir='ltr'><strong>scilicet</strong></span> <span class='ocrx_word' id='word_1_465' title='bbox 3128 3297 3562 3372; x_wconf 79' lang='lat' dir='ltr'><strong>instabilitas,</strong></span> <span class='ocrx_word' id='word_1_466' title='bbox 3600 3301 3682 3370; x_wconf 81' lang='lat' dir='ltr'><strong>Et</strong></span> <span class='ocrx_word' id='word_1_467' title='bbox 3733 3314 4149 3374; x_wconf 81' lang='lat' dir='ltr'><strong>monstratur</strong></span> <span class='ocrx_word' id='word_1_468' title='bbox 4178 3310 4399 3398; x_wconf 83' lang='lat' dir='ltr'><strong>primo</strong></span> 
     </span>
     <span class='ocr_line' id='line_1_75' title="bbox 2841 3404 4402 3504; baseline 0.006 -31"><span class='ocrx_word' id='word_1_469' title='bbox 2841 3404 3271 3474; x_wconf 84' lang='lat' dir='ltr'><strong>instabilitas.</strong></span> <span class='ocrx_word' id='word_1_470' title='bbox 3305 3404 3653 3489; x_wconf 83' lang='lat' dir='ltr'><strong>Secunde,</strong></span> <span class='ocrx_word' id='word_1_471' title='bbox 3688 3410 4142 3479; x_wconf 75' lang='lat' dir='ltr'><strong>instabilitatis</strong></span> <span class='ocrx_word' id='word_1_472' title='bbox 4182 3438 4402 3504; x_wconf 84' lang='lat' dir='ltr'><strong>quan-</strong></span> 
     </span>
     <span class='ocr_line' id='line_1_76' title="bbox 2842 3509 3853 3605; baseline 0.001 -26"><span class='ocrx_word' id='word_1_473' title='bbox 2842 3513 3024 3589; x_wconf 84' lang='lat' dir='ltr'><strong>titas,</strong></span> <span class='ocrx_word' id='word_1_474' title='bbox 3068 3509 3188 3592; x_wconf 90' lang='lat' dir='ltr'><strong>ibi,</strong></span> <span class='ocrx_word' id='word_1_475' title='bbox 3228 3537 3264 3579; x_wconf 75' lang='grc' dir='ltr'>ι</span> <span class='ocrx_word' id='word_1_476' title='bbox 3294 3515 3392 3582; x_wconf 82' lang='lat' dir='ltr'><strong>Et</strong></span> <span class='ocrx_word' id='word_1_477' title='bbox 3420 3513 3507 3581; x_wconf 86' lang='lat' dir='ltr'><strong>de</strong></span> <span class='ocrx_word' id='word_1_478' title='bbox 3542 3538 3778 3605; x_wconf 74' lang='lat' dir='ltr'><strong>reque.</strong></span> <span class='ocrx_word' id='word_1_479' title='bbox 3820 3545 3853 3579; x_wconf 70' lang='grc' dir='ltr'>ι</span> 
     </span>
    </p>

    <p class='ocr_par' dir='ltr' id='par_1_13' title="bbox 2824 3623 4401 5436">
     <span class='ocr_line' id='line_1_77' title="bbox 2924 3623 4395 3701; baseline 0.008 -12"><span class='ocrx_word' id='word_1_480' title='bbox 2924 3623 3044 3692; x_wconf 83' lang='lat' dir='ltr'><strong>Ait</strong></span> <span class='ocrx_word' id='word_1_481' title='bbox 3069 3626 3255 3691; x_wconf 87' lang='lat' dir='ltr'><strong>enim</strong></span> <span class='ocrx_word' id='word_1_482' title='bbox 3291 3644 3311 3694; x_wconf 71' lang='grc' dir='ltr'><strong><em>ε</em></strong></span> <span class='ocrx_word' id='word_1_483' title='bbox 3357 3625 3475 3695; x_wconf 89' lang='lat' dir='ltr'><strong>Sic</strong></span> <span class='ocrx_word' id='word_1_484' title='bbox 3505 3648 3793 3696; x_wconf 88' lang='lat' dir='ltr'><strong>numero</strong></span> <span class='ocrx_word' id='word_1_485' title='bbox 3833 3626 4023 3697; x_wconf 76' lang='lat' dir='ltr'><strong>brevi</strong></span> <span class='ocrx_word' id='word_1_486' title='bbox 4063 3629 4330 3699; x_wconf 78' lang='lat' dir='ltr'><strong>fuerunt</strong></span> <span class='ocrx_word' id='word_1_487' title='bbox 4377 3653 4395 3701; x_wconf 76' lang='lat' dir='ltr'><strong>t</strong></span> 
     </span>
     <span class='ocr_line' id='line_1_78' title="bbox 2837 3731 4397 3820; baseline 0.006 -23"><span class='ocrx_word' id='word_1_488' title='bbox 2837 3739 2907 3797; x_wconf 88' lang='lat' dir='ltr'><strong>et</strong></span> <span class='ocrx_word' id='word_1_489' title='bbox 2944 3731 3342 3820; x_wconf 81' lang='lat' dir='ltr'><strong>paucissimi</strong></span> <span class='ocrx_word' id='word_1_490' title='bbox 3394 3731 3481 3801; x_wconf 82' lang='lat' dir='ltr'><strong>ad</strong></span> <span class='ocrx_word' id='word_1_491' title='bbox 3502 3732 3864 3802; x_wconf 88' lang='lat' dir='ltr'><strong>colendum</strong></span> <span class='ocrx_word' id='word_1_492' title='bbox 3899 3757 3916 3802; x_wconf 78' lang='lat' dir='ltr'><em>z</em></span> <span class='ocrx_word' id='word_1_493' title='bbox 3965 3762 4000 3801; x_wconf 70' lang='grc' dir='ltr'>ι</span> <span class='ocrx_word' id='word_1_494' title='bbox 4029 3749 4095 3805; x_wconf 82' lang='lat' dir='ltr'><strong>et</strong></span> <span class='ocrx_word' id='word_1_495' title='bbox 4127 3764 4160 3802; x_wconf 74' lang='grc' dir='ltr'><strong>ι</strong></span> <span class='ocrx_word' id='word_1_496' title='bbox 4193 3740 4397 3807; x_wconf 72' lang='lat' dir='ltr'><strong>etiam</strong></span> 
     </span>
     <span class='ocr_line' id='line_1_79' title="bbox 2832 3839 4396 3934; baseline 0.007 -30"><span class='ocrx_word' id='word_1_497' title='bbox 2832 3839 3411 3926; x_wconf 69' lang='lat' dir='ltr'><strong>pertransierunt,</strong></span> <span class='ocrx_word' id='word_1_498' title='bbox 3450 3866 3485 3906; x_wconf 66' lang='lat' dir='ltr'><strong>a</strong></span> <span class='ocrx_word' id='word_1_499' title='bbox 3548 3849 3903 3933; x_wconf 84' lang='lat' dir='ltr'><strong>tamquam</strong></span> <span class='ocrx_word' id='word_1_500' title='bbox 3936 3848 4297 3934; x_wconf 69' lang='lat' dir='ltr'><strong>peregrini,</strong></span> <span class='ocrx_word' id='word_1_501' title='bbox 4331 3856 4396 3916; x_wconf 86' lang='lat' dir='ltr'><strong>et</strong></span> 
     </span>
     <span class='ocr_line' id='line_1_80' title="bbox 2838 3943 4401 4042; baseline 0.008 -32"><span class='ocrx_word' id='word_1_502' title='bbox 2838 3943 3215 4025; x_wconf 82' lang='lat' dir='ltr'><strong>instabiles,</strong></span> <span class='ocrx_word' id='word_1_503' title='bbox 3260 3970 3296 4012; x_wconf 76' lang='grc' dir='ltr'>ι</span> <span class='ocrx_word' id='word_1_504' title='bbox 3328 3945 3415 4015; x_wconf 82' lang='lat' dir='ltr'><strong>de</strong></span> <span class='ocrx_word' id='word_1_505' title='bbox 3474 3958 3675 4037; x_wconf 78' lang='lat' dir='ltr'><strong>qeute</strong></span> <span class='ocrx_word' id='word_1_506' title='bbox 3713 3977 3746 4011; x_wconf 72' lang='grc' dir='ltr'>ι</span> <span class='ocrx_word' id='word_1_507' title='bbox 3820 3973 3978 4029; x_wconf 86' lang='lat' dir='ltr'><strong>una,</strong></span> <span class='ocrx_word' id='word_1_508' title='bbox 4042 3980 4076 4015; x_wconf 79' lang='grc' dir='ltr'><strong>ιι</strong></span> <span class='ocrx_word' id='word_1_509' title='bbox 4125 3955 4193 4020; x_wconf 77' lang='lat' dir='ltr'><strong>in</strong></span> <span class='ocrx_word' id='word_1_510' title='bbox 4229 3978 4401 4042; x_wconf 76' lang='lat' dir='ltr'><strong>qen-</strong></span> 
     </span>
     <span class='ocr_line' id='line_1_81' title="bbox 2835 4052 4398 4151; baseline 0.008 -33"><span class='ocrx_word' id='word_1_511' title='bbox 2835 4060 2969 4119; x_wconf 84' lang='lat' dir='ltr'><strong>tem</strong></span> <span class='ocrx_word' id='word_1_512' title='bbox 3004 4077 3039 4118; x_wconf 75' lang='lat' dir='ltr'><strong>s</strong></span> <span class='ocrx_word' id='word_1_513' title='bbox 3080 4052 3396 4134; x_wconf 86' lang='lat' dir='ltr'><strong>alteram,</strong></span> <span class='ocrx_word' id='word_1_514' title='bbox 3431 4054 3619 4145; x_wconf 84' lang='lat' dir='ltr'><strong>quod</strong></span> <span class='ocrx_word' id='word_1_515' title='bbox 3681 4063 3903 4125; x_wconf 81' lang='lat' dir='ltr'><strong>totum</strong></span> <span class='ocrx_word' id='word_1_516' title='bbox 3951 4057 4096 4128; x_wconf 82' lang='lat' dir='ltr'><strong>lieri</strong></span> <span class='ocrx_word' id='word_1_517' title='bbox 4135 4070 4398 4151; x_wconf 84' lang='lat' dir='ltr'><strong>poterat</strong></span> 
     </span>
     <span class='ocr_line' id='line_1_82' title="bbox 2836 4160 4392 4254; baseline 0.008 -26"><span class='ocrx_word' id='word_1_518' title='bbox 2836 4160 2907 4228; x_wconf 88' lang='lat' dir='ltr'><strong>in</strong></span> <span class='ocrx_word' id='word_1_519' title='bbox 2946 4183 3086 4230; x_wconf 89' lang='lat' dir='ltr'><strong>uno</strong></span> <span class='ocrx_word' id='word_1_520' title='bbox 3115 4183 3360 4254; x_wconf 78' lang='lat' dir='ltr'><strong>regno,</strong></span> <span class='ocrx_word' id='word_1_521' title='bbox 3392 4171 3464 4231; x_wconf 81' lang='lat' dir='ltr'><strong>et</strong></span> <span class='ocrx_word' id='word_1_522' title='bbox 3501 4163 3730 4233; x_wconf 78' lang='lat' dir='ltr'><strong>tiebat.</strong></span> <span class='ocrx_word' id='word_1_523' title='bbox 3772 4167 3881 4234; x_wconf 75' lang='lat' dir='ltr'><strong>Ad</strong></span> <span class='ocrx_word' id='word_1_524' title='bbox 3921 4166 4130 4237; x_wconf 84' lang='lat' dir='ltr'><strong>llebr.</strong></span> <span class='ocrx_word' id='word_1_525' title='bbox 4163 4193 4255 4247; x_wconf 79' lang='lat' dir='ltr'><strong>xi,</strong></span> <span class='ocrx_word' id='word_1_526' title='bbox 4306 4175 4392 4241; x_wconf 80' lang='lat'><strong>9:</strong></span> 
     </span>
     <span class='ocr_line' id='line_1_83' title="bbox 2832 4267 4395 4346; baseline 0.006 -10"><span class='ocrx_word' id='word_1_527' title='bbox 2832 4267 3009 4337; x_wconf 75' lang='lat' dir='ltr'><strong>Fide</strong></span> <span class='ocrx_word' id='word_1_528' title='bbox 3064 4268 3466 4339; x_wconf 67' lang='lat' dir='ltr'><strong>demaraten</strong></span> <span class='ocrx_word' id='word_1_529' title='bbox 3530 4282 3630 4340; x_wconf 76' lang='lat' dir='ltr'><strong>est</strong></span> <span class='ocrx_word' id='word_1_530' title='bbox 3684 4271 4033 4342; x_wconf 79' lang='lat' dir='ltr'><strong>Abraham</strong></span> <span class='ocrx_word' id='word_1_531' title='bbox 4081 4278 4155 4345; x_wconf 70' lang='lat' dir='ltr'><strong>in</strong></span> <span class='ocrx_word' id='word_1_532' title='bbox 4212 4288 4395 4346; x_wconf 81' lang='lat' dir='ltr'><strong>terra</strong></span> 
     </span>
     <span class='ocr_line' id='line_1_84' title="bbox 2832 4376 4394 4471; baseline 0.006 -27"><span class='ocrx_word' id='word_1_533' title='bbox 2832 4376 3408 4469; x_wconf 72' lang='lat' dir='ltr'><strong>repromissionis,</strong></span> <span class='ocrx_word' id='word_1_534' title='bbox 3460 4387 3822 4471; x_wconf 77' lang='lat' dir='ltr'><strong>tamqnam</strong></span> <span class='ocrx_word' id='word_1_535' title='bbox 3880 4383 3951 4450; x_wconf 74' lang='lat' dir='ltr'><strong>iu</strong></span> <span class='ocrx_word' id='word_1_536' title='bbox 3999 4385 4256 4463; x_wconf 78' lang='lat' dir='ltr'><strong>aliena,</strong></span> <span class='ocrx_word' id='word_1_537' title='bbox 4322 4386 4394 4454; x_wconf 78' lang='lat' dir='ltr'><strong>in</strong></span> 
     </span>
     <span class='ocr_line' id='line_1_85' title="bbox 2831 4481 4393 4571; baseline 0.006 -20"><span class='ocrx_word' id='word_1_538' title='bbox 2831 4481 3092 4551; x_wconf 71' lang='lat' dir='ltr'><strong>casulis</strong></span> <span class='ocrx_word' id='word_1_539' title='bbox 3114 4481 3544 4552; x_wconf 71' lang='lat' dir='ltr'><strong>habitando:</strong></span> <span class='ocrx_word' id='word_1_540' title='bbox 3571 4484 3702 4565; x_wconf 88' lang='lat' dir='ltr'><strong>Qui</strong></span> <span class='ocrx_word' id='word_1_541' title='bbox 3735 4488 3804 4555; x_wconf 90' lang='lat' dir='ltr'><strong>in</strong></span> <span class='ocrx_word' id='word_1_542' title='bbox 3832 4487 4080 4557; x_wconf 83' lang='lat' dir='ltr'><strong>casulis</strong></span> <span class='ocrx_word' id='word_1_543' title='bbox 4106 4488 4393 4571; x_wconf 80' lang='lat' dir='ltr'><strong>habitat,</strong></span> 
     </span>
     <span class='ocr_line' id='line_1_86' title="bbox 2832 4587 4391 4676; baseline 0.006 -17"><span class='ocrx_word' id='word_1_544' title='bbox 2832 4587 2919 4659; x_wconf 87' lang='lat' dir='ltr'><strong>de</strong></span> <span class='ocrx_word' id='word_1_545' title='bbox 2955 4588 3109 4658; x_wconf 88' lang='lat' dir='ltr'><strong>loeo</strong></span> <span class='ocrx_word' id='word_1_546' title='bbox 3147 4589 3362 4658; x_wconf 90' lang='lat' dir='ltr'><strong>currit</strong></span> <span class='ocrx_word' id='word_1_547' title='bbox 3390 4590 3480 4660; x_wconf 80' lang='lat' dir='ltr'><strong>ad</strong></span> <span class='ocrx_word' id='word_1_548' title='bbox 3505 4590 3764 4676; x_wconf 87' lang='lat' dir='ltr'><strong>locum,</strong></span> <span class='ocrx_word' id='word_1_549' title='bbox 3798 4616 3937 4663; x_wconf 86' lang='lat' dir='ltr'><strong>nou</strong></span> <span class='ocrx_word' id='word_1_550' title='bbox 3967 4606 4278 4667; x_wconf 84' lang='lat' dir='ltr'><strong>moratur</strong></span> <span class='ocrx_word' id='word_1_551' title='bbox 4322 4599 4391 4667; x_wconf 91' lang='lat' dir='ltr'><strong>in</strong></span> 
     </span>
     <span class='ocr_line' id='line_1_87' title="bbox 2834 4697 4395 4788; baseline 0.007 -23"><span class='ocrx_word' id='word_1_552' title='bbox 2834 4719 3001 4766; x_wconf 89' lang='lat' dir='ltr'><strong>uno.</strong></span> <span class='ocrx_word' id='word_1_553' title='bbox 3032 4697 3121 4767; x_wconf 82' lang='lat' dir='ltr'><strong>Et</strong></span> <span class='ocrx_word' id='word_1_554' title='bbox 3162 4697 3355 4769; x_wconf 86' lang='lat' dir='ltr'><strong>lsaac</strong></span> <span class='ocrx_word' id='word_1_555' title='bbox 3409 4699 3684 4782; x_wconf 84' lang='lat' dir='ltr'><strong>dicitur,</strong></span> <span class='ocrx_word' id='word_1_556' title='bbox 3744 4703 3989 4773; x_wconf 83' lang='lat' dir='ltr'><strong>Gcncs.</strong></span> <span class='ocrx_word' id='word_1_557' title='bbox 4034 4729 4223 4788; x_wconf 79' lang='lat' dir='ltr'><strong>xxvi,</strong></span> <span class='ocrx_word' id='word_1_558' title='bbox 4263 4709 4290 4776; x_wconf 92' lang='grc'><strong>1</strong></span> <span class='ocrx_word' id='word_1_559' title='bbox 4326 4716 4395 4776; x_wconf 87' lang='lat' dir='ltr'><strong>et</strong></span> 
     </span>
     <span class='ocr_line' id='line_1_88' title="bbox 2830 4804 4396 4899; baseline 0.006 -24"><span class='ocrx_word' id='word_1_560' title='bbox 2830 4826 3007 4896; x_wconf 67' lang='lat' dir='ltr'><strong>seq„</strong></span> <span class='ocrx_word' id='word_1_561' title='bbox 3044 4804 3233 4877; x_wconf 84' lang='lat' dir='ltr'><strong>lsaac</strong></span> <span class='ocrx_word' id='word_1_562' title='bbox 3271 4811 3745 4899; x_wconf 80' lang='lat' dir='ltr'><strong>peregrinatus</strong></span> <span class='ocrx_word' id='word_1_563' title='bbox 3801 4821 3902 4879; x_wconf 86' lang='lat' dir='ltr'><strong>est</strong></span> <span class='ocrx_word' id='word_1_564' title='bbox 3941 4813 4007 4880; x_wconf 92' lang='lat' dir='ltr'><strong>in</strong></span> <span class='ocrx_word' id='word_1_565' title='bbox 4049 4823 4222 4884; x_wconf 84' lang='lat' dir='ltr'><strong>terra</strong></span> <span class='ocrx_word' id='word_1_566' title='bbox 4257 4816 4396 4884; x_wconf 84' lang='lat' dir='ltr'><strong>Ge-</strong></span> 
     </span>
     <span class='ocr_line' id='line_1_89' title="bbox 2831 4913 4388 5004; baseline 0.008 -23"><span class='ocrx_word' id='word_1_567' title='bbox 2831 4913 3028 4982; x_wconf 82' lang='lat' dir='ltr'><strong>raris.</strong></span> <span class='ocrx_word' id='word_1_568' title='bbox 3096 4913 3185 4984; x_wconf 85' lang='lat' dir='ltr'><strong>Et</strong></span> <span class='ocrx_word' id='word_1_569' title='bbox 3229 4914 3314 4983; x_wconf 85' lang='lat' dir='ltr'><strong>da</strong></span> <span class='ocrx_word' id='word_1_570' title='bbox 3357 4915 3604 4999; x_wconf 82' lang='lat' dir='ltr'><strong>Jacob,</strong></span> <span class='ocrx_word' id='word_1_571' title='bbox 3648 4917 3897 4988; x_wconf 75' lang='lat' dir='ltr'><strong>Genea.</strong></span> <span class='ocrx_word' id='word_1_572' title='bbox 3957 4944 4196 5004; x_wconf 79' lang='lat' dir='ltr'><strong>xxxin,</strong></span> <span class='ocrx_word' id='word_1_573' title='bbox 4254 4926 4388 4993; x_wconf 75' lang='lat'><strong>17:</strong></span> 
     </span>
     <span class='ocr_line' id='line_1_90' title="bbox 2824 5020 4395 5121; baseline 0.006 -32"><span class='ocrx_word' id='word_1_574' title='bbox 2824 5020 3041 5090; x_wconf 75' lang='lat' dir='ltr'><strong>Jacob</strong></span> <span class='ocrx_word' id='word_1_575' title='bbox 3064 5023 3250 5092; x_wconf 75' lang='lat' dir='ltr'><strong>venit</strong></span> <span class='ocrx_word' id='word_1_576' title='bbox 3276 5023 3350 5091; x_wconf 76' lang='lat' dir='ltr'><strong>in</strong></span> <span class='ocrx_word' id='word_1_577' title='bbox 3377 5023 3654 5094; x_wconf 73' lang='lat' dir='ltr'><strong>Sochot.</strong></span> <span class='ocrx_word' id='word_1_578' title='bbox 3683 5023 3822 5094; x_wconf 87' lang='lat' dir='ltr'><strong>Sed</strong></span> <span class='ocrx_word' id='word_1_579' title='bbox 3848 5029 4181 5121; x_wconf 82' lang='lat' dir='ltr'><strong>numquid</strong></span> <span class='ocrx_word' id='word_1_580' title='bbox 4205 5052 4395 5098; x_wconf 85' lang='lat' dir='ltr'><strong>man-</strong></span> 
     </span>
     <span class='ocr_line' id='line_1_91' title="bbox 2829 5127 4395 5223; baseline 0.006 -26"><span class='ocrx_word' id='word_1_581' title='bbox 2829 5130 2917 5198; x_wconf 80' lang='lat' dir='ltr'><strong>sit</strong></span> <span class='ocrx_word' id='word_1_582' title='bbox 2940 5127 3082 5199; x_wconf 81' lang='lat' dir='ltr'><strong>ibi?</strong></span> <span class='ocrx_word' id='word_1_583' title='bbox 3109 5128 3292 5200; x_wconf 82' lang='lat' dir='ltr'><strong>Non.</strong></span> <span class='ocrx_word' id='word_1_584' title='bbox 3327 5127 3659 5223; x_wconf 89' lang='lat' dir='ltr'><strong>Sequitur</strong></span> <span class='ocrx_word' id='word_1_585' title='bbox 3677 5133 3889 5212; x_wconf 88' lang='lat' dir='ltr'><strong>enim,</strong></span> <span class='ocrx_word' id='word_1_586' title='bbox 3914 5142 3977 5211; x_wconf 60' lang='grc' dir='ltr'><strong>ἵ.</strong></span> <span class='ocrx_word' id='word_1_587' title='bbox 4010 5140 4124 5206; x_wconf 83' lang='grc'><strong>18;</strong></span> <span class='ocrx_word' id='word_1_588' title='bbox 4152 5138 4395 5207; x_wconf 81' lang='lat' dir='ltr'><strong>Trans-</strong></span> 
     </span>
     <span class='ocr_line' id='line_1_92' title="bbox 2831 5236 4385 5329; baseline 0.007 -26"><span class='ocrx_word' id='word_1_589' title='bbox 2831 5236 3092 5329; x_wconf 77' lang='lat' dir='ltr'><strong>ivitque</strong></span> <span class='ocrx_word' id='word_1_590' title='bbox 3156 5238 3228 5305; x_wconf 72' lang='lat' dir='ltr'><strong>in</strong></span> <span class='ocrx_word' id='word_1_591' title='bbox 3289 5237 3558 5319; x_wconf 82' lang='lat' dir='ltr'><strong>Salem,</strong></span> <span class='ocrx_word' id='word_1_592' title='bbox 3619 5237 3856 5308; x_wconf 82' lang='lat' dir='ltr'><strong>urbem</strong></span> <span class='ocrx_word' id='word_1_593' title='bbox 3894 5243 4385 5326; x_wconf 73' lang='lat' dir='ltr'><strong>sichimorum,</strong></span> 
     </span>
     <span class='ocr_line' id='line_1_93' title="bbox 2826 5346 3826 5436; baseline 0.006 -23"><span class='ocrx_word' id='word_1_594' title='bbox 2826 5366 2981 5436; x_wconf 65' lang='lat' dir='ltr'><strong>qua!</strong></span> <span class='ocrx_word' id='word_1_595' title='bbox 3008 5354 3108 5414; x_wconf 81' lang='lat' dir='ltr'><strong>est</strong></span> <span class='ocrx_word' id='word_1_596' title='bbox 3145 5346 3217 5414; x_wconf 73' lang='lat' dir='ltr'><strong>in</strong></span> <span class='ocrx_word' id='word_1_597' title='bbox 3247 5355 3434 5414; x_wconf 83' lang='lat' dir='ltr'><strong>terra</strong></span> <span class='ocrx_word' id='word_1_598' title='bbox 3465 5346 3826 5419; x_wconf 74' lang='lat' dir='ltr'><strong>chanaan.</strong></span> 
     </span>
    </p>

    <p class='ocr_par' dir='ltr' id='par_1_14' title="bbox 2921 5455 4391 5553">
     <span class='ocr_line' id='line_1_94' title="bbox 2921 5455 4391 5553; baseline 0.007 -33"><span class='ocrx_word' id='word_1_599' title='bbox 2921 5478 2957 5520; x_wconf 76' lang='grc' dir='ltr'>ι</span> <span class='ocrx_word' id='word_1_600' title='bbox 2996 5456 3094 5525; x_wconf 83' lang='lat' dir='ltr'><strong>Et</strong></span> <span class='ocrx_word' id='word_1_601' title='bbox 3161 5455 3246 5526; x_wconf 85' lang='lat' dir='ltr'><strong>de</strong></span> <span class='ocrx_word' id='word_1_602' title='bbox 3291 5478 3529 5548; x_wconf 75' lang='lat' dir='ltr'><strong>reque,</strong></span> <span class='ocrx_word' id='word_1_603' title='bbox 3564 5480 3601 5523; x_wconf 73' lang='grc' dir='ltr'>ι</span> <span class='ocrx_word' id='word_1_604' title='bbox 3664 5465 3917 5548; x_wconf 86' lang='lat' dir='ltr'><strong>repete,</strong></span> <span class='ocrx_word' id='word_1_605' title='bbox 3976 5461 4391 5553; x_wconf 83' lang='lat' dir='ltr'><strong>pertransie-</strong></span> 
     </span>
    </p>
   </div>
  </div>
 </body>
</html>
