<?xml version="1.0" encoding="UTF-8"?>
<!DOCTYPE html PUBLIC "-//W3C//DTD XHTML 1.0 Transitional//EN"
    "http://www.w3.org/TR/xhtml1/DTD/xhtml1-transitional.dtd">
<html xmlns="http://www.w3.org/1999/xhtml" xml:lang="en" lang="en">
 <head>
  <title>
</title>
<meta http-equiv="Content-Type" content="text/html;charset=utf-8" />
  <meta name='ocr-system' content='tesseract 3.04.00' />
  <meta name='ocr-capabilities' content='ocr_page ocr_carea ocr_par ocr_line ocrx_word'/>
</head>
<body>
  <div class='ocr_page' id='page_1' title='image "balbertimagnira02chgoog_0086.png"; bbox 0 0 5008 6329; ppageno 0'>
   <div class='ocr_carea' id='block_1_1' title="bbox 424 5324 552 5393">
    <p class='ocr_par' dir='ltr' id='par_1_1' title="bbox 424 5324 552 5393">
     <span class='ocr_line' id='line_1_1' title="bbox 424 5324 552 5393; baseline 0.008 -1"><span class='ocrx_word' id='word_1_1' title='bbox 424 5324 552 5393; x_wconf 73' lang='lat'>4⁰</span> 
     </span>
    </p>
   </div>
   <div class='ocr_carea' id='block_1_2' title="bbox 656 277 2857 351">
    <p class='ocr_par' dir='ltr' id='par_1_2' title="bbox 656 277 2857 351">
     <span class='ocr_line' id='line_1_2' title="bbox 656 277 2857 351; baseline -0.003 0"><span class='ocrx_word' id='word_1_2' title='bbox 656 286 740 351; x_wconf 78' lang='lat'>76</span> <span class='ocrx_word' id='word_1_3' title='bbox 1639 284 1721 349; x_wconf 91' lang='lat' dir='ltr'>D.</span> <span class='ocrx_word' id='word_1_4' title='bbox 1775 283 1974 348; x_wconf 87' lang='lat' dir='ltr'><strong>ALB.</strong></span> <span class='ocrx_word' id='word_1_5' title='bbox 2019 280 2246 346; x_wconf 72' lang='lat' dir='ltr'><strong>MAG.</strong></span> <span class='ocrx_word' id='word_1_6' title='bbox 2302 277 2509 344; x_wconf 80' lang='lat' dir='ltr'>oRn.</span> <span class='ocrx_word' id='word_1_7' title='bbox 2563 280 2857 347; x_wconf 78' lang='lat' dir='ltr'><strong>PRAED.</strong></span> 
     </span>
    </p>
   </div>
   <div class='ocr_carea' id='block_1_3' title="bbox 643 447 2212 4841">
    <p class='ocr_par' dir='ltr' id='par_1_3' title="bbox 649 447 2198 1392">
     <span class='ocr_line' id='line_1_3' title="bbox 755 447 2197 546; baseline -0.006 -25"><span class='ocrx_word' id='word_1_8' title='bbox 755 480 784 515; x_wconf 66' lang='grc' dir='ltr'>τι</span> <span class='ocrx_word' id='word_1_9' title='bbox 823 456 1181 546; x_wconf 76' lang='lat' dir='ltr'>Expandi!</span> <span class='ocrx_word' id='word_1_10' title='bbox 1210 455 1485 522; x_wconf 85' lang='lat' dir='ltr'>nubem.</span> <span class='ocrx_word' id='word_1_11' title='bbox 1525 477 1558 517; x_wconf 69' lang='lat' dir='ltr'>x&gt;</span> <span class='ocrx_word' id='word_1_12' title='bbox 1595 452 1719 517; x_wconf 83' lang='lat' dir='ltr'>Hic</span> <span class='ocrx_word' id='word_1_13' title='bbox 1752 449 2056 538; x_wconf 82' lang='lat' dir='ltr'>tangitur</span> <span class='ocrx_word' id='word_1_14' title='bbox 2073 447 2197 514; x_wconf 84' lang='lat' dir='ltr'>be-</span> 
     </span>
     <span class='ocr_line' id='line_1_4' title="bbox 655 557 2197 654; baseline -0.003 -29"><span class='ocrx_word' id='word_1_15' title='bbox 655 561 967 630; x_wconf 82' lang='lat' dir='ltr'>nesicium</span> <span class='ocrx_word' id='word_1_16' title='bbox 1000 565 1342 654; x_wconf 84' lang='lat' dir='ltr'>quintum,</span> <span class='ocrx_word' id='word_1_17' title='bbox 1386 559 1641 627; x_wconf 84' lang='lat' dir='ltr'>scilicet</span> <span class='ocrx_word' id='word_1_18' title='bbox 1669 557 1900 647; x_wconf 85' lang='lat' dir='ltr'>populi</span> <span class='ocrx_word' id='word_1_19' title='bbox 1936 565 2197 622; x_wconf 85' lang='lat' dir='ltr'>susten-</span> 
     </span>
     <span class='ocr_line' id='line_1_5' title="bbox 652 662 2198 756; baseline -0.003 -23"><span class='ocrx_word' id='word_1_20' title='bbox 652 671 812 738; x_wconf 91' lang='lat' dir='ltr'>tatio</span> <span class='ocrx_word' id='word_1_21' title='bbox 852 673 922 738; x_wconf 91' lang='lat' dir='ltr'>in</span> <span class='ocrx_word' id='word_1_22' title='bbox 979 672 1242 738; x_wconf 85' lang='lat' dir='ltr'>deserto</span> <span class='ocrx_word' id='word_1_23' title='bbox 1300 675 1457 756; x_wconf 86' lang='lat' dir='ltr'>post</span> <span class='ocrx_word' id='word_1_24' title='bbox 1510 688 1858 756; x_wconf 82' lang='lat' dir='ltr'>egressum</span> <span class='ocrx_word' id='word_1_25' title='bbox 1903 687 1918 732; x_wconf 89' lang='lat'>:</span> <span class='ocrx_word' id='word_1_26' title='bbox 1975 672 2042 732; x_wconf 83' lang='lat' dir='ltr'>et</span> <span class='ocrx_word' id='word_1_27' title='bbox 2100 662 2198 731; x_wconf 91' lang='lat' dir='ltr'>di-</span> 
     </span>
     <span class='ocr_line' id='line_1_6' title="bbox 650 769 2193 863; baseline -0.006 -18"><span class='ocrx_word' id='word_1_28' title='bbox 650 786 895 846; x_wconf 83' lang='lat' dir='ltr'>cuntur</span> <span class='ocrx_word' id='word_1_29' title='bbox 953 778 1110 845; x_wconf 91' lang='lat' dir='ltr'>duo.</span> <span class='ocrx_word' id='word_1_30' title='bbox 1187 775 1447 854; x_wconf 89' lang='lat' dir='ltr'>Primo,</span> <span class='ocrx_word' id='word_1_31' title='bbox 1491 775 1894 841; x_wconf 75' lang='lat' dir='ltr'>sustentatio</span> <span class='ocrx_word' id='word_1_32' title='bbox 1957 769 2193 863; x_wconf 88' lang='lat' dir='ltr'>populi</span> 
     </span>
     <span class='ocr_line' id='line_1_7' title="bbox 650 880 2196 972; baseline -0.006 -18"><span class='ocrx_word' id='word_1_33' title='bbox 650 889 718 953; x_wconf 89' lang='lat' dir='ltr'>in</span> <span class='ocrx_word' id='word_1_34' title='bbox 748 887 1036 960; x_wconf 84' lang='lat' dir='ltr'>deserto,</span> <span class='ocrx_word' id='word_1_35' title='bbox 1076 889 1409 972; x_wconf 86' lang='lat' dir='ltr'>quantum</span> <span class='ocrx_word' id='word_1_36' title='bbox 1440 881 1523 949; x_wconf 88' lang='lat' dir='ltr'>ad</span> <span class='ocrx_word' id='word_1_37' title='bbox 1565 880 1633 948; x_wconf 92' lang='lat' dir='ltr'>id</span> <span class='ocrx_word' id='word_1_38' title='bbox 1665 881 1848 972; x_wconf 90' lang='lat' dir='ltr'>quod</span> <span class='ocrx_word' id='word_1_39' title='bbox 1884 888 1985 947; x_wconf 85' lang='lat' dir='ltr'>est</span> <span class='ocrx_word' id='word_1_40' title='bbox 2013 887 2196 947; x_wconf 84' lang='lat' dir='ltr'>exte-</span> 
     </span>
     <span class='ocr_line' id='line_1_8' title="bbox 651 990 2189 1071; baseline -0.006 -10"><span class='ocrx_word' id='word_1_41' title='bbox 651 998 788 1061; x_wconf 85' lang='lat' dir='ltr'>rius</span> <span class='ocrx_word' id='word_1_42' title='bbox 826 993 1307 1071; x_wconf 86' lang='lat' dir='ltr'>necessarium,</span> <span class='ocrx_word' id='word_1_43' title='bbox 1344 992 1516 1058; x_wconf 82' lang='lat' dir='ltr'>sicut</span> <span class='ocrx_word' id='word_1_44' title='bbox 1551 991 1797 1059; x_wconf 87' lang='lat' dir='ltr'>domus</span> <span class='ocrx_word' id='word_1_45' title='bbox 1828 998 1892 1057; x_wconf 91' lang='lat' dir='ltr'>et</span> <span class='ocrx_word' id='word_1_46' title='bbox 1925 990 2189 1057; x_wconf 84' lang='lat' dir='ltr'>ductor.</span> 
     </span>
     <span class='ocr_line' id='line_1_9' title="bbox 653 1095 2192 1188; baseline -0.004 -24"><span class='ocrx_word' id='word_1_47' title='bbox 653 1098 989 1177; x_wconf 77' lang='lat' dir='ltr'>Secunde,</span> <span class='ocrx_word' id='word_1_48' title='bbox 1036 1106 1366 1188; x_wconf 81' lang='lat' dir='ltr'>quantum</span> <span class='ocrx_word' id='word_1_49' title='bbox 1426 1099 1511 1166; x_wconf 86' lang='lat' dir='ltr'>ad</span> <span class='ocrx_word' id='word_1_50' title='bbox 1559 1098 1623 1165; x_wconf 91' lang='lat' dir='ltr'>id</span> <span class='ocrx_word' id='word_1_51' title='bbox 1665 1096 1850 1188; x_wconf 91' lang='lat' dir='ltr'>quod</span> <span class='ocrx_word' id='word_1_52' title='bbox 1881 1095 2192 1172; x_wconf 63' lang='lat' dir='ltr'>interim,</span> 
     </span>
     <span class='ocr_line' id='line_1_10' title="bbox 649 1202 2198 1287; baseline -0.005 -14"><span class='ocrx_word' id='word_1_53' title='bbox 649 1208 820 1273; x_wconf 84' lang='lat' dir='ltr'>sicut</span> <span class='ocrx_word' id='word_1_54' title='bbox 849 1213 949 1273; x_wconf 87' lang='lat' dir='ltr'>est</span> <span class='ocrx_word' id='word_1_55' title='bbox 976 1204 1402 1287; x_wconf 79' lang='lat' dir='ltr'>alimentum,</span> <span class='ocrx_word' id='word_1_56' title='bbox 1434 1206 1554 1284; x_wconf 90' lang='lat' dir='ltr'>ibi,</span> <span class='ocrx_word' id='word_1_57' title='bbox 1588 1212 1652 1281; x_wconf 63' lang='lat' dir='ltr'>iv.</span> <span class='ocrx_word' id='word_1_58' title='bbox 1691 1205 1773 1270; x_wconf 72' lang='lat'>40</span> <span class='ocrx_word' id='word_1_59' title='bbox 1819 1227 1833 1270; x_wconf 74' lang='grc' dir='ltr'>ε</span> <span class='ocrx_word' id='word_1_60' title='bbox 1875 1227 1908 1266; x_wconf 78' lang='grc' dir='ltr'><em>α</em></span> <span class='ocrx_word' id='word_1_61' title='bbox 1969 1202 2198 1268; x_wconf 81' lang='lat' dir='ltr'>Petie-</span> 
     </span>
     <span class='ocr_line' id='line_1_11' title="bbox 649 1315 1245 1392; baseline -0.007 -12"><span class='ocrx_word' id='word_1_62' title='bbox 649 1324 831 1392; x_wconf 82' lang='lat' dir='ltr'>runt,</span> <span class='ocrx_word' id='word_1_63' title='bbox 873 1324 937 1380; x_wconf 81' lang='lat' dir='ltr'>et</span> <span class='ocrx_word' id='word_1_64' title='bbox 965 1315 1166 1383; x_wconf 82' lang='lat' dir='ltr'>venit.</span> <span class='ocrx_word' id='word_1_65' title='bbox 1213 1342 1245 1377; x_wconf 65' lang='grc' dir='ltr'><strong>υ</strong></span> 
     </span>
    </p>

    <p class='ocr_par' dir='ltr' id='par_1_4' title="bbox 650 1419 2195 1836">
     <span class='ocr_line' id='line_1_12' title="bbox 740 1419 2195 1509; baseline -0.002 -24"><span class='ocrx_word' id='word_1_66' title='bbox 740 1419 812 1487; x_wconf 78' lang='grc' dir='ltr'>[η</span> <span class='ocrx_word' id='word_1_67' title='bbox 854 1421 1070 1509; x_wconf 87' lang='lat' dir='ltr'>prima</span> <span class='ocrx_word' id='word_1_68' title='bbox 1101 1422 1260 1489; x_wconf 89' lang='lat' dir='ltr'>duo.</span> <span class='ocrx_word' id='word_1_69' title='bbox 1287 1421 1552 1500; x_wconf 85' lang='lat' dir='ltr'>Prim0‚</span> <span class='ocrx_word' id='word_1_70' title='bbox 1587 1419 1997 1486; x_wconf 75' lang='lat' dir='ltr'>beneficium</span> <span class='ocrx_word' id='word_1_71' title='bbox 2031 1438 2195 1506; x_wconf 85' lang='lat' dir='ltr'>pro-</span> 
     </span>
     <span class='ocr_line' id='line_1_13' title="bbox 650 1523 2195 1616; baseline -0.003 -23"><span class='ocrx_word' id='word_1_72' title='bbox 650 1530 938 1616; x_wconf 81' lang='lat' dir='ltr'>tegentis</span> <span class='ocrx_word' id='word_1_73' title='bbox 977 1528 1126 1597; x_wconf 89' lang='lat' dir='ltr'>loco</span> <span class='ocrx_word' id='word_1_74' title='bbox 1174 1529 1443 1597; x_wconf 81' lang='lat' dir='ltr'>domus.</span> <span class='ocrx_word' id='word_1_75' title='bbox 1487 1525 1831 1605; x_wconf 88' lang='lat' dir='ltr'>Secundo,</span> <span class='ocrx_word' id='word_1_76' title='bbox 1888 1523 2195 1592; x_wconf 85' lang='lat' dir='ltr'>ducentis</span> 
     </span>
     <span class='ocr_line' id='line_1_14' title="bbox 650 1631 2192 1729; baseline -0.002 -28"><span class='ocrx_word' id='word_1_77' title='bbox 650 1634 797 1701; x_wconf 88' lang='lat' dir='ltr'>loco</span> <span class='ocrx_word' id='word_1_78' title='bbox 853 1638 1008 1715; x_wconf 81' lang='lat' dir='ltr'>viae,</span> <span class='ocrx_word' id='word_1_79' title='bbox 1060 1660 1208 1729; x_wconf 87' lang='lat' dir='ltr'>quae</span> <span class='ocrx_word' id='word_1_80' title='bbox 1259 1658 1395 1704; x_wconf 92' lang='lat' dir='ltr'>non</span> <span class='ocrx_word' id='word_1_81' title='bbox 1447 1643 1587 1702; x_wconf 82' lang='lat' dir='ltr'>erat</span> <span class='ocrx_word' id='word_1_82' title='bbox 1632 1635 1698 1700; x_wconf 89' lang='lat' dir='ltr'>in</span> <span class='ocrx_word' id='word_1_83' title='bbox 1733 1633 2026 1715; x_wconf 81' lang='lat' dir='ltr'>deserto,</span> <span class='ocrx_word' id='word_1_84' title='bbox 2072 1631 2192 1710; x_wconf 86' lang='lat' dir='ltr'>ibi,</span> 
     </span>
     <span class='ocr_line' id='line_1_15' title="bbox 655 1747 1190 1836; baseline -0.007 -25"><span class='ocrx_word' id='word_1_85' title='bbox 655 1770 687 1809; x_wconf 89' lang='lat'><strong>«</strong></span> <span class='ocrx_word' id='word_1_86' title='bbox 727 1747 823 1813; x_wconf 82' lang='lat' dir='ltr'>Et</span> <span class='ocrx_word' id='word_1_87' title='bbox 862 1747 1109 1836; x_wconf 68' lang='lat' dir='ltr'>ionem.</span> <span class='ocrx_word' id='word_1_88' title='bbox 1156 1773 1190 1808; x_wconf 87' lang='lat'>»</span> 
     </span>
    </p>

    <p class='ocr_par' dir='ltr' id='par_1_5' title="bbox 643 1853 2199 3138">
     <span class='ocr_line' id='line_1_16' title="bbox 735 1853 2192 1945; baseline -0.003 -25"><span class='ocrx_word' id='word_1_89' title='bbox 735 1853 907 1921; x_wconf 82' lang='lat' dir='ltr'>Dicit</span> <span class='ocrx_word' id='word_1_90' title='bbox 956 1876 1119 1945; x_wconf 82' lang='lat' dir='ltr'>crgo</span> <span class='ocrx_word' id='word_1_91' title='bbox 1173 1876 1188 1921; x_wconf 73' lang='grc' dir='ltr'>ε</span> <span class='ocrx_word' id='word_1_92' title='bbox 1263 1853 1378 1921; x_wconf 89' lang='lat' dir='ltr'>Sic</span> <span class='ocrx_word' id='word_1_93' title='bbox 1433 1854 1655 1922; x_wconf 81' lang='lat' dir='ltr'>educti</span> <span class='ocrx_word' id='word_1_94' title='bbox 1698 1859 1878 1927; x_wconf 90' lang='lat' dir='ltr'>sunt,</span> <span class='ocrx_word' id='word_1_95' title='bbox 1933 1857 2192 1941; x_wconf 86' lang='lat' dir='ltr'>etpost</span> 
     </span>
     <span class='ocr_line' id='line_1_17' title="bbox 646 1959 2196 2051; baseline -0.002 -24"><span class='ocrx_word' id='word_1_96' title='bbox 646 1962 808 2051; x_wconf 83' lang='lat' dir='ltr'>ipsis</span> <span class='ocrx_word' id='word_1_97' title='bbox 842 1964 909 2029; x_wconf 95' lang='lat' dir='ltr'>in</span> <span class='ocrx_word' id='word_1_98' title='bbox 940 1962 1282 2030; x_wconf 86' lang='lat' dir='ltr'>desertum</span> <span class='ocrx_word' id='word_1_99' title='bbox 1310 1960 1751 2039; x_wconf 72' lang='lat' dir='ltr'>transductiS‚</span> <span class='ocrx_word' id='word_1_100' title='bbox 1796 1988 1826 2021; x_wconf 73' lang='grc' dir='ltr'>«ι</span> <span class='ocrx_word' id='word_1_101' title='bbox 1860 1959 2196 2049; x_wconf 70' lang='lat' dir='ltr'>expandit</span> 
     </span>
     <span class='ocr_line' id='line_1_18' title="bbox 647 2068 2196 2160; baseline -0.003 -23"><span class='ocrx_word' id='word_1_102' title='bbox 647 2069 917 2148; x_wconf 82' lang='lat' dir='ltr'>nubem,</span> <span class='ocrx_word' id='word_1_103' title='bbox 980 2095 1013 2135; x_wconf 67' lang='lat' dir='ltr'>n</span> <span class='ocrx_word' id='word_1_104' title='bbox 1073 2071 1155 2138; x_wconf 88' lang='lat' dir='ltr'>ad</span> <span class='ocrx_word' id='word_1_105' title='bbox 1222 2069 1543 2153; x_wconf 76' lang='lat' dir='ltr'>litteram,</span> <span class='ocrx_word' id='word_1_106' title='bbox 1592 2095 1626 2134; x_wconf 69' lang='grc' dir='ltr'>ι</span> <span class='ocrx_word' id='word_1_107' title='bbox 1687 2070 1756 2135; x_wconf 85' lang='lat' dir='ltr'>iu</span> <span class='ocrx_word' id='word_1_108' title='bbox 1813 2068 2196 2160; x_wconf 80' lang='lat' dir='ltr'>protectio-</span> 
     </span>
     <span class='ocr_line' id='line_1_19' title="bbox 648 2172 2196 2258; baseline -0.002 -15"><span class='ocrx_word' id='word_1_109' title='bbox 648 2199 797 2243; x_wconf 75' lang='lat' dir='ltr'>nem</span> <span class='ocrx_word' id='word_1_110' title='bbox 828 2200 1086 2258; x_wconf 82' lang='lat' dir='ltr'>eorum,</span> <span class='ocrx_word' id='word_1_111' title='bbox 1133 2202 1166 2242; x_wconf 66' lang='lat' dir='ltr'>n</span> <span class='ocrx_word' id='word_1_112' title='bbox 1209 2176 1294 2244; x_wconf 88' lang='lat' dir='ltr'>ab</span> <span class='ocrx_word' id='word_1_113' title='bbox 1333 2175 1576 2244; x_wconf 85' lang='lat' dir='ltr'>ardore</span> <span class='ocrx_word' id='word_1_114' title='bbox 1617 2175 1782 2243; x_wconf 86' lang='lat' dir='ltr'>solis</span> <span class='ocrx_word' id='word_1_115' title='bbox 1833 2175 1901 2241; x_wconf 92' lang='lat' dir='ltr'>in</span> <span class='ocrx_word' id='word_1_116' title='bbox 1952 2172 2088 2251; x_wconf 85' lang='lat' dir='ltr'>die,</span> <span class='ocrx_word' id='word_1_117' title='bbox 2129 2182 2196 2242; x_wconf 84' lang='lat' dir='ltr'>et</span> 
     </span>
     <span class='ocr_line' id='line_1_20' title="bbox 650 2284 2194 2363; baseline -0.006 -4"><span class='ocrx_word' id='word_1_118' title='bbox 650 2288 944 2359; x_wconf 88' lang='lat' dir='ltr'>tenebris</span> <span class='ocrx_word' id='word_1_119' title='bbox 975 2287 1043 2354; x_wconf 91' lang='lat' dir='ltr'>in</span> <span class='ocrx_word' id='word_1_120' title='bbox 1072 2295 1296 2356; x_wconf 87' lang='lat' dir='ltr'>nocte.</span> <span class='ocrx_word' id='word_1_121' title='bbox 1332 2285 1553 2354; x_wconf 83' lang='lat' dir='ltr'>Exod.</span> <span class='ocrx_word' id='word_1_122' title='bbox 1588 2308 1736 2363; x_wconf 82' lang='lat' dir='ltr'>xm,</span> <span class='ocrx_word' id='word_1_123' title='bbox 1780 2286 1865 2351; x_wconf 82' lang='lat'>22</span> <span class='ocrx_word' id='word_1_124' title='bbox 1902 2307 1917 2350; x_wconf 75' lang='grc' dir='ltr'>ε</span> <span class='ocrx_word' id='word_1_125' title='bbox 1972 2284 2194 2352; x_wconf 83' lang='lat' dir='ltr'>Num-</span> 
     </span>
     <span class='ocr_line' id='line_1_21' title="bbox 649 2393 2193 2490; baseline -0.006 -23"><span class='ocrx_word' id='word_1_126' title='bbox 649 2421 858 2490; x_wconf 82' lang='lat' dir='ltr'>quam</span> <span class='ocrx_word' id='word_1_127' title='bbox 905 2397 1131 2487; x_wconf 76' lang='lat' dir='ltr'>desuit</span> <span class='ocrx_word' id='word_1_128' title='bbox 1167 2396 1494 2465; x_wconf 83' lang='lat' dir='ltr'>columna</span> <span class='ocrx_word' id='word_1_129' title='bbox 1555 2393 1760 2463; x_wconf 80' lang='lat' dir='ltr'>uubis</span> <span class='ocrx_word' id='word_1_130' title='bbox 1801 2416 1928 2485; x_wconf 82' lang='lat' dir='ltr'>per</span> <span class='ocrx_word' id='word_1_131' title='bbox 1983 2393 2193 2472; x_wconf 80' lang='lat' dir='ltr'>diem,</span> 
     </span>
     <span class='ocr_line' id='line_1_22' title="bbox 649 2500 2198 2596; baseline -0.004 -22"><span class='ocrx_word' id='word_1_132' title='bbox 649 2530 765 2575; x_wconf 82' lang='lat' dir='ltr'>uec</span> <span class='ocrx_word' id='word_1_133' title='bbox 799 2505 1121 2575; x_wconf 84' lang='lat' dir='ltr'>columna</span> <span class='ocrx_word' id='word_1_134' title='bbox 1161 2505 1341 2595; x_wconf 75' lang='lat' dir='ltr'>iquis</span> <span class='ocrx_word' id='word_1_135' title='bbox 1364 2526 1492 2596; x_wconf 84' lang='lat' dir='ltr'>per</span> <span class='ocrx_word' id='word_1_136' title='bbox 1518 2513 1804 2572; x_wconf 80' lang='lat' dir='ltr'>noctem.</span> <span class='ocrx_word' id='word_1_137' title='bbox 1854 2529 1886 2568; x_wconf 83' lang='lat'><strong>‹</strong></span> <span class='ocrx_word' id='word_1_138' title='bbox 1940 2504 2034 2570; x_wconf 77' lang='lat' dir='ltr'>Et</span> <span class='ocrx_word' id='word_1_139' title='bbox 2089 2500 2198 2592; x_wconf 74' lang='lat' dir='ltr'>iq-</span> 
     </span>
     <span class='ocr_line' id='line_1_23' title="bbox 649 2608 2199 2704; baseline -0.006 -23"><span class='ocrx_word' id='word_1_140' title='bbox 649 2637 824 2692; x_wconf 83' lang='lat' dir='ltr'>uem,</span> <span class='ocrx_word' id='word_1_141' title='bbox 863 2644 895 2674; x_wconf 74' lang='grc' dir='ltr'>ι»</span> <span class='ocrx_word' id='word_1_142' title='bbox 925 2621 1177 2704; x_wconf 86' lang='lat' dir='ltr'>repete,</span> <span class='ocrx_word' id='word_1_143' title='bbox 1220 2611 1569 2703; x_wconf 84' lang='lat' dir='ltr'>expandit,</span> <span class='ocrx_word' id='word_1_144' title='bbox 1607 2638 1639 2677; x_wconf 83' lang='lat'><strong>‹</strong></span> <span class='ocrx_word' id='word_1_145' title='bbox 1679 2620 1753 2677; x_wconf 79' lang='lat' dir='ltr'>u!</span> <span class='ocrx_word' id='word_1_146' title='bbox 1805 2610 2058 2677; x_wconf 80' lang='lat' dir='ltr'>lucere!</span> <span class='ocrx_word' id='word_1_147' title='bbox 2104 2608 2199 2674; x_wconf 78' lang='lat' dir='ltr'>eis</span> 
     </span>
     <span class='ocr_line' id='line_1_24' title="bbox 643 2714 2197 2813; baseline -0.006 -25"><span class='ocrx_word' id='word_1_148' title='bbox 643 2744 768 2813; x_wconf 83' lang='lat' dir='ltr'>per</span> <span class='ocrx_word' id='word_1_149' title='bbox 805 2730 1087 2788; x_wconf 76' lang='lat' dir='ltr'>noctem.</span> <span class='ocrx_word' id='word_1_150' title='bbox 1144 2744 1177 2784; x_wconf 66' lang='lat' dir='ltr'>n</span> <span class='ocrx_word' id='word_1_151' title='bbox 1249 2716 1698 2787; x_wconf 78' lang='lat' dir='ltr'>Cassiodorus</span> <span class='ocrx_word' id='word_1_152' title='bbox 1745 2741 1766 2784; x_wconf 91' lang='lat'>.·</span> <span class='ocrx_word' id='word_1_153' title='bbox 1847 2744 1880 2779; x_wconf 73' lang='grc' dir='ltr'><strong><em>κ</em></strong></span> <span class='ocrx_word' id='word_1_154' title='bbox 1966 2714 2197 2782; x_wconf 81' lang='lat' dir='ltr'>Nubes</span> 
     </span>
     <span class='ocr_line' id='line_1_25' title="bbox 652 2824 2191 2919; baseline -0.003 -24"><span class='ocrx_word' id='word_1_155' title='bbox 652 2858 685 2895; x_wconf 73' lang='grc' dir='ltr'><strong>α</strong></span> <span class='ocrx_word' id='word_1_156' title='bbox 719 2830 869 2898; x_wconf 82' lang='lat' dir='ltr'>data</span> <span class='ocrx_word' id='word_1_157' title='bbox 919 2837 1042 2905; x_wconf 84' lang='lat' dir='ltr'>est,</span> <span class='ocrx_word' id='word_1_158' title='bbox 1076 2838 1148 2896; x_wconf 92' lang='lat' dir='ltr'>ut</span> <span class='ocrx_word' id='word_1_159' title='bbox 1189 2828 1352 2896; x_wconf 82' lang='lat' dir='ltr'>solis</span> <span class='ocrx_word' id='word_1_160' title='bbox 1383 2836 1790 2919; x_wconf 69' lang='lat' dir='ltr'>temperaret</span> <span class='ocrx_word' id='word_1_161' title='bbox 1821 2824 2135 2893; x_wconf 84' lang='lat' dir='ltr'>ardorem</span> <span class='ocrx_word' id='word_1_162' title='bbox 2177 2847 2191 2891; x_wconf 91' lang='lat'>:</span> 
     </span>
     <span class='ocr_line' id='line_1_26' title="bbox 652 2932 2196 3031; baseline -0.004 -26"><span class='ocrx_word' id='word_1_163' title='bbox 652 2940 894 3031; x_wconf 80' lang='lat' dir='ltr'>«ignis</span> <span class='ocrx_word' id='word_1_164' title='bbox 949 2959 1312 3007; x_wconf 84' lang='lat' dir='ltr'>concessus</span> <span class='ocrx_word' id='word_1_165' title='bbox 1379 2945 1508 3013; x_wconf 78' lang='lat' dir='ltr'>cst,</span> <span class='ocrx_word' id='word_1_166' title='bbox 1589 2943 1662 3003; x_wconf 90' lang='lat' dir='ltr'>ut</span> <span class='ocrx_word' id='word_1_167' title='bbox 1759 2932 2196 3001; x_wconf 77' lang='lat' dir='ltr'>tenebrarum</span> 
     </span>
     <span class='ocr_line' id='line_1_27' title="bbox 661 3043 1744 3138; baseline -0.002 -28"><span class='ocrx_word' id='word_1_168' title='bbox 661 3073 692 3110; x_wconf 75' lang='grc' dir='ltr'>ι</span> <span class='ocrx_word' id='word_1_169' title='bbox 718 3053 946 3138; x_wconf 83' lang='lat' dir='ltr'>posset</span> <span class='ocrx_word' id='word_1_170' title='bbox 973 3045 1234 3114; x_wconf 80' lang='lat' dir='ltr'>auferre</span> <span class='ocrx_word' id='word_1_171' title='bbox 1272 3043 1661 3135; x_wconf 82' lang='lat' dir='ltr'>caliginem.</span> <span class='ocrx_word' id='word_1_172' title='bbox 1711 3068 1744 3108; x_wconf 66' lang='lat' dir='ltr'><strong>n</strong></span> 
     </span>
    </p>

    <p class='ocr_par' dir='ltr' id='par_1_6' title="bbox 650 3147 2212 4841">
     <span class='ocr_line' id='line_1_28' title="bbox 739 3147 2196 3247; baseline -0.005 -24"><span class='ocrx_word' id='word_1_173' title='bbox 739 3152 1196 3247; x_wconf 80' lang='lat' dir='ltr'>Spiritualiter</span> <span class='ocrx_word' id='word_1_174' title='bbox 1232 3159 1490 3233; x_wconf 84' lang='lat' dir='ltr'>autem,</span> <span class='ocrx_word' id='word_1_175' title='bbox 1533 3149 1751 3220; x_wconf 75' lang='lat' dir='ltr'>nubes</span> <span class='ocrx_word' id='word_1_176' title='bbox 1788 3157 1889 3219; x_wconf 79' lang='lat' dir='ltr'>est</span> <span class='ocrx_word' id='word_1_177' title='bbox 1945 3147 2196 3218; x_wconf 76' lang='lat' dir='ltr'>Christi</span> 
     </span>
     <span class='ocr_line' id='line_1_29' title="bbox 650 3259 2200 3342; baseline -0.005 -11"><span class='ocrx_word' id='word_1_178' title='bbox 650 3284 830 3331; x_wconf 84' lang='lat' dir='ltr'>caro.</span> <span class='ocrx_word' id='word_1_179' title='bbox 866 3259 995 3330; x_wconf 82' lang='lat' dir='ltr'>Isa.</span> <span class='ocrx_word' id='word_1_180' title='bbox 1036 3283 1179 3342; x_wconf 75' lang='lat' dir='ltr'>xix,</span> <span class='ocrx_word' id='word_1_181' title='bbox 1227 3261 1251 3327; x_wconf 83' lang='lat'>¹</span> <span class='ocrx_word' id='word_1_182' title='bbox 1308 3282 1325 3328; x_wconf 73' lang='grc' dir='ltr'><em>ε</em></span> <span class='ocrx_word' id='word_1_183' title='bbox 1366 3262 1542 3329; x_wconf 76' lang='lat' dir='ltr'>Ecce</span> <span class='ocrx_word' id='word_1_184' title='bbox 1579 3260 1924 3327; x_wconf 75' lang='lat' dir='ltr'>Dominus</span> <span class='ocrx_word' id='word_1_185' title='bbox 1962 3280 2200 3324; x_wconf 79' lang='lat' dir='ltr'>ascen-</span> 
     </span>
     <span class='ocr_line' id='line_1_30' title="bbox 651 3366 2200 3463; baseline -0.005 -24"><span class='ocrx_word' id='word_1_186' title='bbox 651 3369 762 3439; x_wconf 79' lang='lat' dir='ltr'>det</span> <span class='ocrx_word' id='word_1_187' title='bbox 794 3393 998 3463; x_wconf 74' lang='lat' dir='ltr'>super</span> <span class='ocrx_word' id='word_1_188' title='bbox 1024 3369 1269 3438; x_wconf 66' lang='lat' dir='ltr'>ruebam</span> <span class='ocrx_word' id='word_1_189' title='bbox 1303 3369 1541 3437; x_wconf 78' lang='lat' dir='ltr'>levem.</span> <span class='ocrx_word' id='word_1_190' title='bbox 1588 3366 1754 3434; x_wconf 70' lang='lat' dir='ltr'>lla-c</span> <span class='ocrx_word' id='word_1_191' title='bbox 1784 3367 1906 3435; x_wconf 79' lang='lat' dir='ltr'>fuit</span> <span class='ocrx_word' id='word_1_192' title='bbox 1946 3387 2200 3456; x_wconf 82' lang='lat' dir='ltr'>expan-</span> 
     </span>
     <span class='ocr_line' id='line_1_31' title="bbox 651 3473 2200 3566; baseline -0.004 -20"><span class='ocrx_word' id='word_1_193' title='bbox 651 3500 726 3546; x_wconf 87' lang='lat' dir='ltr'>sa</span> <span class='ocrx_word' id='word_1_194' title='bbox 747 3479 814 3545; x_wconf 87' lang='lat' dir='ltr'>in</span> <span class='ocrx_word' id='word_1_195' title='bbox 844 3499 1065 3547; x_wconf 87' lang='lat' dir='ltr'>cruce.</span> <span class='ocrx_word' id='word_1_196' title='bbox 1101 3475 1229 3544; x_wconf 74' lang='lat' dir='ltr'>isa.</span> <span class='ocrx_word' id='word_1_197' title='bbox 1263 3498 1419 3553; x_wconf 60' lang='lat' dir='ltr'>mxv.</span> <span class='ocrx_word' id='word_1_198' title='bbox 1455 3476 1497 3543; x_wconf 84' lang='lat'><strong>2</strong></span> <span class='ocrx_word' id='word_1_199' title='bbox 1533 3497 1550 3542; x_wconf 74' lang='grc' dir='ltr'>ε</span> <span class='ocrx_word' id='word_1_200' title='bbox 1584 3473 1923 3566; x_wconf 65' lang='lat' dir='ltr'>Expandi</span> <span class='ocrx_word' id='word_1_201' title='bbox 1952 3494 2200 3541; x_wconf 70' lang='lat' dir='ltr'>mamas</span> 
     </span>
     <span class='ocr_line' id='line_1_32' title="bbox 655 3581 2202 3675; baseline -0.003 -22"><span class='ocrx_word' id='word_1_202' title='bbox 655 3608 836 3653; x_wconf 77' lang='lat' dir='ltr'>meas</span> <span class='ocrx_word' id='word_1_203' title='bbox 858 3594 1002 3653; x_wconf 79' lang='lat' dir='ltr'>toea</span> <span class='ocrx_word' id='word_1_204' title='bbox 1030 3583 1163 3652; x_wconf 85' lang='lat' dir='ltr'>die.</span> <span class='ocrx_word' id='word_1_205' title='bbox 1209 3582 1396 3675; x_wconf 79' lang='lat' dir='ltr'>Ignis</span> <span class='ocrx_word' id='word_1_206' title='bbox 1433 3592 1662 3650; x_wconf 85' lang='lat' dir='ltr'>autem</span> <span class='ocrx_word' id='word_1_207' title='bbox 1699 3581 1998 3672; x_wconf 79' lang='lat' dir='ltr'>Spiritus</span> <span class='ocrx_word' id='word_1_208' title='bbox 2036 3602 2202 3649; x_wconf 78' lang='lat' dir='ltr'>san-</span> 
     </span>
     <span class='ocr_line' id='line_1_33' title="bbox 655 3688 2204 3778; baseline -0.004 -18"><span class='ocrx_word' id='word_1_209' title='bbox 655 3701 800 3760; x_wconf 86' lang='lat' dir='ltr'>ctus</span> <span class='ocrx_word' id='word_1_210' title='bbox 832 3699 956 3760; x_wconf 79' lang='lat' dir='ltr'>cst.</span> <span class='ocrx_word' id='word_1_211' title='bbox 999 3690 1162 3759; x_wconf 88' lang='lat' dir='ltr'>Luc.</span> <span class='ocrx_word' id='word_1_212' title='bbox 1195 3712 1314 3768; x_wconf 81' lang='lat' dir='ltr'>xu.</span> <span class='ocrx_word' id='word_1_213' title='bbox 1349 3690 1435 3757; x_wconf 67' lang='lat'>49</span> <span class='ocrx_word' id='word_1_214' title='bbox 1481 3711 1495 3758; x_wconf 72' lang='grc' dir='ltr'>ε</span> <span class='ocrx_word' id='word_1_215' title='bbox 1546 3693 1781 3778; x_wconf 73' lang='lat' dir='ltr'>lquem</span> <span class='ocrx_word' id='word_1_216' title='bbox 1830 3688 1985 3755; x_wconf 75' lang='lat' dir='ltr'>veni</span> <span class='ocrx_word' id='word_1_217' title='bbox 2034 3688 2204 3754; x_wconf 78' lang='lat' dir='ltr'>mie-</span> 
     </span>
     <span class='ocr_line' id='line_1_34' title="bbox 657 3792 2201 3867; baseline -0.003 -2"><span class='ocrx_word' id='word_1_218' title='bbox 657 3807 794 3866; x_wconf 75' lang='lat' dir='ltr'>tere</span> <span class='ocrx_word' id='word_1_219' title='bbox 836 3800 908 3865; x_wconf 80' lang='lat' dir='ltr'>in</span> <span class='ocrx_word' id='word_1_220' title='bbox 955 3808 1232 3867; x_wconf 79' lang='lat' dir='ltr'>terram.</span> <span class='ocrx_word' id='word_1_221' title='bbox 1287 3793 1599 3863; x_wconf 85' lang='lat' dir='ltr'>Primum</span> <span class='ocrx_word' id='word_1_222' title='bbox 1649 3792 1883 3861; x_wconf 84' lang='lat' dir='ltr'>datum</span> <span class='ocrx_word' id='word_1_223' title='bbox 1949 3801 2052 3860; x_wconf 79' lang='lat' dir='ltr'>est</span> <span class='ocrx_word' id='word_1_224' title='bbox 2116 3794 2201 3860; x_wconf 89' lang='lat' dir='ltr'>ad</span> 
     </span>
     <span class='ocr_line' id='line_1_35' title="bbox 657 3901 2204 3999; baseline -0.005 -25"><span class='ocrx_word' id='word_1_225' title='bbox 657 3905 1187 3999; x_wconf 79' lang='lat' dir='ltr'>refrigerandum</span> <span class='ocrx_word' id='word_1_226' title='bbox 1225 3903 1654 3973; x_wconf 71' lang='lat' dir='ltr'>voluntatem</span> <span class='ocrx_word' id='word_1_227' title='bbox 1703 3911 1942 3970; x_wconf 84' lang='lat' dir='ltr'>contra</span> <span class='ocrx_word' id='word_1_228' title='bbox 1997 3901 2204 3970; x_wconf 84' lang='lat' dir='ltr'>ardo-</span> 
     </span>
     <span class='ocr_line' id='line_1_36' title="bbox 654 4009 2203 4097; baseline -0.005 -12"><span class='ocrx_word' id='word_1_229' title='bbox 654 4036 762 4086; x_wconf 78' lang='lat' dir='ltr'>res</span> <span class='ocrx_word' id='word_1_230' title='bbox 797 4015 1016 4085; x_wconf 85' lang='lat' dir='ltr'>malos</span> <span class='ocrx_word' id='word_1_231' title='bbox 1058 4035 1076 4087; x_wconf 72' lang='grc' dir='ltr'>ε</span> <span class='ocrx_word' id='word_1_232' title='bbox 1107 4013 1510 4097; x_wconf 81' lang='lat' dir='ltr'>secundum,</span> <span class='ocrx_word' id='word_1_233' title='bbox 1542 4011 1630 4080; x_wconf 83' lang='lat' dir='ltr'>ad</span> <span class='ocrx_word' id='word_1_234' title='bbox 1676 4009 2203 4080; x_wconf 85' lang='lat' dir='ltr'>illuminandum</span> 
     </span>
     <span class='ocr_line' id='line_1_37' title="bbox 659 4116 2205 4194; baseline -0.006 -1"><span class='ocrx_word' id='word_1_235' title='bbox 659 4122 1069 4194; x_wconf 81' lang='lat' dir='ltr'>intellectum</span> <span class='ocrx_word' id='word_1_236' title='bbox 1110 4130 1346 4191; x_wconf 83' lang='lat' dir='ltr'>contra</span> <span class='ocrx_word' id='word_1_237' title='bbox 1376 4118 1730 4189; x_wconf 72' lang='lat' dir='ltr'>haereticos</span> <span class='ocrx_word' id='word_1_238' title='bbox 1767 4140 2058 4188; x_wconf 76' lang='lat' dir='ltr'>errores.</span> <span class='ocrx_word' id='word_1_239' title='bbox 2106 4116 2205 4185; x_wconf 87' lang='lat' dir='ltr'>De</span> 
     </span>
     <span class='ocr_line' id='line_1_38' title="bbox 663 4224 2208 4324; baseline -0.004 -24"><span class='ocrx_word' id='word_1_240' title='bbox 663 4241 972 4324; x_wconf 83' lang='lat' dir='ltr'>utroque,</span> <span class='ocrx_word' id='word_1_241' title='bbox 1005 4229 1069 4299; x_wconf 89' lang='lat'>11</span> <span class='ocrx_word' id='word_1_242' title='bbox 1109 4228 1361 4308; x_wconf 69' lang='lat' dir='ltr'>Eadm.</span> <span class='ocrx_word' id='word_1_243' title='bbox 1413 4251 1509 4306; x_wconf 76' lang='lat' dir='ltr'>xx,</span> <span class='ocrx_word' id='word_1_244' title='bbox 1562 4228 1693 4295; x_wconf 82' lang='lat'>¹2:</span> <span class='ocrx_word' id='word_1_245' title='bbox 1752 4227 1829 4295; x_wconf 81' lang='lat' dir='ltr'>In</span> <span class='ocrx_word' id='word_1_246' title='bbox 1879 4224 2208 4294; x_wconf 80' lang='lat' dir='ltr'>columna</span> 
     </span>
     <span class='ocr_line' id='line_1_39' title="bbox 663 4333 2206 4426; baseline -0.005 -19"><span class='ocrx_word' id='word_1_247' title='bbox 663 4337 863 4407; x_wconf 77' lang='lat' dir='ltr'>uubis</span> <span class='ocrx_word' id='word_1_248' title='bbox 888 4336 1133 4406; x_wconf 80' lang='lat' dir='ltr'>ductor</span> <span class='ocrx_word' id='word_1_249' title='bbox 1157 4356 1391 4404; x_wconf 84' lang='lat' dir='ltr'>eorum</span> <span class='ocrx_word' id='word_1_250' title='bbox 1418 4334 1629 4426; x_wconf 75' lang='lat' dir='ltr'>suisti</span> <span class='ocrx_word' id='word_1_251' title='bbox 1644 4355 1777 4426; x_wconf 77' lang='lat' dir='ltr'>per</span> <span class='ocrx_word' id='word_1_252' title='bbox 1799 4333 2009 4412; x_wconf 78' lang='lat' dir='ltr'>diem,</span> <span class='ocrx_word' id='word_1_253' title='bbox 2040 4342 2106 4401; x_wconf 78' lang='lat' dir='ltr'>ee</span> <span class='ocrx_word' id='word_1_254' title='bbox 2137 4333 2206 4400; x_wconf 79' lang='lat' dir='ltr'>in</span> 
     </span>
     <span class='ocr_line' id='line_1_40' title="bbox 664 4445 2210 4536; baseline -0.007 -21"><span class='ocrx_word' id='word_1_255' title='bbox 664 4445 985 4515; x_wconf 77' lang='lat' dir='ltr'>columna</span> <span class='ocrx_word' id='word_1_256' title='bbox 1024 4445 1205 4534; x_wconf 63' lang='lat' dir='ltr'>ignis</span> <span class='ocrx_word' id='word_1_257' title='bbox 1233 4465 1363 4536; x_wconf 84' lang='lat' dir='ltr'>per</span> <span class='ocrx_word' id='word_1_258' title='bbox 1397 4450 1688 4525; x_wconf 75' lang='lat' dir='ltr'>noctem,</span> <span class='ocrx_word' id='word_1_259' title='bbox 1730 4449 1808 4508; x_wconf 79' lang='lat' dir='ltr'>ue</span> <span class='ocrx_word' id='word_1_260' title='bbox 1845 4449 2210 4532; x_wconf 76' lang='lat' dir='ltr'>appareret</span> 
     </span>
     <span class='ocr_line' id='line_1_41' title="bbox 663 4544 2203 4645; baseline -0.005 -22"><span class='ocrx_word' id='word_1_261' title='bbox 663 4556 760 4623; x_wconf 74' lang='lat' dir='ltr'>eis</span> <span class='ocrx_word' id='word_1_262' title='bbox 807 4553 921 4621; x_wconf 72' lang='lat' dir='ltr'>ria</span> <span class='ocrx_word' id='word_1_263' title='bbox 986 4574 1113 4645; x_wconf 84' lang='lat' dir='ltr'>per</span> <span class='ocrx_word' id='word_1_264' title='bbox 1164 4572 1375 4643; x_wconf 79' lang='lat' dir='ltr'>quam</span> <span class='ocrx_word' id='word_1_265' title='bbox 1425 4548 2013 4639; x_wconf 75' lang='lat' dir='ltr'>inqrediebaulur.</span> <span class='ocrx_word' id='word_1_266' title='bbox 2073 4544 2203 4615; x_wconf 77' lang='lat' dir='ltr'>lsa.</span> 
     </span>
     <span class='ocr_line' id='line_1_42' title="bbox 663 4657 2212 4751; baseline -0.003 -19"><span class='ocrx_word' id='word_1_267' title='bbox 663 4685 757 4742; x_wconf 73' lang='lat' dir='ltr'>tv.</span> <span class='ocrx_word' id='word_1_268' title='bbox 799 4664 840 4732; x_wconf 82' lang='lat'><strong>5</strong></span> <span class='ocrx_word' id='word_1_269' title='bbox 884 4684 900 4730; x_wconf 72' lang='grc' dir='ltr'>ε</span> <span class='ocrx_word' id='word_1_270' title='bbox 957 4663 1052 4731; x_wconf 77' lang='lat' dir='ltr'>Ee</span> <span class='ocrx_word' id='word_1_271' title='bbox 1094 4657 1353 4730; x_wconf 80' lang='lat' dir='ltr'>creabit</span> <span class='ocrx_word' id='word_1_272' title='bbox 1417 4660 1760 4729; x_wconf 82' lang='lat' dir='ltr'>Dominus</span> <span class='ocrx_word' id='word_1_273' title='bbox 1807 4682 2018 4751; x_wconf 76' lang='lat' dir='ltr'>super</span> <span class='ocrx_word' id='word_1_274' title='bbox 2069 4682 2212 4727; x_wconf 91' lang='lat' dir='ltr'>om-</span> 
     </span>
     <span class='ocr_line' id='line_1_43' title="bbox 663 4765 2212 4841; baseline -0.002 -5"><span class='ocrx_word' id='word_1_275' title='bbox 663 4792 811 4838; x_wconf 82' lang='lat' dir='ltr'>nem</span> <span class='ocrx_word' id='word_1_276' title='bbox 843 4768 1063 4837; x_wconf 81' lang='lat' dir='ltr'>Iocum</span> <span class='ocrx_word' id='word_1_277' title='bbox 1107 4770 1356 4836; x_wconf 72' lang='lat' dir='ltr'>montis</span> <span class='ocrx_word' id='word_1_278' title='bbox 1384 4768 1581 4841; x_wconf 80' lang='lat' dir='ltr'>Sion,</span> <span class='ocrx_word' id='word_1_279' title='bbox 1615 4776 1681 4834; x_wconf 78' lang='lat' dir='ltr'>ee</span> <span class='ocrx_word' id='word_1_280' title='bbox 1710 4765 1831 4834; x_wconf 80' lang='lat' dir='ltr'>ubi</span> <span class='ocrx_word' id='word_1_281' title='bbox 1858 4767 2212 4836; x_wconf 71' lang='lat' dir='ltr'>invocatus</span> 
     </span>
    </p>
   </div>
   <div class='ocr_carea' id='block_1_4' title="bbox 663 4876 2214 4970">
    <p class='ocr_par' dir='ltr' id='par_1_7' title="bbox 663 4876 2214 4970">
     <span class='ocr_line' id='line_1_44' title="bbox 663 4876 2214 4970; baseline -0.002 -23"><span class='ocrx_word' id='word_1_282' title='bbox 663 4887 782 4956; x_wconf 75' lang='lat' dir='ltr'>est,</span> <span class='ocrx_word' id='word_1_283' title='bbox 815 4876 1061 4946; x_wconf 80' lang='lat' dir='ltr'>nubem</span> <span class='ocrx_word' id='word_1_284' title='bbox 1085 4899 1213 4970; x_wconf 80' lang='lat' dir='ltr'>per</span> <span class='ocrx_word' id='word_1_285' title='bbox 1238 4876 1445 4955; x_wconf 85' lang='lat' dir='ltr'>diem,</span> <span class='ocrx_word' id='word_1_286' title='bbox 1478 4886 1545 4944; x_wconf 82' lang='lat' dir='ltr'>et</span> <span class='ocrx_word' id='word_1_287' title='bbox 1567 4878 1873 4968; x_wconf 69' lang='lat' dir='ltr'>furnum,</span> <span class='ocrx_word' id='word_1_288' title='bbox 1895 4885 1961 4942; x_wconf 80' lang='lat' dir='ltr'>e!</span> <span class='ocrx_word' id='word_1_289' title='bbox 1984 4876 2214 4969; x_wconf 79' lang='lat' dir='ltr'>splen-</span> 
     </span>
    </p>
   </div>
   <div class='ocr_carea' id='block_1_5' title="bbox 668 4983 1911 5076">
    <p class='ocr_par' dir='ltr' id='par_1_8' title="bbox 668 4983 1911 5076">
     <span class='ocr_line' id='line_1_45' title="bbox 668 4983 1911 5076; baseline -0.002 -22"><span class='ocrx_word' id='word_1_290' title='bbox 668 4985 899 5055; x_wconf 84' lang='lat' dir='ltr'>dorem</span> <span class='ocrx_word' id='word_1_291' title='bbox 928 4985 1112 5076; x_wconf 75' lang='lat' dir='ltr'>iynis</span> <span class='ocrx_word' id='word_1_292' title='bbox 1134 4983 1573 5074; x_wconf 73' lang='lat' dir='ltr'>flammantis</span> <span class='ocrx_word' id='word_1_293' title='bbox 1602 4985 1673 5051; x_wconf 80' lang='lat' dir='ltr'>in</span> <span class='ocrx_word' id='word_1_294' title='bbox 1703 4995 1911 5053; x_wconf 76' lang='lat' dir='ltr'>noete.</span> 
     </span>
    </p>
   </div>
   <div class='ocr_carea' id='block_1_6' title="bbox 667 5318 2212 5512">
    <p class='ocr_par' dir='ltr' id='par_1_9' title="bbox 667 5318 2212 5512">
     <span class='ocr_line' id='line_1_46' title="bbox 757 5318 2211 5402; baseline -0.002 -10"><span class='ocrx_word' id='word_1_295' title='bbox 757 5353 789 5392; x_wconf 74' lang='grc' dir='ltr'>ι</span> <span class='ocrx_word' id='word_1_296' title='bbox 843 5327 1217 5402; x_wconf 54' lang='lat' dir='ltr'>Pastorum,</span> <span class='ocrx_word' id='word_1_297' title='bbox 1268 5331 1331 5388; x_wconf 77' lang='lat' dir='ltr'>r!</span> <span class='ocrx_word' id='word_1_298' title='bbox 1388 5323 1570 5390; x_wconf 69' lang='lat' dir='ltr'>reni!</span> <span class='ocrx_word' id='word_1_299' title='bbox 1622 5321 1967 5388; x_wconf 66' lang='lat' dir='ltr'>commit.</span> <span class='ocrx_word' id='word_1_300' title='bbox 2005 5345 2040 5382; x_wconf 72' lang='lat' dir='ltr'>n</span> <span class='ocrx_word' id='word_1_301' title='bbox 2084 5318 2211 5389; x_wconf 76' lang='lat' dir='ltr'>nic</span> 
     </span>
     <span class='ocr_line' id='line_1_47' title="bbox 667 5425 2212 5512; baseline -0.005 -9"><span class='ocrx_word' id='word_1_302' title='bbox 667 5433 1039 5503; x_wconf 82' lang='lat' dir='ltr'>secundum</span> <span class='ocrx_word' id='word_1_303' title='bbox 1089 5429 1523 5512; x_wconf 72' lang='lat' dir='ltr'>beneficium,</span> <span class='ocrx_word' id='word_1_304' title='bbox 1574 5425 1830 5495; x_wconf 78' lang='lat' dir='ltr'>scilicet</span> <span class='ocrx_word' id='word_1_305' title='bbox 1866 5435 2212 5496; x_wconf 78' lang='lat' dir='ltr'>sustenta-</span> 
     </span>
    </p>
   </div>
   <div class='ocr_carea' id='block_1_7' title="bbox 735 5656 1548 5730">
    <p class='ocr_par' dir='ltr' id='par_1_10' title="bbox 735 5656 1548 5730">
     <span class='ocr_line' id='line_1_48' title="bbox 735 5656 1548 5730; baseline -0.005 -9"><span class='ocrx_word' id='word_1_306' title='bbox 735 5664 756 5700; x_wconf 85' lang='lat'>¹</span> <span class='ocrx_word' id='word_1_307' title='bbox 785 5660 873 5720; x_wconf 75' lang='lat' dir='ltr'>Cf.</span> <span class='ocrx_word' id='word_1_308' title='bbox 901 5656 1088 5717; x_wconf 74' lang='lat' dir='ltr'>Exod.</span> <span class='ocrx_word' id='word_1_309' title='bbox 1120 5674 1235 5727; x_wconf 72' lang='lat' dir='ltr'>xvi,</span> <span class='ocrx_word' id='word_1_310' title='bbox 1265 5660 1300 5712; x_wconf 75' lang='lat'><em>2</em></span> <span class='ocrx_word' id='word_1_311' title='bbox 1328 5661 1389 5713; x_wconf 82' lang='lat' dir='ltr'>et</span> <span class='ocrx_word' id='word_1_312' title='bbox 1417 5671 1548 5730; x_wconf 71' lang='lat' dir='ltr'>seq.</span> 
     </span>
    </p>
   </div>
   <div class='ocr_carea' id='block_1_8' title="bbox 2307 447 3853 2273">
    <p class='ocr_par' dir='ltr' id='par_1_11' title="bbox 2310 447 3851 839">
     <span class='ocr_line' id='line_1_49' title="bbox 2313 447 3851 538; baseline -0.001 -24"><span class='ocrx_word' id='word_1_313' title='bbox 2313 447 2432 526; x_wconf 82' lang='lat' dir='ltr'>tio,</span> <span class='ocrx_word' id='word_1_314' title='bbox 2470 457 2802 537; x_wconf 85' lang='lat' dir='ltr'>quantum</span> <span class='ocrx_word' id='word_1_315' title='bbox 2844 448 2927 515; x_wconf 84' lang='lat' dir='ltr'>ad</span> <span class='ocrx_word' id='word_1_316' title='bbox 2958 448 3024 515; x_wconf 89' lang='lat' dir='ltr'>id</span> <span class='ocrx_word' id='word_1_317' title='bbox 3055 450 3235 538; x_wconf 90' lang='lat' dir='ltr'>quod</span> <span class='ocrx_word' id='word_1_318' title='bbox 3276 456 3374 515; x_wconf 86' lang='lat' dir='ltr'>est</span> <span class='ocrx_word' id='word_1_319' title='bbox 3407 451 3710 516; x_wconf 83' lang='lat' dir='ltr'>interius,</span> <span class='ocrx_word' id='word_1_320' title='bbox 3769 447 3851 514; x_wconf 88' lang='lat' dir='ltr'>Et</span> 
     </span>
     <span class='ocr_line' id='line_1_50' title="bbox 2310 554 3848 645; baseline 0 -24"><span class='ocrx_word' id='word_1_321' title='bbox 2310 555 2563 644; x_wconf 89' lang='lat' dir='ltr'>primo,</span> <span class='ocrx_word' id='word_1_322' title='bbox 2627 563 2954 645; x_wconf 84' lang='lat' dir='ltr'>quantum</span> <span class='ocrx_word' id='word_1_323' title='bbox 3020 555 3106 621; x_wconf 85' lang='lat' dir='ltr'>ad</span> <span class='ocrx_word' id='word_1_324' title='bbox 3164 556 3414 623; x_wconf 88' lang='lat' dir='ltr'>cibum.</span> <span class='ocrx_word' id='word_1_325' title='bbox 3507 554 3848 633; x_wconf 80' lang='lat' dir='ltr'>Secunde,</span> 
     </span>
     <span class='ocr_line' id='line_1_51' title="bbox 2312 663 3850 755; baseline -0.003 -24"><span class='ocrx_word' id='word_1_326' title='bbox 2312 663 2538 755; x_wconf 87' lang='lat' dir='ltr'>quoad</span> <span class='ocrx_word' id='word_1_327' title='bbox 2571 673 2837 754; x_wconf 88' lang='lat' dir='ltr'>potum,</span> <span class='ocrx_word' id='word_1_328' title='bbox 2872 664 2990 744; x_wconf 90' lang='lat' dir='ltr'>ibi,</span> <span class='ocrx_word' id='word_1_329' title='bbox 3022 671 3083 741; x_wconf 65' lang='lat'>5¹.</span> <span class='ocrx_word' id='word_1_330' title='bbox 3122 666 3199 731; x_wconf 75' lang='lat'>41</span> <span class='ocrx_word' id='word_1_331' title='bbox 3251 686 3264 733; x_wconf 74' lang='grc' dir='ltr'>ε</span> <span class='ocrx_word' id='word_1_332' title='bbox 3305 692 3336 728; x_wconf 77' lang='grc' dir='ltr'><strong>κ</strong></span> <span class='ocrx_word' id='word_1_333' title='bbox 3392 664 3678 753; x_wconf 64' lang='lat' dir='ltr'>Dii-apic</span> <span class='ocrx_word' id='word_1_334' title='bbox 3726 685 3850 753; x_wconf 83' lang='lat' dir='ltr'>pe-</span> 
     </span>
     <span class='ocr_line' id='line_1_52' title="bbox 2311 781 2593 839; baseline -0.004 -2"><span class='ocrx_word' id='word_1_335' title='bbox 2311 781 2518 839; x_wconf 68' lang='lat' dir='ltr'>tram.</span> <span class='ocrx_word' id='word_1_336' title='bbox 2560 800 2593 836; x_wconf 69' lang='lat' dir='ltr'>n</span> 
     </span>
    </p>

    <p class='ocr_par' dir='ltr' id='par_1_12' title="bbox 2310 877 3853 1192">
     <span class='ocr_line' id='line_1_53' title="bbox 2405 877 3853 971; baseline -0.002 -23"><span class='ocrx_word' id='word_1_337' title='bbox 2405 882 2478 949; x_wconf 77' lang='lat' dir='ltr'>In</span> <span class='ocrx_word' id='word_1_338' title='bbox 2512 884 2731 971; x_wconf 79' lang='lat' dir='ltr'>prima</span> <span class='ocrx_word' id='word_1_339' title='bbox 2771 881 2928 950; x_wconf 77' lang='lat' dir='ltr'>duo,</span> <span class='ocrx_word' id='word_1_340' title='bbox 2981 880 3239 964; x_wconf 87' lang='lat' dir='ltr'>Primo,</span> <span class='ocrx_word' id='word_1_341' title='bbox 3282 880 3553 949; x_wconf 84' lang='lat' dir='ltr'>collatio</span> <span class='ocrx_word' id='word_1_342' title='bbox 3594 877 3725 948; x_wconf 91' lang='lat' dir='ltr'>cibi</span> <span class='ocrx_word' id='word_1_343' title='bbox 3768 877 3853 945; x_wconf 88' lang='lat' dir='ltr'>ad</span> 
     </span>
     <span class='ocr_line' id='line_1_54' title="bbox 2310 987 3849 1080; baseline -0.001 -24"><span class='ocrx_word' id='word_1_344' title='bbox 2310 997 2609 1080; x_wconf 79' lang='lat' dir='ltr'>tempus,</span> <span class='ocrx_word' id='word_1_345' title='bbox 2683 989 3018 1070; x_wconf 91' lang='lat' dir='ltr'>Secund0‚</span> <span class='ocrx_word' id='word_1_346' title='bbox 3064 989 3483 1059; x_wconf 85' lang='lat' dir='ltr'>continuatio</span> <span class='ocrx_word' id='word_1_347' title='bbox 3524 987 3849 1079; x_wconf 86' lang='lat' dir='ltr'>quamdiu</span> 
     </span>
     <span class='ocr_line' id='line_1_55' title="bbox 2311 1097 3846 1192; baseline -0.003 -27"><span class='ocrx_word' id='word_1_348' title='bbox 2311 1106 2536 1166; x_wconf 90' lang='lat' dir='ltr'>essent</span> <span class='ocrx_word' id='word_1_349' title='bbox 2570 1100 2638 1165; x_wconf 90' lang='lat' dir='ltr'>in</span> <span class='ocrx_word' id='word_1_350' title='bbox 2667 1098 2954 1178; x_wconf 89' lang='lat' dir='ltr'>deserto,</span> <span class='ocrx_word' id='word_1_351' title='bbox 2988 1101 3106 1183; x_wconf 87' lang='lat' dir='ltr'>ibi,</span> <span class='ocrx_word' id='word_1_352' title='bbox 3167 1124 3200 1164; x_wconf 76' lang='grc' dir='ltr'><strong>α</strong></span> <span class='ocrx_word' id='word_1_353' title='bbox 3231 1102 3326 1168; x_wconf 83' lang='lat' dir='ltr'>Et</span> <span class='ocrx_word' id='word_1_354' title='bbox 3373 1121 3554 1192; x_wconf 83' lang='lat' dir='ltr'>pane</span> <span class='ocrx_word' id='word_1_355' title='bbox 3591 1097 3765 1165; x_wconf 83' lang='lat' dir='ltr'>coeli.</span> <span class='ocrx_word' id='word_1_356' title='bbox 3814 1120 3846 1160; x_wconf 79' lang='lat'><strong>»</strong></span> 
     </span>
    </p>

    <p class='ocr_par' dir='ltr' id='par_1_13' title="bbox 2307 1205 3853 2273">
     <span class='ocr_line' id='line_1_56' title="bbox 2399 1205 3851 1298; baseline -0.003 -24"><span class='ocrx_word' id='word_1_357' title='bbox 2399 1207 2579 1275; x_wconf 88' lang='lat' dir='ltr'>Dicit</span> <span class='ocrx_word' id='word_1_358' title='bbox 2608 1229 2771 1298; x_wconf 81' lang='lat' dir='ltr'>ergo</span> <span class='ocrx_word' id='word_1_359' title='bbox 2816 1230 2831 1275; x_wconf 77' lang='grc' dir='ltr'><strong><em>ε</em></strong></span> <span class='ocrx_word' id='word_1_360' title='bbox 2870 1205 2983 1276; x_wconf 88' lang='lat' dir='ltr'>Sic</span> <span class='ocrx_word' id='word_1_361' title='bbox 3026 1209 3319 1298; x_wconf 82' lang='lat' dir='ltr'>protexit</span> <span class='ocrx_word' id='word_1_362' title='bbox 3356 1208 3439 1275; x_wconf 85' lang='lat' dir='ltr'>ab</span> <span class='ocrx_word' id='word_1_363' title='bbox 3491 1205 3851 1275; x_wconf 84' lang='lat' dir='ltr'>exteriori-</span> 
     </span>
     <span class='ocr_line' id='line_1_57' title="bbox 2308 1315 3844 1408; baseline -0.003 -25"><span class='ocrx_word' id='word_1_364' title='bbox 2308 1315 2436 1385; x_wconf 92' lang='lat' dir='ltr'>bus</span> <span class='ocrx_word' id='word_1_365' title='bbox 2504 1315 2861 1396; x_wconf 82' lang='lat' dir='ltr'>molestiiS,</span> <span class='ocrx_word' id='word_1_366' title='bbox 2927 1326 2991 1385; x_wconf 90' lang='lat' dir='ltr'>et</span> <span class='ocrx_word' id='word_1_367' title='bbox 3048 1318 3252 1386; x_wconf 85' lang='lat' dir='ltr'>etiam</span> <span class='ocrx_word' id='word_1_368' title='bbox 3316 1346 3347 1381; x_wconf 88' lang='lat'>«</span> <span class='ocrx_word' id='word_1_369' title='bbox 3402 1317 3772 1408; x_wconf 80' lang='lat' dir='ltr'>petierunt,</span> <span class='ocrx_word' id='word_1_370' title='bbox 3813 1340 3844 1379; x_wconf 85' lang='lat'>»</span> 
     </span>
     <span class='ocr_line' id='line_1_58' title="bbox 2307 1424 3849 1516; baseline -0.003 -23"><span class='ocrx_word' id='word_1_371' title='bbox 2307 1425 2577 1516; x_wconf 88' lang='lat' dir='ltr'>supple,</span> <span class='ocrx_word' id='word_1_372' title='bbox 2611 1427 2883 1494; x_wconf 85' lang='lat' dir='ltr'>carnes¹</span> <span class='ocrx_word' id='word_1_373' title='bbox 2930 1449 2944 1493; x_wconf 74' lang='grc' dir='ltr'><strong><em>ε</em></strong></span> <span class='ocrx_word' id='word_1_374' title='bbox 2994 1453 3025 1490; x_wconf 89' lang='lat'>«</span> <span class='ocrx_word' id='word_1_375' title='bbox 3060 1434 3122 1494; x_wconf 83' lang='lat' dir='ltr'>et</span> <span class='ocrx_word' id='word_1_376' title='bbox 3150 1428 3329 1493; x_wconf 83' lang='lat' dir='ltr'>venit</span> <span class='ocrx_word' id='word_1_377' title='bbox 3359 1424 3680 1493; x_wconf 76' lang='lat' dir='ltr'>coturnix</span> <span class='ocrx_word' id='word_1_378' title='bbox 3707 1449 3735 1485; x_wconf 71' lang='lat' dir='ltr'>n</span> <span class='ocrx_word' id='word_1_379' title='bbox 3781 1424 3849 1488; x_wconf 90' lang='lat' dir='ltr'>in</span> 
     </span>
     <span class='ocr_line' id='line_1_59' title="bbox 2308 1529 3852 1600; baseline -0.003 -2"><span class='ocrx_word' id='word_1_380' title='bbox 2308 1529 2728 1600; x_wconf 81' lang='lat' dir='ltr'>abundantia</span> <span class='ocrx_word' id='word_1_381' title='bbox 2772 1532 3089 1599; x_wconf 82' lang='lat' dir='ltr'>maxima.</span> <span class='ocrx_word' id='word_1_382' title='bbox 3146 1531 3283 1599; x_wconf 89' lang='lat' dir='ltr'>Nec</span> <span class='ocrx_word' id='word_1_383' title='bbox 3340 1539 3496 1598; x_wconf 91' lang='lat' dir='ltr'>sunt</span> <span class='ocrx_word' id='word_1_384' title='bbox 3557 1529 3852 1596; x_wconf 88' lang='lat' dir='ltr'>coturni-</span> 
     </span>
     <span class='ocr_line' id='line_1_60' title="bbox 2308 1637 3849 1731; baseline -0.003 -24"><span class='ocrx_word' id='word_1_385' title='bbox 2308 1663 2443 1721; x_wconf 67' lang='grc' dir='ltr'>αρε,</span> <span class='ocrx_word' id='word_1_386' title='bbox 2491 1641 2668 1708; x_wconf 84' lang='lat' dir='ltr'>sicut</span> <span class='ocrx_word' id='word_1_387' title='bbox 2704 1638 2979 1731; x_wconf 89' lang='lat' dir='ltr'>quidam</span> <span class='ocrx_word' id='word_1_388' title='bbox 3024 1640 3384 1720; x_wconf 84' lang='lat' dir='ltr'>aestimant,</span> <span class='ocrx_word' id='word_1_389' title='bbox 3433 1647 3499 1706; x_wconf 89' lang='lat' dir='ltr'>et</span> <span class='ocrx_word' id='word_1_390' title='bbox 3537 1637 3849 1727; x_wconf 87' lang='lat' dir='ltr'>superius</span> 
     </span>
     <span class='ocr_line' id='line_1_61' title="bbox 2312 1745 3852 1838; baseline -0.004 -22"><span class='ocrx_word' id='word_1_391' title='bbox 2312 1748 2571 1817; x_wconf 88' lang='lat' dir='ltr'>dictum</span> <span class='ocrx_word' id='word_1_392' title='bbox 2619 1749 2768 1835; x_wconf 83' lang='lat' dir='ltr'>fuit,</span> <span class='ocrx_word' id='word_1_393' title='bbox 2821 1748 2941 1817; x_wconf 88' lang='lat' dir='ltr'>sed</span> <span class='ocrx_word' id='word_1_394' title='bbox 2999 1772 3158 1818; x_wconf 83' lang='lat' dir='ltr'>aves</span> <span class='ocrx_word' id='word_1_395' title='bbox 3224 1747 3533 1838; x_wconf 71' lang='lat' dir='ltr'>qua-dam</span> <span class='ocrx_word' id='word_1_396' title='bbox 3591 1745 3852 1836; x_wconf 81' lang='lat' dir='ltr'>regales</span> 
     </span>
     <span class='ocr_line' id='line_1_62' title="bbox 2311 1853 3847 1948; baseline -0.003 -24"><span class='ocrx_word' id='word_1_397' title='bbox 2311 1855 2643 1925; x_wconf 83' lang='lat' dir='ltr'>habentes</span> <span class='ocrx_word' id='word_1_398' title='bbox 2682 1878 2915 1926; x_wconf 84' lang='lat' dir='ltr'>carnes</span> <span class='ocrx_word' id='word_1_399' title='bbox 2943 1857 3203 1948; x_wconf 84' lang='lat' dir='ltr'>saporis</span> <span class='ocrx_word' id='word_1_400' title='bbox 3249 1855 3513 1946; x_wconf 87' lang='lat' dir='ltr'>optimi.</span> <span class='ocrx_word' id='word_1_401' title='bbox 3566 1853 3847 1921; x_wconf 88' lang='lat' dir='ltr'>Numer.</span> 
     </span>
     <span class='ocr_line' id='line_1_63' title="bbox 2308 1963 3852 2056; baseline -0.003 -25"><span class='ocrx_word' id='word_1_402' title='bbox 2308 1987 2403 2047; x_wconf 85' lang='lat' dir='ltr'>x1,</span> <span class='ocrx_word' id='word_1_403' title='bbox 2448 1965 2527 2033; x_wconf 83' lang='lat'>31</span> <span class='ocrx_word' id='word_1_404' title='bbox 2570 1987 2586 2032; x_wconf 74' lang='grc' dir='ltr'><strong><em>ε</em></strong></span> <span class='ocrx_word' id='word_1_405' title='bbox 2643 1966 2887 2033; x_wconf 77' lang='lat' dir='ltr'>Ventus</span> <span class='ocrx_word' id='word_1_406' title='bbox 2926 1965 3270 2056; x_wconf 78' lang='lat' dir='ltr'>eqrediens</span> <span class='ocrx_word' id='word_1_407' title='bbox 3299 1986 3342 2031; x_wconf 87' lang='lat' dir='ltr'>a</span> <span class='ocrx_word' id='word_1_408' title='bbox 3376 1963 3698 2039; x_wconf 84' lang='lat' dir='ltr'>Domino,</span> <span class='ocrx_word' id='word_1_409' title='bbox 3733 1984 3852 2030; x_wconf 87' lang='lat' dir='ltr'>ar-</span> 
     </span>
     <span class='ocr_line' id='line_1_64' title="bbox 2308 2070 3853 2164; baseline -0.002 -23"><span class='ocrx_word' id='word_1_410' title='bbox 2308 2083 2537 2164; x_wconf 83' lang='lat' dir='ltr'>reptas</span> <span class='ocrx_word' id='word_1_411' title='bbox 2575 2083 2767 2143; x_wconf 79' lang='lat' dir='ltr'>trans</span> <span class='ocrx_word' id='word_1_412' title='bbox 2805 2097 2991 2141; x_wconf 83' lang='lat' dir='ltr'>mare</span> <span class='ocrx_word' id='word_1_413' title='bbox 3043 2074 3414 2142; x_wconf 80' lang='lat' dir='ltr'>coturnices</span> <span class='ocrx_word' id='word_1_414' title='bbox 3452 2070 3729 2150; x_wconf 80' lang='lat' dir='ltr'>detulit,</span> <span class='ocrx_word' id='word_1_415' title='bbox 3788 2079 3853 2138; x_wconf 78' lang='lat' dir='ltr'>ct</span> 
     </span>
     <span class='ocr_line' id='line_1_65' title="bbox 2307 2181 3848 2273; baseline -0.003 -24"><span class='ocrx_word' id='word_1_416' title='bbox 2307 2181 2575 2249; x_wconf 78' lang='lat' dir='ltr'>dimisit</span> <span class='ocrx_word' id='word_1_417' title='bbox 2634 2182 2701 2249; x_wconf 84' lang='lat' dir='ltr'>iu</span> <span class='ocrx_word' id='word_1_418' title='bbox 2756 2192 2978 2250; x_wconf 81' lang='lat' dir='ltr'>castra</span> <span class='ocrx_word' id='word_1_419' title='bbox 3021 2183 3261 2250; x_wconf 80' lang='lat' dir='ltr'>itinere</span> <span class='ocrx_word' id='word_1_420' title='bbox 3316 2188 3655 2273; x_wconf 80' lang='lat' dir='ltr'>quantum</span> <span class='ocrx_word' id='word_1_421' title='bbox 3715 2200 3848 2246; x_wconf 80' lang='lat' dir='ltr'>uno</span> 
     </span>
    </p>
   </div>
   <div class='ocr_carea' id='block_1_9' title="bbox 2258 2288 3848 2381">
    <p class='ocr_par' dir='ltr' id='par_1_14' title="bbox 2258 2288 3848 2381">
     <span class='ocr_line' id='line_1_66' title="bbox 2258 2288 3848 2381; baseline -0.004 -23"><span class='ocrx_word' id='word_1_422' title='bbox 2258 2351 2266 2358; x_wconf 90' lang='lat'><strong>.</strong></span> <span class='ocrx_word' id='word_1_423' title='bbox 2307 2288 2420 2356; x_wconf 81' lang='lat' dir='ltr'>die</span> <span class='ocrx_word' id='word_1_424' title='bbox 2454 2289 2701 2378; x_wconf 81' lang='lat' dir='ltr'>confici</span> <span class='ocrx_word' id='word_1_425' title='bbox 2728 2300 2971 2381; x_wconf 79' lang='lat' dir='ltr'>potest,</span> <span class='ocrx_word' id='word_1_426' title='bbox 3014 2311 3101 2358; x_wconf 71' lang='lat' dir='ltr'>ea·</span> <span class='ocrx_word' id='word_1_427' title='bbox 3129 2290 3319 2357; x_wconf 85' lang='lat' dir='ltr'>omni</span> <span class='ocrx_word' id='word_1_428' title='bbox 3338 2298 3539 2379; x_wconf 81' lang='lat' dir='ltr'>parte</span> <span class='ocrx_word' id='word_1_429' title='bbox 3585 2295 3848 2354; x_wconf 80' lang='lat' dir='ltr'>castro-</span> 
     </span>
    </p>
   </div>
   <div class='ocr_carea' id='block_1_10' title="bbox 2305 2397 3855 3569">
    <p class='ocr_par' dir='ltr' id='par_1_15' title="bbox 2308 2397 3037 2488">
     <span class='ocr_line' id='line_1_67' title="bbox 2308 2397 3037 2488; baseline -0.003 -24"><span class='ocrx_word' id='word_1_430' title='bbox 2308 2419 2465 2464; x_wconf 85' lang='lat' dir='ltr'>rum</span> <span class='ocrx_word' id='word_1_431' title='bbox 2487 2419 2617 2488; x_wconf 83' lang='lat' dir='ltr'>per</span> <span class='ocrx_word' id='word_1_432' title='bbox 2651 2397 3037 2465; x_wconf 80' lang='lat' dir='ltr'>circuitum.</span> 
     </span>
    </p>

    <p class='ocr_par' dir='ltr' id='par_1_16' title="bbox 2305 2499 3855 3569">
     <span class='ocr_line' id='line_1_68' title="bbox 2402 2499 3851 2597; baseline -0.002 -27"><span class='ocrx_word' id='word_1_433' title='bbox 2402 2528 2436 2570; x_wconf 70' lang='grc' dir='ltr'>ι</span> <span class='ocrx_word' id='word_1_434' title='bbox 2459 2505 2558 2571; x_wconf 80' lang='lat' dir='ltr'>Et</span> <span class='ocrx_word' id='word_1_435' title='bbox 2578 2527 2764 2597; x_wconf 82' lang='lat' dir='ltr'>pane</span> <span class='ocrx_word' id='word_1_436' title='bbox 2790 2506 2964 2585; x_wconf 69' lang='lat' dir='ltr'>caeli,</span> <span class='ocrx_word' id='word_1_437' title='bbox 3003 2530 3035 2569; x_wconf 68' lang='grc' dir='ltr'><strong>ι</strong></span> <span class='ocrx_word' id='word_1_438' title='bbox 3070 2503 3323 2576; x_wconf 83' lang='lat' dir='ltr'>manhu</span> <span class='ocrx_word' id='word_1_439' title='bbox 3355 2501 3634 2583; x_wconf 80' lang='lat' dir='ltr'>scilicet,</span> <span class='ocrx_word' id='word_1_440' title='bbox 3668 2499 3851 2591; x_wconf 89' lang='lat' dir='ltr'>quod</span> 
     </span>
     <span class='ocr_line' id='line_1_69' title="bbox 2305 2608 3855 2705; baseline -0.004 -24"><span class='ocrx_word' id='word_1_441' title='bbox 2305 2613 2581 2681; x_wconf 78' lang='lat' dir='ltr'>duravit</span> <span class='ocrx_word' id='word_1_442' title='bbox 2629 2615 2727 2682; x_wconf 90' lang='lat' dir='ltr'>eis</span> <span class='ocrx_word' id='word_1_443' title='bbox 2770 2637 2889 2705; x_wconf 83' lang='lat' dir='ltr'>per</span> <span class='ocrx_word' id='word_1_444' title='bbox 2927 2623 3142 2683; x_wconf 91' lang='lat' dir='ltr'>totum</span> <span class='ocrx_word' id='word_1_445' title='bbox 3201 2622 3491 2702; x_wconf 80' lang='lat' dir='ltr'>tempuS,</span> <span class='ocrx_word' id='word_1_446' title='bbox 3526 2633 3663 2702; x_wconf 94' lang='lat' dir='ltr'>quo</span> <span class='ocrx_word' id='word_1_447' title='bbox 3705 2608 3855 2677; x_wconf 75' lang='lat' dir='ltr'>fue-</span> 
     </span>
     <span class='ocr_line' id='line_1_70' title="bbox 2306 2715 3847 2800; baseline -0.002 -10"><span class='ocrx_word' id='word_1_448' title='bbox 2306 2730 2465 2790; x_wconf 88' lang='lat' dir='ltr'>runt</span> <span class='ocrx_word' id='word_1_449' title='bbox 2495 2724 2564 2789; x_wconf 89' lang='lat' dir='ltr'>in</span> <span class='ocrx_word' id='word_1_450' title='bbox 2605 2719 2897 2800; x_wconf 88' lang='lat' dir='ltr'>deserto,</span> <span class='ocrx_word' id='word_1_451' title='bbox 2943 2747 2977 2789; x_wconf 71' lang='grc' dir='ltr'>ι</span> <span class='ocrx_word' id='word_1_452' title='bbox 3008 2724 3351 2790; x_wconf 81' lang='lat' dir='ltr'>saturavit</span> <span class='ocrx_word' id='word_1_453' title='bbox 3380 2744 3489 2788; x_wconf 84' lang='lat' dir='ltr'>eos</span> <span class='ocrx_word' id='word_1_454' title='bbox 3507 2719 3554 2786; x_wconf 86' lang='lat'>².</span> <span class='ocrx_word' id='word_1_455' title='bbox 3594 2743 3628 2785; x_wconf 67' lang='lat' dir='ltr'>n</span> <span class='ocrx_word' id='word_1_456' title='bbox 3664 2715 3847 2787; x_wconf 85' lang='lat' dir='ltr'>Psal.</span> 
     </span>
     <span class='ocr_line' id='line_1_71' title="bbox 2308 2827 3852 2909; baseline -0.003 -11"><span class='ocrx_word' id='word_1_457' title='bbox 2308 2853 2564 2909; x_wconf 63' lang='lat' dir='ltr'>Lxxvn,</span> <span class='ocrx_word' id='word_1_458' title='bbox 2599 2832 2685 2898; x_wconf 68' lang='lat'>24</span> <span class='ocrx_word' id='word_1_459' title='bbox 2722 2853 2738 2898; x_wconf 73' lang='grc' dir='ltr'><strong><em>ε</em></strong></span> <span class='ocrx_word' id='word_1_460' title='bbox 2782 2832 2981 2899; x_wconf 81' lang='lat' dir='ltr'>Pluit</span> <span class='ocrx_word' id='word_1_461' title='bbox 3012 2831 3159 2899; x_wconf 83' lang='lat' dir='ltr'>illis</span> <span class='ocrx_word' id='word_1_462' title='bbox 3206 2853 3463 2898; x_wconf 79' lang='lat' dir='ltr'>manna</span> <span class='ocrx_word' id='word_1_463' title='bbox 3502 2827 3599 2895; x_wconf 81' lang='lat' dir='ltr'>ad</span> <span class='ocrx_word' id='word_1_464' title='bbox 3646 2849 3852 2895; x_wconf 85' lang='lat' dir='ltr'>man-</span> 
     </span>
     <span class='ocr_line' id='line_1_72' title="bbox 2307 2935 3846 3031; baseline -0.005 -25"><span class='ocrx_word' id='word_1_465' title='bbox 2307 2937 2738 3022; x_wconf 76' lang='lat' dir='ltr'>ducandum,</span> <span class='ocrx_word' id='word_1_466' title='bbox 2807 2949 2870 3007; x_wconf 78' lang='lat' dir='ltr'>ct</span> <span class='ocrx_word' id='word_1_467' title='bbox 2925 2962 3177 3031; x_wconf 80' lang='lat' dir='ltr'>panem</span> <span class='ocrx_word' id='word_1_468' title='bbox 3243 2937 3395 3004; x_wconf 75' lang='lat' dir='ltr'>caeli</span> <span class='ocrx_word' id='word_1_469' title='bbox 3459 2935 3648 3003; x_wconf 79' lang='lat' dir='ltr'>dedi!</span> <span class='ocrx_word' id='word_1_470' title='bbox 3729 2935 3846 3001; x_wconf 78' lang='lat' dir='ltr'>cis.</span> 
     </span>
     <span class='ocr_line' id='line_1_73' title="bbox 2307 3044 3847 3139; baseline -0.005 -23"><span class='ocrx_word' id='word_1_471' title='bbox 2307 3046 2529 3117; x_wconf 83' lang='lat' dir='ltr'>Exod.</span> <span class='ocrx_word' id='word_1_472' title='bbox 2567 3069 2707 3127; x_wconf 79' lang='lat' dir='ltr'>xvt,</span> <span class='ocrx_word' id='word_1_473' title='bbox 2739 3048 2818 3115; x_wconf 81' lang='lat'>12</span> <span class='ocrx_word' id='word_1_474' title='bbox 2853 3070 2868 3114; x_wconf 90' lang='lat'><strong>:</strong></span> <span class='ocrx_word' id='word_1_475' title='bbox 2909 3047 3178 3139; x_wconf 73' lang='lat' dir='ltr'>Vespere</span> <span class='ocrx_word' id='word_1_476' title='bbox 3204 3044 3562 3114; x_wconf 78' lang='lat' dir='ltr'>comedetis</span> <span class='ocrx_word' id='word_1_477' title='bbox 3589 3065 3847 3120; x_wconf 64' lang='lat' dir='ltr'>aarum,</span> 
     </span>
     <span class='ocr_line' id='line_1_74' title="bbox 2306 3150 3852 3248; baseline -0.005 -23"><span class='ocrx_word' id='word_1_478' title='bbox 2306 3167 2371 3225; x_wconf 77' lang='lat' dir='ltr'>e!</span> <span class='ocrx_word' id='word_1_479' title='bbox 2447 3181 2652 3226; x_wconf 82' lang='lat' dir='ltr'>mane</span> <span class='ocrx_word' id='word_1_480' title='bbox 2702 3154 3192 3227; x_wconf 79' lang='lat' dir='ltr'>saturabimini</span> <span class='ocrx_word' id='word_1_481' title='bbox 3238 3152 3565 3248; x_wconf 80' lang='lat' dir='ltr'>panibus.</span> <span class='ocrx_word' id='word_1_482' title='bbox 3630 3150 3852 3243; x_wconf 83' lang='lat' dir='ltr'>Spiri-</span> 
     </span>
     <span class='ocr_line' id='line_1_75' title="bbox 2306 3259 3851 3344; baseline -0.006 -9"><span class='ocrx_word' id='word_1_483' title='bbox 2306 3266 2587 3335; x_wconf 84' lang='lat' dir='ltr'>tualiter</span> <span class='ocrx_word' id='word_1_484' title='bbox 2631 3274 2888 3344; x_wconf 86' lang='lat' dir='ltr'>autem,</span> <span class='ocrx_word' id='word_1_485' title='bbox 2922 3263 3030 3335; x_wconf 87' lang='lat' dir='ltr'>hic</span> <span class='ocrx_word' id='word_1_486' title='bbox 3068 3264 3258 3334; x_wconf 87' lang='lat' dir='ltr'>cibus</span> <span class='ocrx_word' id='word_1_487' title='bbox 3302 3271 3403 3332; x_wconf 86' lang='lat' dir='ltr'>est</span> <span class='ocrx_word' id='word_1_488' title='bbox 3439 3285 3596 3331; x_wconf 83' lang='lat' dir='ltr'>caro</span> <span class='ocrx_word' id='word_1_489' title='bbox 3650 3259 3851 3328; x_wconf 88' lang='lat' dir='ltr'>Chri·</span> 
     </span>
     <span class='ocr_line' id='line_1_76' title="bbox 2307 3370 3845 3466; baseline -0.004 -25"><span class='ocrx_word' id='word_1_490' title='bbox 2307 3374 2392 3441; x_wconf 81' lang='lat' dir='ltr'>sti</span> <span class='ocrx_word' id='word_1_491' title='bbox 2436 3395 2453 3441; x_wconf 73' lang='grc' dir='ltr'>ε</span> <span class='ocrx_word' id='word_1_492' title='bbox 2500 3374 2648 3466; x_wconf 81' lang='lat' dir='ltr'>ipsa</span> <span class='ocrx_word' id='word_1_493' title='bbox 2700 3375 2882 3443; x_wconf 87' lang='lat' dir='ltr'>enim</span> <span class='ocrx_word' id='word_1_494' title='bbox 2912 3381 3012 3442; x_wconf 79' lang='lat' dir='ltr'>est</span> <span class='ocrx_word' id='word_1_495' title='bbox 3049 3370 3260 3441; x_wconf 85' lang='lat' dir='ltr'>cibus.</span> <span class='ocrx_word' id='word_1_496' title='bbox 3315 3370 3518 3439; x_wconf 84' lang='lat' dir='ltr'>Joan.</span> <span class='ocrx_word' id='word_1_497' title='bbox 3560 3391 3657 3449; x_wconf 74' lang='lat' dir='ltr'>vn,</span> <span class='ocrx_word' id='word_1_498' title='bbox 3699 3370 3785 3436; x_wconf 73' lang='lat'>56</span> <span class='ocrx_word' id='word_1_499' title='bbox 3829 3390 3845 3435; x_wconf 90' lang='lat'>:</span> 
     </span>
     <span class='ocr_line' id='line_1_77' title="bbox 2310 3477 3853 3569; baseline -0.006 -16"><span class='ocrx_word' id='word_1_500' title='bbox 2310 3483 2489 3554; x_wconf 88' lang='lat' dir='ltr'>Caro</span> <span class='ocrx_word' id='word_1_501' title='bbox 2519 3504 2671 3550; x_wconf 82' lang='lat' dir='ltr'>mea</span> <span class='ocrx_word' id='word_1_502' title='bbox 2707 3504 2858 3550; x_wconf 81' lang='lat' dir='ltr'>vere</span> <span class='ocrx_word' id='word_1_503' title='bbox 2883 3491 2980 3550; x_wconf 79' lang='lat' dir='ltr'>est</span> <span class='ocrx_word' id='word_1_504' title='bbox 3016 3478 3228 3549; x_wconf 81' lang='lat' dir='ltr'>cibus.</span> <span class='ocrx_word' id='word_1_505' title='bbox 3275 3477 3409 3547; x_wconf 85' lang='lat' dir='ltr'>Sed</span> <span class='ocrx_word' id='word_1_506' title='bbox 3438 3499 3596 3546; x_wconf 87' lang='lat' dir='ltr'>caro</span> <span class='ocrx_word' id='word_1_507' title='bbox 3639 3498 3853 3569; x_wconf 82' lang='lat' dir='ltr'>prop-</span> 
     </span>
    </p>
   </div>
   <div class='ocr_carea' id='block_1_11' title="bbox 2306 3587 3853 4218">
    <p class='ocr_par' dir='ltr' id='par_1_17' title="bbox 2306 3587 3853 4218">
     <span class='ocr_line' id='line_1_78' title="bbox 2308 3587 3852 3679; baseline -0.005 -20"><span class='ocrx_word' id='word_1_508' title='bbox 2308 3600 2413 3659; x_wconf 88' lang='lat' dir='ltr'>ter</span> <span class='ocrx_word' id='word_1_509' title='bbox 2456 3588 3003 3668; x_wconf 80' lang='lat' dir='ltr'>delectationem,</span> <span class='ocrx_word' id='word_1_510' title='bbox 3056 3595 3120 3657; x_wconf 87' lang='lat' dir='ltr'>et</span> <span class='ocrx_word' id='word_1_511' title='bbox 3168 3587 3362 3679; x_wconf 85' lang='lat' dir='ltr'>panis</span> <span class='ocrx_word' id='word_1_512' title='bbox 3400 3593 3676 3678; x_wconf 81' lang='lat' dir='ltr'>propter</span> <span class='ocrx_word' id='word_1_513' title='bbox 3726 3606 3852 3653; x_wconf 89' lang='lat' dir='ltr'>ne·-</span> 
     </span>
     <span class='ocr_line' id='line_1_79' title="bbox 2309 3692 3853 3781; baseline -0.005 -17"><span class='ocrx_word' id='word_1_514' title='bbox 2309 3697 2721 3765; x_wconf 78' lang='lat' dir='ltr'>cessitatem.</span> <span class='ocrx_word' id='word_1_515' title='bbox 2756 3692 2832 3763; x_wconf 86' lang='lat' dir='ltr'>ln</span> <span class='ocrx_word' id='word_1_516' title='bbox 2862 3694 3127 3776; x_wconf 78' lang='lat' dir='ltr'>codem.</span> <span class='ocrx_word' id='word_1_517' title='bbox 3168 3701 3275 3770; x_wconf 64' lang='lat'>55.</span> <span class='ocrx_word' id='word_1_518' title='bbox 3309 3695 3383 3759; x_wconf 69' lang='lat'>41</span> <span class='ocrx_word' id='word_1_519' title='bbox 3432 3702 3497 3761; x_wconf 83' lang='lat' dir='ltr'>et</span> <span class='ocrx_word' id='word_1_520' title='bbox 3527 3693 3605 3760; x_wconf 78' lang='lat'>51</span> <span class='ocrx_word' id='word_1_521' title='bbox 3648 3712 3664 3758; x_wconf 73' lang='grc' dir='ltr'><strong><em>ε</em></strong></span> <span class='ocrx_word' id='word_1_522' title='bbox 3700 3692 3853 3781; x_wconf 77' lang='lat' dir='ltr'>qu</span> 
     </span>
     <span class='ocr_line' id='line_1_80' title="bbox 2306 3798 3850 3897; baseline -0.004 -24"><span class='ocrx_word' id='word_1_523' title='bbox 2306 3826 2465 3872; x_wconf 83' lang='lat' dir='ltr'>sum</span> <span class='ocrx_word' id='word_1_524' title='bbox 2488 3803 2700 3897; x_wconf 80' lang='lat' dir='ltr'>panis</span> <span class='ocrx_word' id='word_1_525' title='bbox 2737 3804 2954 3883; x_wconf 69' lang='lat' dir='ltr'>vit-115,</span> <span class='ocrx_word' id='word_1_526' title='bbox 2998 3803 3123 3896; x_wconf 86' lang='lat' dir='ltr'>qui</span> <span class='ocrx_word' id='word_1_527' title='bbox 3167 3802 3251 3870; x_wconf 85' lang='lat' dir='ltr'>de</span> <span class='ocrx_word' id='word_1_528' title='bbox 3301 3801 3467 3869; x_wconf 83' lang='lat' dir='ltr'>coelo</span> <span class='ocrx_word' id='word_1_529' title='bbox 3515 3798 3850 3868; x_wconf 76' lang='lat' dir='ltr'>descendi.</span> 
     </span>
     <span class='ocr_line' id='line_1_81' title="bbox 2311 3907 3853 4000; baseline -0.005 -19"><span class='ocrx_word' id='word_1_530' title='bbox 2311 3911 2497 3981; x_wconf 78' lang='lat' dir='ltr'>Psal.</span> <span class='ocrx_word' id='word_1_531' title='bbox 2560 3933 2811 3990; x_wconf 61' lang='lat' dir='ltr'>cxxvii.</span> <span class='ocrx_word' id='word_1_532' title='bbox 2876 3912 2961 3979; x_wconf 81' lang='lat'>25</span> <span class='ocrx_word' id='word_1_533' title='bbox 3012 3932 3029 3977; x_wconf 73' lang='grc' dir='ltr'><strong><em>ε</em></strong></span> <span class='ocrx_word' id='word_1_534' title='bbox 3089 3912 3352 3978; x_wconf 81' lang='lat' dir='ltr'>Panem</span> <span class='ocrx_word' id='word_1_535' title='bbox 3429 3907 3853 4000; x_wconf 71' lang='lat' dir='ltr'>Auqelorum</span> 
     </span>
     <span class='ocr_line' id='line_1_82' title="bbox 2315 4017 3849 4109; baseline -0.006 -18"><span class='ocrx_word' id='word_1_536' title='bbox 2315 4019 2763 4091; x_wconf 78' lang='lat' dir='ltr'>manducavi!</span> <span class='ocrx_word' id='word_1_537' title='bbox 2814 4019 3040 4088; x_wconf 73' lang='lat' dir='ltr'>homo.</span> <span class='ocrx_word' id='word_1_538' title='bbox 3102 4017 3406 4109; x_wconf 81' lang='lat' dir='ltr'>Sapient.</span> <span class='ocrx_word' id='word_1_539' title='bbox 3469 4039 3610 4095; x_wconf 74' lang='lat' dir='ltr'>xvi,</span> <span class='ocrx_word' id='word_1_540' title='bbox 3676 4017 3763 4083; x_wconf 86' lang='lat'>20</span> <span class='ocrx_word' id='word_1_541' title='bbox 3834 4039 3849 4082; x_wconf 89' lang='lat'>:</span> 
     </span>
     <span class='ocr_line' id='line_1_83' title="bbox 2314 4124 3502 4218; baseline -0.005 -20"><span class='ocrx_word' id='word_1_542' title='bbox 2314 4132 2580 4198; x_wconf 80' lang='lat' dir='ltr'>Panem</span> <span class='ocrx_word' id='word_1_543' title='bbox 2610 4126 2695 4196; x_wconf 84' lang='lat' dir='ltr'>de</span> <span class='ocrx_word' id='word_1_544' title='bbox 2719 4125 2886 4196; x_wconf 83' lang='lat' dir='ltr'>coelo</span> <span class='ocrx_word' id='word_1_545' title='bbox 2907 4126 3295 4218; x_wconf 71' lang='lat' dir='ltr'>praestitisti</span> <span class='ocrx_word' id='word_1_546' title='bbox 3333 4124 3502 4193; x_wconf 80' lang='lat' dir='ltr'>illis.</span> 
     </span>
    </p>
   </div>
   <div class='ocr_carea' id='block_1_12' title="bbox 2315 4444 3864 5512">
    <p class='ocr_par' dir='ltr' id='par_1_18' title="bbox 2315 4444 3864 5053">
     <span class='ocr_line' id='line_1_84' title="bbox 2323 4444 3851 4539; baseline 0.002 -29"><span class='ocrx_word' id='word_1_547' title='bbox 2323 4475 2330 4481; x_wconf 87' lang='lat'><strong>·</strong></span> <span class='ocrx_word' id='word_1_548' title='bbox 2407 4475 2441 4510; x_wconf 73' lang='grc' dir='ltr'><strong>α</strong></span> <span class='ocrx_word' id='word_1_549' title='bbox 2491 4448 2783 4539; x_wconf 79' lang='lat' dir='ltr'>Dirupie</span> <span class='ocrx_word' id='word_1_550' title='bbox 2819 4456 3111 4538; x_wconf 79' lang='lat' dir='ltr'>petram.</span> <span class='ocrx_word' id='word_1_551' title='bbox 3164 4470 3199 4511; x_wconf 71' lang='grc' dir='ltr'>ι</span> <span class='ocrx_word' id='word_1_552' title='bbox 3258 4444 3386 4514; x_wconf 77' lang='lat' dir='ltr'>llio</span> <span class='ocrx_word' id='word_1_553' title='bbox 3448 4444 3851 4525; x_wconf 81' lang='lat' dir='ltr'>secundum,</span> 
     </span>
     <span class='ocr_line' id='line_1_85' title="bbox 2317 4551 3856 4647; baseline -0.003 -24"><span class='ocrx_word' id='word_1_554' title='bbox 2317 4553 2574 4623; x_wconf 71' lang='lat' dir='ltr'>scilicet</span> <span class='ocrx_word' id='word_1_555' title='bbox 2628 4554 2981 4647; x_wconf 75' lang='lat' dir='ltr'>protectio,</span> <span class='ocrx_word' id='word_1_556' title='bbox 3032 4560 3361 4646; x_wconf 83' lang='lat' dir='ltr'>quantum</span> <span class='ocrx_word' id='word_1_557' title='bbox 3421 4551 3506 4622; x_wconf 82' lang='lat' dir='ltr'>ad</span> <span class='ocrx_word' id='word_1_558' title='bbox 3572 4553 3856 4622; x_wconf 79' lang='lat' dir='ltr'>interius</span> 
     </span>
     <span class='ocr_line' id='line_1_86' title="bbox 2315 4657 3863 4751; baseline -0.003 -21"><span class='ocrx_word' id='word_1_559' title='bbox 2315 4661 2801 4738; x_wconf 77' lang='lat' dir='ltr'>necessarium,</span> <span class='ocrx_word' id='word_1_560' title='bbox 2832 4657 3082 4728; x_wconf 82' lang='lat' dir='ltr'>scilicet</span> <span class='ocrx_word' id='word_1_561' title='bbox 3120 4669 3356 4751; x_wconf 82' lang='lat' dir='ltr'>potum</span> <span class='ocrx_word' id='word_1_562' title='bbox 3388 4680 3406 4729; x_wconf 77' lang='lat' dir='ltr'>t</span> <span class='ocrx_word' id='word_1_563' title='bbox 3451 4668 3515 4727; x_wconf 85' lang='lat' dir='ltr'>et</span> <span class='ocrx_word' id='word_1_564' title='bbox 3545 4657 3863 4728; x_wconf 86' lang='lat' dir='ltr'>dicuntur</span> 
     </span>
     <span class='ocr_line' id='line_1_87' title="bbox 2317 4767 3857 4860; baseline -0.001 -24"><span class='ocrx_word' id='word_1_565' title='bbox 2317 4767 2480 4838; x_wconf 90' lang='lat' dir='ltr'>duo.</span> <span class='ocrx_word' id='word_1_566' title='bbox 2521 4768 2781 4853; x_wconf 84' lang='lat' dir='ltr'>Primo,</span> <span class='ocrx_word' id='word_1_567' title='bbox 2816 4791 3147 4860; x_wconf 81' lang='lat' dir='ltr'>aquarum</span> <span class='ocrx_word' id='word_1_568' title='bbox 3177 4768 3475 4837; x_wconf 87' lang='lat' dir='ltr'>collatio.</span> <span class='ocrx_word' id='word_1_569' title='bbox 3509 4767 3857 4846; x_wconf 84' lang='lat' dir='ltr'>Secundo,</span> 
     </span>
     <span class='ocr_line' id='line_1_88' title="bbox 2317 4874 3864 4959; baseline -0.003 -14"><span class='ocrx_word' id='word_1_570' title='bbox 2317 4874 2738 4946; x_wconf 81' lang='lat' dir='ltr'>abundantia</span> <span class='ocrx_word' id='word_1_571' title='bbox 2772 4875 3196 4959; x_wconf 82' lang='lat' dir='ltr'>collatarum,</span> <span class='ocrx_word' id='word_1_572' title='bbox 3259 4875 3377 4956; x_wconf 89' lang='lat' dir='ltr'>ibi,</span> <span class='ocrx_word' id='word_1_573' title='bbox 3432 4902 3466 4942; x_wconf 71' lang='grc' dir='ltr'><strong>α</strong></span> <span class='ocrx_word' id='word_1_574' title='bbox 3525 4874 3864 4944; x_wconf 71' lang='lat' dir='ltr'>Abierant</span> 
     </span>
     <span class='ocr_line' id='line_1_89' title="bbox 2320 4985 2706 5053; baseline -0.013 0"><span class='ocrx_word' id='word_1_575' title='bbox 2320 4986 2392 5053; x_wconf 80' lang='lat' dir='ltr'>in</span> <span class='ocrx_word' id='word_1_576' title='bbox 2428 4985 2635 5053; x_wconf 78' lang='lat' dir='ltr'>sicco.</span> <span class='ocrx_word' id='word_1_577' title='bbox 2671 5009 2706 5048; x_wconf 70' lang='grc' dir='ltr'><strong><em>ι</em></strong></span> 
     </span>
    </p>

    <p class='ocr_par' dir='ltr' id='par_1_19' title="bbox 2315 5091 3861 5512">
     <span class='ocr_line' id='line_1_90' title="bbox 2412 5091 3859 5187; baseline -0.001 -25"><span class='ocrx_word' id='word_1_578' title='bbox 2412 5094 2588 5162; x_wconf 84' lang='lat' dir='ltr'>Dicit</span> <span class='ocrx_word' id='word_1_579' title='bbox 2616 5114 2781 5187; x_wconf 80' lang='lat' dir='ltr'>ergo</span> <span class='ocrx_word' id='word_1_580' title='bbox 2817 5116 2834 5163; x_wconf 75' lang='grc' dir='ltr'><em>τ</em></span> <span class='ocrx_word' id='word_1_581' title='bbox 2878 5092 2993 5163; x_wconf 88' lang='lat' dir='ltr'>Sic</span> <span class='ocrx_word' id='word_1_582' title='bbox 3019 5093 3246 5163; x_wconf 88' lang='lat' dir='ltr'>cibum</span> <span class='ocrx_word' id='word_1_583' title='bbox 3276 5091 3486 5171; x_wconf 81' lang='lat' dir='ltr'>dedit,</span> <span class='ocrx_word' id='word_1_584' title='bbox 3536 5101 3602 5161; x_wconf 87' lang='lat' dir='ltr'>et</span> <span class='ocrx_word' id='word_1_585' title='bbox 3656 5094 3859 5162; x_wconf 84' lang='lat' dir='ltr'>etiam</span> 
     </span>
     <span class='ocr_line' id='line_1_91' title="bbox 2315 5201 3861 5295; baseline 0 -24"><span class='ocrx_word' id='word_1_586' title='bbox 2315 5210 2597 5295; x_wconf 82' lang='lat' dir='ltr'>propter</span> <span class='ocrx_word' id='word_1_587' title='bbox 2633 5223 2778 5282; x_wconf 83' lang='lat' dir='ltr'>eos,</span> <span class='ocrx_word' id='word_1_588' title='bbox 2815 5231 2846 5265; x_wconf 74' lang='grc' dir='ltr'>οι</span> <span class='ocrx_word' id='word_1_589' title='bbox 2882 5201 3147 5294; x_wconf 80' lang='lat' dir='ltr'>dirupit</span> <span class='ocrx_word' id='word_1_590' title='bbox 3176 5211 3472 5294; x_wconf 78' lang='lat' dir='ltr'>petram,</span> <span class='ocrx_word' id='word_1_591' title='bbox 3511 5224 3545 5266; x_wconf 66' lang='lat' dir='ltr'>n</span> <span class='ocrx_word' id='word_1_592' title='bbox 3585 5221 3725 5270; x_wconf 90' lang='lat' dir='ltr'>non</span> <span class='ocrx_word' id='word_1_593' title='bbox 3775 5201 3861 5271; x_wconf 83' lang='lat' dir='ltr'>ad</span> 
     </span>
     <span class='ocr_line' id='line_1_92' title="bbox 2317 5310 3856 5401; baseline -0.005 -20"><span class='ocrx_word' id='word_1_594' title='bbox 2317 5310 2818 5388; x_wconf 68' lang='lat' dir='ltr'>redificandum,</span> <span class='ocrx_word' id='word_1_595' title='bbox 2852 5311 2993 5378; x_wconf 90' lang='lat' dir='ltr'>imo</span> <span class='ocrx_word' id='word_1_596' title='bbox 3024 5338 3058 5372; x_wconf 76' lang='lat' dir='ltr'>«e</span> <span class='ocrx_word' id='word_1_597' title='bbox 3092 5320 3154 5376; x_wconf 81' lang='lat' dir='ltr'>ee</span> <span class='ocrx_word' id='word_1_598' title='bbox 3180 5311 3540 5399; x_wconf 68' lang='lat' dir='ltr'>liutet-uu!</span> <span class='ocrx_word' id='word_1_599' title='bbox 3568 5333 3789 5401; x_wconf 67' lang='lat' dir='ltr'>aqum.</span> <span class='ocrx_word' id='word_1_600' title='bbox 3822 5334 3856 5373; x_wconf 71' lang='grc' dir='ltr'><strong>ι</strong></span> 
     </span>
     <span class='ocr_line' id='line_1_93' title="bbox 2322 5417 3861 5512; baseline -0.002 -23"><span class='ocrx_word' id='word_1_601' title='bbox 2322 5420 2573 5512; x_wconf 83' lang='lat' dir='ltr'>Supra,</span> <span class='ocrx_word' id='word_1_602' title='bbox 2618 5420 2687 5488; x_wconf 89' lang='lat' dir='ltr'>in</span> <span class='ocrx_word' id='word_1_603' title='bbox 2718 5418 2852 5486; x_wconf 88' lang='lat' dir='ltr'>alio</span> <span class='ocrx_word' id='word_1_604' title='bbox 2884 5417 3062 5486; x_wconf 79' lang='lat' dir='ltr'>Psal.</span> <span class='ocrx_word' id='word_1_605' title='bbox 3107 5439 3356 5500; x_wconf 70' lang='lat' dir='ltr'>nxxvn,</span> <span class='ocrx_word' id='word_1_606' title='bbox 3396 5420 3475 5486; x_wconf 75' lang='lat'>10</span> <span class='ocrx_word' id='word_1_607' title='bbox 3516 5442 3532 5487; x_wconf 79' lang='lat' dir='ltr'><em>z</em></span> <span class='ocrx_word' id='word_1_608' title='bbox 3567 5421 3663 5486; x_wconf 76' lang='lat' dir='ltr'>Et</span> <span class='ocrx_word' id='word_1_609' title='bbox 3688 5417 3861 5486; x_wconf 83' lang='lat' dir='ltr'>edu-</span> 
     </span>
    </p>
   </div>
   <div class='ocr_carea' id='block_1_13' title="bbox 2391 5651 3198 5724">
    <p class='ocr_par' dir='ltr' id='par_1_20' title="bbox 2391 5651 3198 5724">
     <span class='ocr_line' id='line_1_94' title="bbox 2391 5651 3198 5724; baseline -0.002 -13"><span class='ocrx_word' id='word_1_610' title='bbox 2391 5655 2414 5690; x_wconf 82' lang='lat'>¹</span> <span class='ocrx_word' id='word_1_611' title='bbox 2438 5653 2525 5710; x_wconf 71' lang='lat' dir='ltr'>Cf.</span> <span class='ocrx_word' id='word_1_612' title='bbox 2562 5651 2745 5710; x_wconf 76' lang='lat' dir='ltr'>Exod.</span> <span class='ocrx_word' id='word_1_613' title='bbox 2778 5667 2892 5722; x_wconf 74' lang='lat' dir='ltr'>xvi,</span> <span class='ocrx_word' id='word_1_614' title='bbox 2921 5652 2956 5708; x_wconf 63' lang='grc' dir='ltr'>ὁ</span> <span class='ocrx_word' id='word_1_615' title='bbox 2983 5656 3044 5708; x_wconf 80' lang='lat' dir='ltr'>et</span> <span class='ocrx_word' id='word_1_616' title='bbox 3072 5666 3198 5724; x_wconf 78' lang='lat' dir='ltr'>seq.</span> 
     </span>
    </p>
   </div>
  </div>
 </body>
</html>
