5008 6329
496 321 581 388 60
1508 315 1593 381 D.
1647 313 1848 380 ALB.
1902 313 2123 381 MAG.
2176 312 2385 382 ORD.
2438 312 2736 379 PRAED.

494 489 691 567 senti,
737 497 802 558 et
854 491 922 557 in
963 489 1219 557 futuro.
1283 487 1473 555 Psal.
1546 508 1735 563 xxm,
1770 486 1858 553 8:
1926 488 2060 554 Fa-

490 599 659 665 ciem
689 609 908 680 cuam,
958 600 1273 675 Domine,
1301 596 1695 686 requiram:
1727 618 1864 663 non
1911 605 2061 663 tan-

492 712 638 773 tum
679 731 1005 798 quaeram,
1049 705 1168 771 sod
1210 705 1584 793 requiram.
1622 701 1829 781 Quasi
1871 704 2062 771 dice·-

495 825 633 884 ret:
678 814 1021 884 Continuo
1055 821 1120 879 et
1150 813 1577 880 incessanter
1616 833 1939 902 quaeram.

594 1153 625 1192 ι
678 1129 1085 1194 Mementote
1146 1125 1614 1194 mirabilium.
1657 1149 1688 1184 ι)
1757 1122 1882 1188 Hic
1957 1128 2060 1189 est

500 1235 874 1305 secundum
909 1233 1091 1302 illius
1123 1236 1360 1324 partiS,
1395 1235 1470 1300 in
1522 1253 1660 1321 qua
1710 1236 1941 1297 monet
1972 1228 2059 1295 ad

494 1345 768 1413 laudem
804 1345 930 1414 Dei
972 1344 1416 1411 interiorem:
1483 1346 1722 1407 monet
1748 1339 1930 1405 enim
1973 1335 2060 1404 ad

494 1455 637 1544 ejus
677 1453 1006 1522 beneficia
1043 1448 1412 1517 recolenda
1446 1470 1464 1519 :
1511 1449 1581 1516 in
1631 1471 1767 1539 quo
1809 1447 2054 1514 dicun-

491 1570 603 1630 tur
657 1561 816 1629 duo.
862 1559 1129 1640 Primo,
1176 1565 1414 1624 monet
1493 1555 1578 1622 ad
1660 1577 2061 1623 memoran-

491 1668 654 1735 dum
698 1668 844 1755 ejus
902 1662 1245 1732 mirabilia
1297 1662 1641 1753 prodigia.
1709 1660 2050 1738 SecundO,

494 1773 791 1843 ostendit
821 1774 934 1863 qui
970 1770 1262 1839 debeant
1287 1773 1357 1838 in
1411 1769 1751 1837 memoria
1806 1766 2057 1835 habere

490 1880 633 1964 illa,
667 1880 784 1959 ibi,
816 1887 881 1958 ᾗ.
918 1882 1006 1948 6:
1052 1908 1084 1939 α
1125 1879 1372 1948 Semen
1412 1876 1795 1945 Abraham.
1841 1902 1874 1936 υ

577 1990 652 2057 Ιιι
691 1990 915 2081 prima
945 1990 1101 2065 tria,
1135 1987 1525 2055 secundum
1557 1987 1689 2053 tria
1719 2006 1870 2076 quae
1905 1982 2057 2051 vult

487 2097 720 2168 haberi
766 2100 834 2166 in
875 2097 1237 2167 memoria.
1280 2096 1550 2170 Primo,
1587 2092 1923 2161 benetie-ia
1955 2091 2056 2160 eis

489 2207 789 2276 exhibita
838 2207 908 2274 in
953 2205 1287 2297 „Egyptm
1321 2202 1588 2272 scilicet
1642 2198 2059 2290 multiplica-

487 2320 747 2386 tionem
819 2314 1220 2384 maximam.
1315 2310 1673 2394 Secundo,
1752 2307 2058 2378 exhibita

488 2433 645 2497 ante
702 2424 1140 2493 eductionem
1219 2419 1498 2488 illorum
1562 2418 1644 2486 de
1720 2415 2052 2508 AEgypto‚

489 2535 608 2617 ibi,
643 2559 677 2599 α
714 2532 1080 2623 Prodiyia.
1120 2556 1154 2591 ιο
1182 2528 1443 2608 Tertio,
1470 2525 1779 2595 exhibita
1805 2525 1874 2592 in
1911 2525 2057 2614 ipsa

489 2641 847 2711 eductione
893 2638 1173 2707 illorum
1232 2636 1315 2706 de
1372 2635 1713 2726 Aigypto,
1743 2632 2061 2700 inimicos

478 2752 668 2842 justo
715 2747 974 2839 judicio
1016 2740 1533 2836 submergendo
1585 2748 1652 2809 et
1708 2738 2060 2808 suffocan-

488 2854 604 2935 do,
645 2854 769 2939 ibi,
812 2883 845 2917 «
880 2856 978 2923 Et
1002 2849 1317 2942 judicia.
1356 2874 1391 2914 ι

575 2963 756 3033 Dicit
782 2983 996 3053 ergo:
1060 2958 1177 3026 Sic
1231 2955 1514 3026 laudate
1583 2955 1833 3035 Deum,
1877 2951 2060 3020 inte-

487 3073 630 3142 rius
660 3074 883 3162 ipsum
909 3064 1392 3144 desiderando,
1426 3072 1495 3134 et
1527 3060 1895 3154 quaerendo
1931 3083 1947 3128 :
1989 3067 2059 3128 et

488 3191 564 3253 ut
591 3181 1002 3253 desiderium
1049 3178 1550 3258 inflammetur,
1588 3198 1622 3239 ι
1658 3179 2059 3240 mementote

487 3289 922 3360 mirabilium
996 3285 1156 3376 ejus
1209 3307 1365 3376 (με
1446 3282 1642 3373 secit,
1695 3310 1728 3343 »ι
1796 3301 1919 3347 vos
1986 3278 2055 3345 in

485 3400 791 3493 [Egypto
824 3394 1350 3487 multiplicando
1409 3388 1842 3467 mirabiliter,
1885 3387 2057 3455 sicut

487 3506 802 3587 habetur,
862 3502 1083 3572 Exod.
1132 3523 1179 3579 ι.
1224 3501 1300 3567 12
1342 3508 1412 3568 et
1459 3520 1606 3588 seq.
1653 3494 1812 3573 Job,
1843 3518 1914 3573 v,
1965 3494 2051 3561 9:

494 3616 631 3703 Qui
654 3615 831 3706 saci!
860 3633 1150 3702 mayna,
1193 3617 1258 3676 et
1289 3604 1809 3683 inscrutabilia,
1836 3614 1903 3674 et
1933 3604 2061 3671 mi-

490 3721 777 3800 rabilia,
819 3739 1120 3813 quorum
1151 3738 1287 3784 uon
1319 3724 1420 3782 es!
1456 3735 1811 3781 numerus.

581 3854 617 3896 ι
650 3826 993 3917 I’rodiqia
1026 3849 1061 3890 ι
1118 3823 1326 3891 etiam
1399 3827 1844 3902 mementote,
1903 3840 2058 3911 quae

491 3937 647 4006 fecit
711 3934 797 4002 ad
868 3929 1306 4002 educendum
1346 3951 1480 3998 vos
1527 3927 1613 3995 de
1653 3925 1985 4018 3335th
2019 3947 2060 3993 a

494 4065 647 4132 cap.
679 4062 774 4108 vn
830 4035 1054 4107 Exodi
1099 4058 1318 4126 usque
1347 4034 1439 4104 ad
1470 4056 1624 4124 cap.
1660 4054 1799 4101 xiv.
1833 4031 2055 4101 Exod.

493 4172 610 4225 vu,
658 4148 739 4216 3:
800 4140 1304 4235 Multiplicabo
1386 4141 1600 4233 siqua
1659 4150 1723 4208 et
1794 4147 2061 4208 ostenta

492 4278 644 4326 mea
675 4256 746 4323 in
775 4264 960 4323 terra
999 4251 1334 4342 AEqypti.

588 4394 619 4427 a
654 4366 750 4432 ΕΙ
791 4360 1081 4453 judicia
1109 4358 1255 4428 oris
1281 4358 1473 4449 ejus,
1510 4384 1547 4420 ιο
1605 4354 1737 4425 hoc
1792 4364 1921 4437 est,
1973 4355 2062 4424 ab

495 4496 614 4543 ore
643 4472 791 4561 ejus
816 4479 1058 4541 contra
1100 4465 1544 4538 Pharaonem
1594 4464 2058 4557 procedentia,

496 4578 772 4671 quando
817 4579 891 4648 iu
924 4574 1101 4646 mari
1159 4572 1401 4643 Rubro
1428 4571 1772 4642 submersi
1826 4573 2057 4639 sunt'.

498 4684 715 4756 Exod.
750 4708 869 4769 vu,
914 4685 999 4754 t:
1039 4682 1365 4754 Educ-am
1414 4681 1793 4750 exercitum
1832 4688 1899 4747 et
1928 4701 2065 4771 po-

491 4793 749 4889 pulum
831 4816 1063 4862 meum
1115 4791 1310 4881 filios
1403 4788 1634 4859 Israel
1733 4786 1818 4856 de
1881 4797 2066 4857 terra

500 4902 806 4992 AEqypti
824 4924 952 4993 per
973 4899 1264 4991 judicia
1303 4899 1649 4967 »raaz-ima.

597 5244 632 5283 ι
663 5219 905 5288 Semen
942 5213 1331 5286 Abraham.
1369 5241 1407 5282 ι
1470 5213 1604 5282 llic
1658 5210 2065 5294 secundum,

582 5583 601 5619 ¹
630 5576 720 5637 Cf.
756 5575 942 5635 Exod-
972 5593 1092 5649 m,
1120 5580 1157 5634 6
1184 5583 1406 5652 etseq.

579 5669 603 5707 ²
628 5668 718 5728 CI.
760 5666 976 5727 Genu.
1005 5682 1153 5738 xm,
1181 5665 1275 5726 ¹0.

2171 485 2300 553 Dei
2358 483 2542 551 velit.
2597 481 2686 550 Et
2736 483 2983 572 prim0,
3018 481 3200 572 quod
3251 478 3336 545 ab
3377 475 3730 545 Abraham

2171 593 2570 661 seminatos.
2610 590 2951 671 SecundO,
2995 589 3174 681 quod
3217 596 3414 655 natos
3468 586 3551 653 de
3602 585 3730 651 Ja-

2171 697 2326 776 cob,
2370 699 2488 779 ibi,
2536 728 2562 762 ‹-
2594 699 2771 767 Filii
2797 697 3031 766 Jacob.
3070 724 3104 759 »

2263 802 2379 869 Ait
2409 826 2613 894 ergo:
2655 802 2769 871 Sic
2807 803 3043 870 monui
3084 803 3379 872 recolere
3427 804 3553 873 Dei
3605 806 3732 875 be-

2171 909 2416 977 neficia
2444 934 2570 978 vos
2599 910 3007 1001 specialiter,
3060 912 3177 1000 qui
3226 914 3386 978 estis
3437 941 3465 976 ει
3503 938 3728 982 semen

2170 1018 2606 1105 Ab1·al2am‚»
2672 1020 2738 1088 id
2788 1029 2911 1102 est,
2976 1020 3349 1087 imitatores
3406 1021 3724 1103 Abrahae,

2181 1155 2212 1187 ι
2242 1130 2422 1194 servi
2455 1128 2639 1216 ejus,
2679 1151 2711 1191 ιι
2750 1129 2821 1194 in
2860 1126 3014 1196 fide.
3055 1125 3162 1193 Ad
3194 1124 3414 1194 Galat.
3452 1152 3550 1213 ιιι,
3598 1132 3720 1199 16;

2169 1234 2466 1303 Abrahae
2524 1236 2722 1303 dictae
2755 1245 2916 1302 sunt
2950 1236 3458 1325 promissionem,
3500 1248 3565 1305 et
3625 1262 3725 1306 se-

2169 1345 2346 1410 mini
2363 1344 2521 1433 ejus
2542 1344 2614 1411 in
2629 1343 2905 1412 saecula.
2942 1341 3240 1412 Vocatur
3256 1353 3484 1413 autem
3506 1346 3721 1415 Abra·
3748 1366 4078 1421 Qun-mabu-

3749 1421 3864 1466 ham
3879 1425 4075 1481 agnon.

2168 1449 2330 1518 ham
2360 1476 2594 1520 servus
2622 1460 3107 1542 competenter,
3141 1453 3303 1543 quia
3333 1455 3458 1543 ipsi
3482 1454 3719 1523 datum
3768 1482 3848 1521 m·
3871 1479 4048 1525 diesun-

2170 1566 2273 1626 est
2329 1559 2551 1649 primo
2591 1566 3005 1649 praeceptum
3048 1557 3129 1625 de
3172 1560 3717 1648 circumcisione,

2170 1666 2357 1757 quod
2380 1665 2510 1734 fuit
2549 1667 2818 1734 initium
2857 1666 3246 1732 servitutis:
3305 1670 3485 1736 servi
3537 1672 3721 1739 enim

2166 1773 2419 1842 talibus
2449 1775 2665 1866 signis
2694 1774 2914 1842 solent
2944 1774 3196 1865 signari
3215 1771 3268 1842 ².
3302 1773 3502 1854 Item,
3562 1780 3728 1869 quia

2169 1877 2475 1948 obedivit
2507 1881 2578 1947 in
2609 1879 2728 1947 filii
2758 1879 3254 1955 immolatione,
3291 1884 3727 1971 quantumin

2168 2008 2242 2054 se
2280 1985 2475 2055 fuit'.
2514 1986 2904 2057 Circumcisi
2953 2009 3142 2078 crgO,
3190 1995 3258 2054 et
3298 1987 3721 2075 obedientes,

2169 2092 2240 2161 hi
2285 2103 2445 2162 sunt
2474 2098 2621 2163 veri
2679 2094 2802 2162 filii
2846 2092 3166 2174 Abrahae,
3218 2118 3360 2164 non
3415 2100 3726 2170 carnales

2166 2200 2412 2270 Judaei.
2463 2201 2575 2269 Ad
2621 2201 2913 2271 Roman.
2965 2225 3058 2281 1x,
3112 2204 3152 2270 6
3211 2210 3280 2271 et
3323 2228 3516 2296 seq.:
3567 2209 3724 2276 Non

2171 2330 2404 2378 omnes
2430 2312 2555 2403 qui
2588 2308 2813 2379 Israel
2833 2321 3020 2389 sunl,
3057 2312 3110 2377 ii
3146 2321 3312 2379 sunt
3349 2314 3722 2384 Israelitoe:

2170 2439 2390 2507 neque
2438 2420 2565 2508 qui
2616 2440 2840 2486 semen
2885 2426 3047 2485 sunl
3100 2417 3423 2499 Abrahae,
3490 2443 3725 2491 omnes

2168 2522 2442 2611 filiis...
2496 2524 2577 2592 id
2625 2534 2749 2604 est,
2793 2547 2929 2592 non
2971 2525 3094 2616 qui
3136 2525 3280 2615 filii
3335 2531 3588 2612 cantic,
3647 2530 3726 2598 lu·

2166 2644 2333 2702 sunt
2366 2634 2512 2722 filii
2544 2637 2702 2715 Dei,
2731 2636 2854 2703 sed
2876 2637 3001 2727 qui
3023 2636 3168 2726 filii
3212 2647 3376 2705 sunt
3418 2642 3720 2731 promis·

2167 2743 2409 2821 sioni-5,
2440 2743 2874 2811 aestimantur
2902 2744 2973 2812 in
3011 2747 3288 2812 semine.

2263 2873 2298 2912 α
2331 2851 2509 2918 Filii
2542 2851 2780 2930 Jacob,
2828 2876 2860 2916 »
2913 2852 3293 2922 imitatione
3375 2853 3716 2939 similiter,

2176 2987 2210 3023 «
2243 2958 2439 3026 electi
2464 2958 2645 3049 ejus,
2692 2988 2726 3023 ι
2761 2966 2825 3028 et
2853 2957 2985 3029 hoc
3013 2961 3081 3027 in
3111 2960 3297 3028 bona
3324 2964 3722 3052 operatione

2168 3064 2492 3135 luctando
2558 3076 2795 3136 contra
2866 3090 3166 3147 carnem,
3229 3070 3590 3149 mundum,
3651 3078 3721 3140 et

2180 3172 2560 3243 diabolum.
2590 3174 2804 3244 Jacob
2842 3177 3025 3244 enim
3057 3177 3357 3245 luctator
3386 3178 3726 3270 interpre-

2173 3289 2402 3350 tatur:
2463 3289 2531 3352 et
2586 3280 2834 3352 dicitur
2885 3281 3156 3361 electus,
3220 3285 3379 3374 quia
3426 3283 3514 3353 ab
3571 3285 3723 3377 ipso

2170 3396 2393 3471 utero,
2444 3389 2843 3481 priusquam
2870 3391 3007 3458 nati
3058 3398 3306 3467 essent,
3356 3390 3723 3481 reprobato

2171 3494 2379 3576 Esau,
2412 3520 2453 3564 a
2497 3496 2644 3565 Deo
2674 3495 2942 3565 ‘electus
2998 3504 3121 3564 est.
3157 3495 3447 3565 Malach.
3483 3521 3532 3580 1,
3563 3500 3604 3565 2
3657 3506 3727 3568 et

2173 3603 2213 3671 3
2240 3622 2257 3668 :
2292 3602 2534 3670 Nonne
2566 3603 2791 3692 stater
2829 3611 2977 3670 erat
3013 3603 3207 3669 Esau
3240 3602 3454 3670 Jacob
3478 3604 3515 3670 ’ἶ
3552 3602 3723 3670 dicit

2173 3711 2561 3779 Dominus:
2591 3718 2656 3777 el
2702 3709 2923 3776 dile-xi
2967 3708 3206 3788 Jacob,
3254 3711 3451 3777 Esau
3489 3720 3722 3779 aulem

2172 3818 2334 3887 odio
2369 3817 2613 3886 habui.
2658 3816 2773 3886 Sic
2827 3840 2991 3909 ergo
3049 3817 3238 3885 addit
3272 3820 3533 3908 optime
3565 3817 3726 3887 tiliis

2176 3921 2497 4002 Abrahae,
2566 3946 2688 4015 per
2731 3947 2905 4016 quos
2934 3924 3173 3994 imbuti
3220 3927 3288 3994 in
3344 3936 3524 3996 recta
3564 3926 3723 4006 tide,

2175 4031 2356 4100 filios
2381 4032 2626 4115 Jacob,
2657 4040 2734 4101 ut
2762 4035 2896 4102 sint
2924 4035 3127 4102 etiam
3158 4033 3368 4104 simul
3414 4035 3626 4106 fortes
3655 4036 3728 4105 in

3751 1541 3928 1577 sewun
3958 1534 4074 1580 uei?

2171 4140 2359 4209 bona
2400 4140 2816 4232 operatione.
2878 4139 3130 4210 Parum
3195 4144 3380 4212 enim
3428 4150 3529 4211 est
3577 4167 3730 4215 ease
3768 4221 3774 4226 ,

2178 4248 2396 4318 tilium
2460 4247 2753 4318 Abrahae
2799 4271 2920 4341 per
2949 4248 3178 4333 tidem,
3204 4251 3334 4319 nisi
3392 4252 3488 4319 sia
3511 4251 3731 4323 Jacob

2175 4377 2303 4448 per
2338 4355 2596 4424 bonam
2641 4356 3132 4447 operationem.
3178 4356 3421 4427 Jacob.
3470 4379 3546 4437 ιι,
3595 4359 3726 4427 20:

2176 4462 2386 4533 Fides
2417 4465 2569 4533 sine
2593 4463 2911 4557 operibus
2935 4474 3209 4532 mortua
3246 4474 3367 4533 ese.

2275 4813 2310 4852 ι
2332 4788 2487 4879 Ipse
2516 4787 2857 4856 Dominus
2882 4787 3069 4855 Deus
3103 4795 3354 4854 noster.
3384 4811 3419 4852 ι
3451 4784 3580 4856 liic
3612 4808 3731 4857 ee-

2181 4896 2406 4967 cunda
2454 4919 2611 4989 pars
2664 4895 2870 4965 totius
2922 4891 3129 4983 hujus
3182 4893 3465 4963 Psalmi.
3526 4894 3732 4964 Post·

2181 5027 2390 5098 quam
2423 5003 2608 5073 enim
2649 5002 2959 5073 invitavit
2993 5000 3171 5071 filios
3197 5000 3492 5070 Abrahae
3518 5010 3584 5071 et
3612 5001 3737 5071 Ja-

2183 5112 2316 5183 cob
2358 5112 2445 5181 ad
2474 5111 2772 5190 laudem,
2805 5118 2873 5179 et
2901 5109 3389 5179 beneficiorum
3423 5108 3546 5178 Dei
3594 5131 3742 5180 me-

2186 5222 2507 5301 moriam,
2549 5218 2660 5288 liic
2705 5219 3007 5307 assignat
3051 5237 3329 5287 causam
3378 5214 3624 5297 laudis,
3670 5227 3742 5288 et

507 5324 573 5392 in
635 5346 772 5415 quo
814 5320 1116 5392 ostendit
1170 5344 1347 5413 quos
1380 5319 1685 5391 recolere
1734 5317 2068 5388 beneficia
2186 5332 2335 5421 ipsa
2388 5328 2745 5409 beneficia,
2796 5333 3073 5420 propter
3128 5346 3281 5417 quae
3351 5323 3743 5398 laudandus

2265 5578 2289 5616 θ
2313 5575 2567 5646 Ibidem,
2599 5589 2738 5644 xxn,
2767 5575 2794 5629 ί
2828 5577 2890 5629 et
2916 5584 3042 5643 aeq.

3811 4911 4041 4963 smm-

3764 4967 4091 5026 numu.
