5008 6329
413 4301 477 4363 ⁵

672 259 803 328 532

629 428 883 508 ‚tuales
938 429 1340 518 superiores,
1410 437 1477 495 et
1549 427 1756 494 etiam
1834 453 1864 488 α
1923 425 2206 492 laudate

665 562 890 618 eum,»
913 561 1033 606 vos
1049 539 1324 616 scilieet,
1358 538 1561 614 «sot‚··
1597 537 1933 603 luminare
1960 534 2205 622 majuS.

679 673 708 710 α
738 655 802 713 et
846 647 1039 725 lima,
1089 675 1121 711 »
1164 646 1495 714 luminare
1539 642 1904 711 mediocre.
1943 670 1976 704 α
2012 644 2206 708 Lau-

665 755 823 822 dato
849 778 1026 832 eum,
1061 777 1287 821 omnes
1314 751 1554 819 stellw.
1600 775 1632 813 ιο
1673 749 1756 815 Et
1808 770 1948 816 non
1978 745 2204 812 solum

663 885 786 929 vos
818 863 884 929 in
912 862 1152 929 vestris
1197 857 1591 924 substantiis
1636 854 1948 931 laudetis,
1983 851 2102 920 sed
2134 851 2203 917 in

660 972 808 1061 ipso
838 969 1076 1037 effectu
1111 990 1126 1033 ε
1161 965 1340 1032 unde
1379 964 1589 1042 addit,
1636 989 1669 1026 ιι
1722 964 1818 1030 Et
1858 961 2116 1037 lumen,
2164 987 2198 1022 »

661 1075 845 1167 quod
899 1082 1210 1143 causatur
1256 1096 1296 1140 a
1346 1070 1513 1152 sole,
1567 1070 1753 1148 luna,
1805 1077 1871 1137 et
1923 1067 2135 1136 stellis
2178 1089 2193 1133 ε

658 1189 919 1250 creator
966 1181 1146 1247 enim
1207 1187 1429 1247 vester
1483 1185 1607 1246 est.
1668 1177 1914 1245 GeneS.
1949 1197 1996 1253 1,
2062 1175 2196 1242 16:

657 1290 843 1357 Fecit
863 1292 1047 1357 Deus
1066 1289 1203 1356 dito
1235 1288 1616 1355 luminaria
1649 1308 1904 1375 maqna
1935 1308 1957 1351 .·
1986 1283 2200 1351 lumi-

655 1417 821 1463 nare
843 1395 1100 1486 majm,
1136 1405 1212 1462 ut
1238 1402 1552 1486 praeesset
1590 1391 1753 1470 diei,
1787 1402 1850 1458 et
1886 1390 2198 1458 lumina-

654 1526 726 1569 re
771 1504 1020 1585 minus,
1063 1511 1140 1570 ut
1187 1511 1499 1592 praeesset
1553 1500 1757 1575 nocti,
1810 1508 1874 1565 et
1925 1497 2190 1565 stellas.

650 1609 917 1678 Daniel.
966 1632 1061 1685 ιιι,
1096 1611 1178 1675 62
1224 1630 1240 1676 z
1280 1607 1691 1688 Emeda-ite,
1744 1604 1854 1674 sol
1881 1615 1945 1674 ot
1995 1604 2189 1682 luna,

650 1718 949 1784 Domino
969 1740 991 1784 .·
1019 1714 1638 1794 benedicite,stellae
1659 1714 1836 1791 coeli,
1861 1713 2188 1781 Domino.

651 1822 794 1891 Nee
840 1825 1085 1890 mirum
1116 1823 1172 1889 si
1215 1821 1327 1890 hie
1372 1821 1559 1889 addit
1608 1821 1865 1898 lumen,
1900 1843 2057 1888 cum
2100 1820 2192 1887 ibi

651 1931 855 1998 etiam
929 1927 1222 1997 tenebrae
1299 1929 1671 1996 invitentur
1744 1927 1829 1994 ad
1884 1925 2183 1994 laudem.

647 2036 915 2108 Daniel.
949 2060 1044 2114 ιιι,
1088 2038 1172 2104 ’12
1208 2058 1226 2107 2
1276 2034 1688 2119 Emeda-ite,
1746 2036 1874 2103 lua:
1915 2046 1979 2102 et
2007 2046 2192 2103 tene-

650 2145 808 2225 bre,
851 2147 1172 2215 Domino.

735 2489 769 2525 α
809 2461 1114 2529 Laudato
1150 2482 1330 2545 eum,
1380 2460 1534 2528 coeli
1583 2460 1934 2529 coelorum.
1982 2485 2015 2526 ι
2058 2459 2185 2529 {lic

643 2569 861 2661 tangit
889 2568 1284 2647 seeundum,
1328 2568 1657 2638 coelorum
1700 2567 2178 2636 differentiam.

731 2674 937 2755 Quasi
990 2674 1235 2744 diceret
1278 2697 1296 2745 ε
1341 2673 1453 2742 Sic
1512 2673 1780 2744 laudate
1836 2676 2187 2766 pertinen-

645 2786 740 2851 tia
787 2784 873 2851 ad
920 2783 1165 2852 coelum
1203 2781 1571 2868 sidereum,
1604 2792 1668 2850 et
1716 2783 1919 2850 etiam
1965 2810 1999 2846 α
2032 2782 2188 2851 coeli

640 2892 986 2970 coelorum,
1020 2918 1048 2951 ιι
1103 2890 1356 2960 scilicet
1392 2891 1539 2959 coeli
1574 2893 1904 2983 empyrei,
1938 2894 2057 2983 qui
2084 2913 2184 2960 es-

640 2999 726 3067 tis
765 3022 967 3090 super
993 3022 1231 3090 omnes
1267 2999 1497 3074 coelos,
1532 3008 1600 3068 et
1637 3000 1793 3067 illos
1822 3001 2183 3068 continen-

641 3115 763 3183 tes,
817 3131 850 3172 α
908 3105 1187 3176 laudate
1224 3128 1402 3191 eum,
1442 3131 1475 3173 ι
1528 3107 1722 3197 cujus
1762 3105 2185 3199 magnitudi-

640 3238 796 3284 nem
847 3239 1080 3306 capere
1132 3239 1268 3283 non
1327 3218 1631 3307 potestiS.
1670 3216 1763 3283 lll
1813 3216 1982 3309 lleg.
2032 3239 2177 3294 vm,

646 3324 730 3390 27
764 3341 781 3391 ε
819 3322 1082 3392 Coelam
1145 3333 1208 3389 et
1255 3322 1409 3390 coeli
1454 3323 1782 3390 caelorum
1829 3333 1895 3391 te
1946 3346 2185 3415 capere

639 3449 773 3494 uon
796 3436 1103 3517 possunt.
1143 3426 1277 3494 Seal
1314 3435 1472 3495 suut
1502 3426 1620 3495 alii
1657 3426 1808 3496 coeli
1840 3425 1947 3495 his
1976 3427 2047 3494 in
2075 3428 2183 3494 in-

641 3533 904 3600 linitum
972 3532 1504 3615 excellentiores,
1582 3535 1736 3603 coeli
1806 3534 2177 3614 Trinitatis,

639 3640 753 3729 qui
821 3641 1035 3729 ipsam
1087 3640 1697 3731 comprehendunt.
1759 3641 2034 3710 Deuter.
2106 3664 2173 3720 x,

640 3748 722 3814 14
766 3767 781 3813 :
831 3749 937 3816 En
981 3749 1267 3815 Domini
1313 3750 1444 3815 Dei
1504 3749 1612 3815 tui
1657 3748 1903 3816 coelum
1943 3758 2064 3829 est,
2114 3758 2180 3817 et

634 3853 879 3923 coelum
931 3854 1108 3933 coeli,
1157 3862 1286 3924 eto.
1340 3853 1586 3945 Supra,
1642 3854 1713 3922 in
1761 3853 1944 3923 I‘sal.
1987 3878 2172 3934 cxm,

641 3959 721 4026 16
756 3980 773 4027 2
809 3958 1068 4027 Coelum
1097 3958 1253 4027 coeti
1279 3961 1599 4027 Domino.

1663 250 1746 318 D.
1796 250 1997 317 ALB.
2052 249 2268 318 MAG.
2322 249 2528 320 ORD.
2582 255 2877 322 PRAED.

2317 426 2630 495 Pulchra
2664 439 2740 496 ut
2771 429 2965 496 lutea.
3008 428 3197 495 Luna
3235 451 3387 519 quae
3420 451 3559 496 non
3590 430 3870 521 eclipsa-

2314 539 2447 614 tur,
2485 534 2665 603 Psal.
2708 559 3031 614 mxxviii,
3069 537 3152 604 38
3191 558 3205 603 :
3238 538 3438 604 Luna
3462 538 3768 626 perfecta
3796 539 3867 604 in

2310 651 2662 711 aeternum.
2709 645 2869 714 llaec
2910 644 3165 725 laudat,
3228 643 3388 713 Luc.
3435 666 3479 728 1,
3533 645 3866 713 46:2110-

2307 749 2600 834 qnificat
2690 754 2927 819 anima
2996 776 3148 819 mea
3249 755 3650 820 Dominum.
3733 751 3865 820 Per

2306 852 2569 931 stellas,
2640 855 3040 925 Sacerdotes
3107 867 3172 927 et
3206 857 3496 926 Praelati.
3557 856 3855 936 Barueh,

2309 977 2405 1038 ιιι,
2447 959 2533 1026 34
2577 983 2591 1026 :
2662 962 2901 1031 Stellae
2944 964 3278 1032 dederunt
3345 966 3576 1031 lumen
3629 967 3701 1032 in
3745 988 3863 1032 cu-

2301 1064 2544 1134 stodiis
2584 1069 2751 1135 sui-5.
2817 1069 2966 1137 lstae
3004 1071 3309 1147 laudant,
3380 1070 3583 1140 Eecli.
3646 1095 3851 1152 xnvn,

2309 1174 2413 1255 10,
2457 1174 2541 1243 de
2584 1175 2798 1246 David
2844 1180 2913 1245 in
2963 1178 3182 1270 ligura
3212 1178 3661 1247 Praelatorum
3703 1184 3858 1249 :De

2302 1283 2492 1347 omni
2525 1283 2725 1351 eorde
2767 1308 2893 1353 suo
2936 1285 3255 1354 laudavit
3285 1288 3687 1354 Dominum.
3724 1287 3857 1355 Per

2304 1384 2669 1467 luminare,
2704 1389 2864 1458 boni
2895 1391 3175 1475 subditi,
3212 1395 3325 1482 qui
3358 1394 3549 1483 quasi
3574 1393 3853 1462 effectus

2299 1502 2458 1560 sunt
2513 1494 2846 1564 bonorum
2891 1499 3361 1567 Praelatorum.
3420 1501 3525 1567 Ad
3594 1500 3845 1593 Ephes.

2297 1621 2366 1676 ν,
2419 1601 2458 1668 8
2508 1623 2524 1666 :
2577 1604 2814 1671 Eratis
2868 1607 3256 1696 aliquando
3295 1607 3609 1685 tenebrae,
3668 1632 3851 1676 nunc

2297 1717 2526 1774 autem
2569 1707 2697 1776 lux
2743 1711 2813 1777 in
2872 1712 3193 1782 Domino.
3249 1712 3333 1780 Et
3391 1716 3497 1781 isti
3541 1712 3843 1801 laudant,

2291 1811 2453 1882 Luc.
2496 1837 2687 1892 xvm,
2729 1817 2813 1885 43
2845 1840 2860 1882 ε
2895 1820 2988 1886 Et
3019 1821 3246 1887 omnis
3262 1821 3484 1911 plebs,
3524 1832 3601 1888 ut
3631 1822 3830 1903 vidit,

2293 1917 2480 1986 dedit
2509 1920 2787 1989 laudem
2841 1926 3007 1992 Deo.
3052 1924 3184 1992 Per
3218 1926 3422 1995 coelos
3480 1928 3838 2005 coelorum,

2290 2024 2626 2115 Apostoli.
2686 2038 2753 2096 et
2794 2028 3181 2120 Prophetae.
3229 2031 3389 2111 Job,
3442 2056 3627 2112 xxvi,
3677 2036 3756 2104 13
3820 2056 3836 2101 :

2288 2131 2619 2222 Spiritus,
2658 2134 2940 2205 Domini
2977 2136 3257 2216 scilieet,
3290 2141 3563 2207 ornavit
3607 2140 3833 2210 coelos.

2291 2237 2379 2305 Hi
2419 2239 2722 2321 laudant.
2766 2243 2826 2311 ll
2866 2243 3090 2313 Paral.
3125 2270 3239 2329 xx,
3291 2249 3368 2316 19
3403 2270 3419 2314 ε
3455 2250 3676 2317 Porro
3721 2253 3842 2318 Le-

2289 2347 2523 2415 vitae...
2557 2349 2641 2418 de
2663 2350 2840 2440 filiis
2869 2354 3065 2432 Care,
3098 2354 3430 2424 decalvati
3474 2357 3541 2425 in
3574 2357 3830 2426 Calva-

2290 2454 2412 2530 ria‚
2471 2453 2642 2524 Coro
2692 2458 2875 2526 enim
2933 2461 3414 2552 interpretatur
3473 2463 3826 2543 Calvaria,

2292 2560 2678 2632 laudabant
2720 2566 3092 2635 Dominum
3140 2571 3365 2637 Deum
3414 2570 3637 2639 Israel
3682 2595 3837 2641 voce

2287 2692 2566 2759 moytia.
2622 2671 2753 2742 Per
2791 2698 3010 2766 aquas
3061 2700 3268 2768 super
3320 2680 3546 2758 emtus,
3593 2679 3825 2750 Sancti

2287 2778 2608 2846 minoreS.
2669 2780 2952 2872 Apocal.
2997 2807 3111 2862 xv,
3172 2786 3246 2852 Π
3298 2808 3316 2854 2
3366 2789 3601 2877 Aquae,
3654 2811 3830 2878 quas

2285 2882 2543 2964 vidisti,
2600 2887 2856 2976 populi
2887 2895 3075 2966 sunt,
3146 2898 3270 2958 ete.
3353 2890 3437 2958 lli
3514 2891 3822 2972 laudant,

2284 2988 2488 3058 Eccli.
2527 3014 2712 3071 xxiv,
2740 2994 2779 3059 4
2813 3015 2829 3060 z
2863 2995 2946 3062 In
2976 2996 3428 3065 multitudine
3462 2998 3829 3068 electorum

2254 3096 2557 3167 -liabebit
2614 3099 2914 3170 laudem.
2961 3100 3091 3170 lsa.
3136 3125 3320 3186 xnm,
3355 3106 3421 3186 2,
3474 3106 3555 3175 de
3602 3109 3829 3177 omni·

2284 3206 2410 3275 bus
2439 3209 2642 3277 simul
2678 3231 2692 3276 :
2729 3210 3084 3301 Populum
3116 3214 3325 3282 istum
3360 3217 3669 3306 formavi
3705 3219 3831 3287 mi·

2280 3315 2379 3395 lii,
2424 3315 2700 3384 laudem
2730 3340 2952 3386 meam
2980 3321 3321 3393 narrabit.
3355 3324 3638 3414 Apoeal.
3679 3350 3826 3411 xix,

2282 3425 2322 3490 5
2378 3445 2394 3490 :
2452 3424 2759 3493 Laudem
2815 3425 3020 3495 dicite
3073 3431 3219 3497 Deo
3283 3442 3542 3513 nostro,
3597 3455 3829 3503 omnes

2278 3532 2454 3598 servi
2479 3530 2637 3621 ejus
2665 3555 2688 3600 .·
2719 3542 2786 3600 et
2820 3535 2944 3625 qui
2980 3537 3236 3604 timetis
3288 3541 3540 3618 Deum,
3576 3542 3834 3632 pusilli

2280 3645 2344 3702 et
2381 3639 2641 3727 maqm‘.
2703 3636 2832 3710 lsa.
2877 3662 3033 3719 ωιν,
3091 3644 3172 3710 14
3207 3665 3224 3711 :
3257 3646 3455 3715 Servi
3491 3648 3626 3715 mei
3676 3647 3829 3717 lau-

2278 3737 2543 3807 dabunt
2578 3763 2730 3832 prae
2782 3743 3244 3815 exsultatione
3296 3749 3543 3833 cordiS,
3575 3760 3643 3817 et
3679 3772 3819 3830 υοε,

2281 3852 2408 3913 ete.

2367 4084 2401 4120 α
2439 4059 2622 4143 Quia
2679 4059 2821 4151 ipse
2883 4059 3090 4131 dixit.
3154 4089 3190 4126 n
3247 4062 3370 4133 llio
3416 4067 3819 4153 seeundum,

2275 4163 2529 4233 seilicet
2555 4187 2765 4256 quare
2804 4166 3183 4238 laudandus
3212 4170 3298 4240 ab
3338 4173 3420 4240 iis
3454 4197 3472 4242 τ
3507 4184 3575 4243 et
3600 4177 3821 4268 tangi-

723 4299 756 4336 «
794 4275 885 4342 Et
907 4295 1126 4364 aquae,
1159 4295 1310 4364 qua·
1333 4295 1540 4363 saper
1559 4272 1759 4341 coelos
1784 4283 1970 4352 sunt,
2008 4273 2172 4342 lau·
2272 4277 2385 4339 tur
2410 4269 2662 4362 duplex
2701 4274 2898 4342 ratio.
2944 4273 3201 4357 Prima,
3244 4278 3517 4349 collatio
3547 4283 3814 4351 essendi

628 4382 788 4449 dent
823 4402 1065 4449 nomen
1109 4380 1414 4447 Domini.
1446 4404 1477 4443 n
1521 4377 1690 4447 Ecce
1736 4381 1923 4471 quod
1969 4383 2170 4472 perti·
2269 4375 2688 4468 simpliciter.
2734 4376 3074 4465 Secunda,
3107 4383 3372 4452 essendi
3421 4385 3822 4457 ordinabili-

624 4488 853 4559 netad
900 4488 1145 4558 coelum
1188 4510 1481 4579 aqueum
1518 4508 1536 4556 z
1569 4510 1762 4579 aquae
1811 4491 1996 4557 enim
2046 4514 2165 4581 po·

621 4607 936 4665 nuntura
965 4596 1259 4676 Sanctis,
1281 4617 1485 4685 super
1511 4594 1756 4664 coelum
1791 4595 2156 4675 sidereum,

2271 4494 2396 4566 ter,
2426 4485 2543 4565 ibi,
2576 4493 2637 4562 ᾔ.
2674 4487 2715 4554 6
2759 4508 2777 4555 ε
2822 4512 2857 4551 ι
2898 4487 3170 4558 Statuit
3214 4514 3319 4561 ea.
3358 4517 3391 4558 ι

2357 4592 2434 4660 In
2483 4596 2725 4685 prima,
2772 4594 2997 4685 primo
3044 4598 3265 4690 tangit
3300 4600 3605 4670 naturale
3662 4625 3810 4676 esse

618 4702 703 4771 ad
767 4701 1046 4770 modum
1103 4699 1399 4791 crystalli
1439 4700 1896 4786 solidissima»,
1957 4713 2023 4772 et
2076 4726 2160 4771 ex
2266 4703 2746 4794 corporalium.
2792 4704 3138 4784 Secundo,
3172 4708 3658 4799 spiritualium,
3693 4713 3817 4795 ibi.

614 4807 802 4879 omni
853 4817 1040 4900 parte
1092 4808 1177 4875 ab
1219 4808 1572 4876 influentia
1628 4807 1797 4878 lucis
1854 4810 2159 4901 empyrei
2266 4835 2299 4870 «
2345 4810 2498 4902 Ipse
2529 4811 2911 4879 mandavit.
2957 4837 2990 4878 ι

614 4916 987 4985 illustratae.
1058 4914 1323 4983 Daniel.
1380 4936 1479 4995 ιιι,
1544 4917 1690 4985 60:
1743 4916 2155 4999 Benedicite,

2352 4915 2531 4986 Dicit
2576 4940 2738 5009 ergo
2781 4941 2798 4988 ε
2850 4918 3177 5002 Laudate,
3218 4931 3544 4994 ereaturae
3580 4948 3821 5020 eorpo-

614 5047 810 5115 aquae
845 5046 1073 5092 omnes
1108 5045 1260 5114 quae
1293 5044 1501 5114 super
1543 5021 1746 5091 coelos
1788 5034 1975 5102 sunt,
2010 5026 2160 5091 Do·
2262 5022 2436 5093 rates
2485 5026 2895 5116 superiores,
2978 5053 3013 5092 ι
3065 5029 3237 5119 quia
3285 5031 3428 5122 ipse
3491 5033 3702 5113 dixit,
3754 5044 3817 5102 et

614 5134 828 5202 mino.

2257 5135 2449 5222 saeta
2496 5143 2682 5210 sunt,
2720 5157 2753 5198 ι
2801 5132 3211 5223 corporalia.
3268 5136 3516 5207 Genes.
3562 5162 3610 5221 1,
3661 5141 3702 5209 3
3752 5149 3820 5211 et

698 5237 849 5318 Sol,
882 5237 1209 5307 Christus.
1269 5234 1558 5304 Malach.
1607 5259 1696 5314 ιν,
1742 5238 1833 5305 2:
1873 5239 2156 5306 Orietur
2259 5240 2300 5307 6
2341 5261 2359 5307 :
2401 5240 2605 5310 Dixit
2668 5241 2854 5307 Deus
2906 5261 2923 5308 z
2987 5243 3176 5325 Fiat,
3236 5252 3303 5313 et
3368 5244 3621 5316 sactum
3677 5256 3806 5317 est.

610 5342 798 5412 vobis
825 5343 1218 5412 timentibus
1236 5365 1481 5410 nornen
1513 5364 1741 5410 meum
1793 5342 1921 5411 Sol
1934 5342 2151 5433 justi·

2258 5346 2476 5415 Suum
2532 5354 2761 5415 autem
2794 5347 3018 5419 dicere
3060 5360 3165 5419 est
3205 5350 3385 5421 velle
3426 5361 3503 5421 ut
3552 5354 3643 5423 ita
3700 5356 3809 5433 sit,

608 5453 740 5520 tiae.
775 5450 900 5520 Ilie
930 5448 1180 5529 laudat,
1224 5449 1466 5520 Matth.
1499 5473 1596 5529 xi,
1630 5452 1714 5519 23
1751 5474 1768 5519 ε
1807 5442 2151 5541 Confiteor
2255 5453 2366 5524 vel
2401 5453 2690 5523 verbum
2739 5456 2826 5524 ab
2874 5465 3133 5527 aeterno
3170 5481 3523 5550 generare,
3558 5460 3629 5530 in
3675 5485 3814 5553 quo

604 5559 756 5643 tibi,
786 5562 1015 5629 Pater.
1068 5559 1294 5644 Lana,
1337 5559 1574 5628 Maria.
1621 5558 1878 5628 Cautio.
1913 5583 2008 5642 vi,
2042 5562 2082 5631 9
2126 5584 2143 5629 ε
2258 5561 2490 5629 omnia
2547 5559 2720 5631 faeta
2776 5573 2959 5632 sunt.
3013 5562 3442 5654 Augustinus
3507 5565 3581 5638 in
3635 5565 3815 5637 libro
