5008 6329
854 4815 1041 4885 no

1878 438 2590 510 COMMENTARIUS
2643 441 2736 507 IN
2783 439 3226 508 PSALMUM
3275 436 3584 506 CXVIII.

1210 609 1323 675 Ait
1363 612 1544 677 enim
1582 635 1596 678 :
1635 611 1748 680 Sic
1787 613 2016 680 anima
2051 637 2201 681 mea
2258 614 2496 680 vivens
2529 610 2673 678 lau-

1123 716 1307 784 dabit
1345 726 1409 786 te
1448 743 1462 787 :
1524 729 1590 788 et
1639 722 1722 788 ad
1759 722 2137 790 vivendum
2171 722 2410 789 fortius
2442 728 2508 787 et
2549 741 2675 786 ve-

1121 823 1509 896 hementius
1602 857 1635 891 «
1704 828 2151 918 adjuvabunt
2227 851 2332 894 me
2389 828 2675 917 judicia

1122 942 1270 1012 tua,
1313 962 1344 996 n
1386 935 1635 1027 quibus
1692 937 1762 1002 in
1810 935 2038 1002 futuro
2080 934 2445 1023 judicabis,
2507 933 2675 1014 Quis

1123 1043 1306 1108 enim
1337 1045 1576 1112 videns
1616 1042 2090 1110 rectitudinem
2122 1041 2245 1111 Dei
2276 1043 2349 1110 in
2378 1044 2677 1134 punien-

1123 1146 1211 1216 do
1244 1150 1488 1231 malm,
1522 1159 1590 1219 et
1643 1149 2147 1218 remunerando
2214 1150 2458 1229 bonoS‚
2536 1172 2676 1217 non

1122 1264 1524 1347 prorumpet
1556 1257 1627 1325 in
1668 1256 1939 1324 laudem
1996 1256 2382 1324 mirabilem
2426 1258 2576 1335 Dei,
2613 1263 2681 1323 et

1115 1365 1393 1454 justitiae
1422 1365 1592 1452 ejuS,
1639 1373 1703 1431 et
1728 1364 1907 1432 dicet
1941 1388 1956 1432 :
2002 1367 2298 1433 Domine
2337 1367 2518 1431 Deus
2540 1387 2680 1431 om-

1126 1472 1464 1561 nipotenS,
1497 1470 1715 1559 justae
1781 1481 1844 1538 et
1904 1494 2076 1538 verse
2112 1481 2274 1538 sunt
2329 1471 2456 1537 υἱέε
2514 1480 2672 1546 tuae,

1124 1580 1273 1644 Rea:
1298 1577 1774 1646 saeeulorum⁸.
1810 1579 2077 1647 Judicia
2131 1579 2365 1656 etiam,
2430 1578 2678 1668 quibus

1126 1686 1451 1776 flagellaS,
1488 1695 1553 1754 et
1602 1687 1871 1775 judicas
1911 1709 2023 1754 me
2083 1688 2153 1753 in
2191 1687 2532 1776 praesenti,
2567 1684 2682 1752 ad-

1117 1796 1460 1885 juvabunt
1508 1819 1614 1865 me
1669 1796 1753 1864 ad
1790 1797 2167 1864 vivendum
2207 1796 2349 1863 vita
2397 1804 2674 1879 aeterna,

1127 1910 1194 1970 et
1224 1902 1664 1981 laudandum,
1705 1905 1866 1995 quia
1912 1910 1978 1971 et
2008 1903 2307 1971 carnalia
2346 1902 2679 1970 desideria

1129 2012 1532 2102 reprimunt,
1571 2019 1636 2080 et
1665 2013 1980 2103 spiritum
2012 2011 2495 2080 ferventiorem
2527 2008 2679 2078 red-

1129 2119 1321 2186 dunt.
1358 2119 1773 2210 Gregorius:
1858 2144 1891 2184 α
1929 2118 2105 2187 Mala
2165 2141 2317 2211 quae
2384 2141 2511 2186 nos
2570 2116 2682 2184 hic

1131 2237 1543 2319 «premunt,
1613 2227 1699 2295 ad
1774 2228 1997 2296 Deum
2057 2250 2185 2295 nos
2226 2229 2322 2296 ire
2379 2225 2682 2317 compel-

1137 2358 1170 2399 ι
1204 2333 1375 2402 lunt.
1425 2360 1459 2399 ι
1503 2334 1791 2426 Propter
1809 2334 1942 2403 hoc
1970 2334 2243 2417 dicitur,
2277 2334 2521 2405 Ezech.
2582 2358 2677 2418 ix,

1132 2443 1172 2508 6
1207 2464 1222 2508 :
1253 2444 1309 2510 A
1339 2445 1733 2510 sanctuario
1763 2465 1911 2511 meo
1944 2445 2245 2535 incipite.
2289 2443 2397 2523 Et,
2433 2442 2462 2508 I
2494 2443 2677 2511 Petr.

1133 2570 1224 2632 w,
1267 2548 1389 2617 17:
1431 2550 1715 2639 Tempus
1743 2560 1840 2617 est
1881 2558 1957 2616 ut
2005 2548 2294 2640 incipiat
2321 2548 2682 2638 judicium

1131 2681 1173 2723 a
1204 2657 1405 2723 domo
1436 2659 1587 2725 Dei.
1630 2658 1896 2726 Judicia
1935 2667 2168 2726 autem
2226 2667 2363 2736 tua,
2436 2658 2682 2749 quibus

1132 2766 1443 2854 reprimis
1477 2766 1720 2849 malosi,
1755 2790 1840 2835 ne
1879 2768 2162 2835 saeviant
2200 2773 2532 2856 quantum
2565 2789 2684 2832 vo-

1133 2871 1306 2952 lunt,
1341 2872 1759 2961 adjuvabunt
1790 2897 1926 2953 me,
1962 2876 2031 2942 in
2060 2874 2375 2965 praesenti
2408 2882 2481 2941 ut
2515 2871 2686 2940 mul·

1132 2981 1397 3072 tiplicer
1435 2983 1673 3073 magis»,
1717 2981 1881 3050 dicit
1909 2981 1993 3051 de
2026 2980 2348 3050 Ecclesia.
2397 2981 2527 3049 Per
2556 2981 2684 3048 ssa-

1132 3089 1308 3182 gella
1337 3090 1520 3157 enim
1565 3091 1779 3182 magis
1819 3097 1922 3159 est
1965 3089 2271 3158 dilatata.
2333 3087 2515 3158 Psal.
2585 3111 2679 3170 w,

1135 3201 1213 3268 2:
1253 3200 1332 3267 ln
1363 3198 1814 3267 tribulatione
1839 3198 2163 3266 dilatasti
2191 3198 2385 3268 mihi.
2413 3196 2684 3267 Judicia

1132 3309 1337 3377 etiam
1369 3315 1513 3385 tua,
1575 3306 1823 3398 quibus
1881 3306 2231 3397 judicatus
2261 3328 2358 3384 eS,
2393 3305 2686 3394 adjuva-

1131 3416 1301 3484 bunt
1325 3437 1460 3483 me.
1495 3414 1812 3506 Cogitant
1839 3416 2022 3482 enim
2053 3414 2296 3496 sancti,
2331 3413 2681 3505 quomodo

1132 3524 1440 3593 Christus
1478 3546 1602 3615 pro
1635 3524 1797 3615 ipsis
1810 3521 2158 3613 judicatus
2185 3530 2309 3591 est.
2345 3521 2675 3591 Proverb.

1132 3654 1252 3711 χιι,
1297 3634 1385 3699 5:
1449 3631 1917 3721 Coqitationes
1959 3630 2325 3720 justorum
2365 3628 2677 3719 judicia,

1130 3748 1197 3809 et
1235 3741 1332 3808 sic
1368 3738 1658 3807 libenter
1685 3739 2022 3807 sustinent
2061 3737 2267 3822 mala,
2300 3744 2369 3807 et
2403 3760 2685 3806 arman-

1130 3854 1243 3915 tur
1279 3846 1626 3937 patientia.
1660 3843 1766 3913 Ad
1796 3844 2006 3915 Ilebr.
2042 3868 2163 3927 xu,
2199 3846 2239 3913 3
2267 3868 2282 3913 :
2316 3847 2686 3936 Recoqila-

1132 3964 1197 4022 te
1223 3975 1407 4035 eum,
1450 3954 1573 4045 qui
1610 3952 1822 4021 talem
1863 3953 2200 4021 sustinuit
2234 3976 2279 4021 a
2301 3954 2685 4045 peccatori-

1133 4061 1257 4130 bus
1323 4059 1649 4127 adversus
1710 4061 2151 4152 semetipsum
2206 4058 2686 4128 contradictio-

1131 4191 1310 4245 nem,
1392 4177 1468 4234 ut
1532 4190 1615 4235 ne
1677 4167 2084 4258 fatigemini
2136 4166 2390 4233 animis
2443 4167 2684 4236 vestris

1130 4275 1537 4365 deficientes.
1580 4273 1825 4343 II‘etr.
1862 4296 1954 4354 w,
1995 4276 2022 4341 1
2058 4296 2073 4342 ε
2137 4273 2411 4344 Christo
2462 4274 2684 4365 iqitur

1124 4405 1331 4477 passo
1364 4385 1433 4451 in
1463 4405 1688 4459 carne,
1717 4392 1780 4451 et
1826 4405 1944 4452 vos
1982 4382 2220 4450 eadem
2265 4383 2683 4473 coyitatione

1132 4511 1533 4558 armamini.

1231 4840 1264 4881 «
1299 4813 1559 4884 Erravi
1598 4812 1775 4881 sicut
1804 4810 1950 4879 ovis
1977 4832 2131 4904 quse
2173 4810 2407 4903 periit.
2457 4839 2491 4875 ι»
2552 4809 2680 4881 Hic

1135 4921 1436 4994 secunda
1488 4942 1646 5014 pars
1708 4918 1919 4989 totius
1974 4918 2331 5017 octonarii,
2410 4918 2482 4987 in
2546 4941 2682 5011 qua

1135 5038 1502 5125 postquam
1531 5028 1751 5096 oravit
1780 5025 2123 5106 ardenter,
2154 5026 2374 5095 sciens
2403 5024 2683 5093 humili-

1132 5146 1350 5207 tatem
1380 5157 1526 5205 esse
1555 5132 1812 5203 scalam
1838 5131 1923 5201 ad
1953 5130 2486 5213 ascendendum,
2525 5140 2682 5202 orat

1133 5243 1246 5313 hic
1283 5241 1657 5322 humiliter,
1689 5248 1752 5310 et
1780 5240 2126 5332 propriam
2157 5240 2520 5309 confitetur
2548 5242 2687 5309 mi-

1134 5355 1408 5423 seriam.
1448 5353 1606 5421 Tria
1648 5373 1812 5443 ergo
1850 5350 2171 5418 dicuntur
2234 5347 2367 5418 hic.
2413 5348 2682 5442 Proprii

1134 5460 1387 5532 erroris
1407 5458 1686 5530 humilis
1723 5467 1789 5528 et
1817 5455 2111 5548 simplex
2163 5456 2526 5526 confessio.
2563 5455 2688 5526 Se-

1136 5568 1390 5654 cundo,
1423 5568 1674 5638 devota
1700 5567 1966 5659 petitio,
2019 5563 2141 5649 ibi,
2203 5591 2238 5629 α
2278 5566 2597 5657 Require.
2644 5591 2680 5632 ι

1218 5802 1236 5841 ¹
1261 5796 1505 5876 Apoeal.
1529 5815 1622 5872 xv,
1655 5800 1710 5856 3.

4211 436 4338 505 339

2789 611 3045 694 Terti0,
3090 610 3409 701 allegatio
3441 609 3666 677 meriti
3704 608 3986 699 proprii,
4024 629 4104 673 ne
4135 606 4335 675 vide-

2792 726 2978 785 retur
3015 718 3299 785 omnino
3364 739 3805 809 praesumere,
3870 715 3991 793 ibi,
4073 740 4106 780 α
4154 716 4335 799 Quia

2790 825 3150 892 mandata.
3190 849 3223 890 »

2882 933 3059 1000 Dicit
3099 954 3304 1023 ergo:
3369 931 3505 1011 Sic,
3576 931 3894 1013 Domine,
3947 930 4030 997 da
4089 927 4339 996 intelli-

2787 1041 3123 1131 gentiam,
3158 1039 3245 1106 da
3291 1038 3669 1107 affectionis
3699 1039 4090 1129 puritatem,
4124 1044 4191 1104 et
4226 1058 4342 1104 ve-

2789 1172 2936 1216 ram
2978 1149 3212 1217 confer
3238 1148 3476 1229 vitam,
3519 1149 3705 1239 quia,
3739 1170 3779 1215 o
3811 1147 4129 1228 Domine,
4173 1167 4342 1214 con-

2790 1255 3012 1333 fiteor,
3057 1263 3122 1323 et
3150 1254 3345 1322 dico:
3395 1281 3428 1318 α
3472 1256 3751 1334 Erravi,
3790 1281 3822 1315 »
3895 1260 3961 1322 et
3997 1252 4340 1343 periculo-

2788 1388 2885 1448 se,
2920 1365 3082 1454 quia
3113 1389 3149 1429 α
3192 1365 3371 1431 sicut
3433 1364 3578 1431 ovis
3634 1386 3785 1454 quae
3841 1364 4075 1455 periit.
4114 1388 4148 1427 ι
4199 1362 4334 1430 Isa.

2787 1495 2927 1551 mu,
2953 1473 2993 1537 6
3030 1494 3045 1538 :
3086 1472 3334 1541 Omnes
3361 1493 3484 1538 nos
3512 1472 3715 1561 quasi
3737 1493 3887 1538 oves
3917 1471 4336 1537 erravimus:

2790 1581 3263 1669 unusquisque
3318 1580 3391 1645 in
3455 1579 3642 1646 viam
3696 1599 3897 1645 suam
3937 1576 4329 1644 declinavit.

2787 1685 3186 1753 Erravimus
3225 1708 3466 1753 omnes
3497 1686 3566 1752 in
3604 1684 3723 1753 illa
3752 1686 3971 1774 prima
4002 1707 4154 1763 ove,
4185 1706 4338 1777 quae

2789 1792 3065 1861 condita
3101 1792 3228 1861 fuit
3258 1794 3329 1860 in
3359 1794 3775 1872 innocentia,
3809 1793 4029 1860 Adam
4061 1791 4337 1861 scilicet.

2786 1900 2896 1968 Ad
2935 1899 3227 1968 Roman.
3275 1925 3343 1980 v,
3382 1903 3505 1969 12:
3554 1901 3638 1968 In
3665 1924 3799 1992 quo
3845 1923 4073 1968 omnes
4094 1923 4341 1992 pecca-

2790 2018 3054 2075 verunt.
3101 2007 3128 2075 1
3168 2008 3353 2078 Petr.
3389 2031 3462 2093 11,
3523 2010 3653 2077 23:
3698 2009 3937 2078 Eratis
3981 2009 4159 2076 sicu!
4187 2031 4338 2076 oves

2788 2125 3115 2195 erranteS,
3148 2116 3291 2184 imo
3331 2114 3751 2208 periclitatae.
3782 2115 4032 2183 Thren.
4069 2138 4163 2195 ιιι,
4200 2117 4285 2184 51
4316 2138 4332 2182 :

2787 2224 3314 2292 [nunciaverunt
3350 2247 3549 2316 aquae
3587 2247 3792 2316 super
3827 2234 4037 2315 caput
4064 2246 4289 2291 meum
4313 2246 4337 2292 .·

2790 2332 2945 2398 dixi
2975 2355 2999 2399 .·
3048 2333 3264 2402 Perii.
3311 2330 3473 2401 Luc.
3507 2355 3624 2410 xv,
3696 2332 3821 2399 24:
3884 2332 4113 2400 Filius
4150 2354 4340 2400 meus

2791 2449 3107 2507 mortuus
3134 2451 3307 2525 erat,
3340 2449 3404 2507 et
3431 2440 3682 2507 revixit
3717 2462 3739 2507 .·
3778 2441 4106 2531 perierat,
4134 2449 4196 2506 et
4228 2439 4341 2506 in-

2789 2557 3028 2614 ventus
3055 2557 3176 2616 est.

2884 2680 2917 2721 «
2956 2656 3195 2741 Quaere
3219 2679 3491 2725 servum
3513 2666 3738 2734 tuum,
3776 2681 3810 2720 ι
3843 2655 3914 2724 id
3950 2664 4074 2735 est,
4110 2656 4344 2746 requi-

2790 2787 2906 2834 re:
2938 2764 3120 2832 unde
3175 2764 3418 2833 Glossa
3461 2764 3648 2855 legit,
3697 2794 3730 2828 αι
3776 2765 4113 2856 Require:
4145 2790 4176 2829 ιι
4244 2765 4341 2834 sic

2789 2877 2976 2945 enim
3015 2876 3388 2966 promisisti
3446 2898 3569 2966 per
3629 2872 4062 2966 prophetam,
4095 2874 4339 2946 Ezech.

2787 3006 3030 3067 xxxw,
3094 2985 3176 3051 16
3210 3004 3227 3049 τ
3304 2983 3510 3069 Quod
3553 2982 3885 3074 perierat,
3963 2983 4338 3074 requiram.

2789 3089 2956 3159 Luc.
2991 3113 3106 3170 xv,
3142 3090 3184 3158 ⁴·
3218 3113 3233 3158 τ
3272 3091 3443 3178 Quis
3480 3113 3567 3158 ea:
3595 3088 3785 3158 vobis
3823 3090 4024 3158 homo
4061 3091 4185 3181 qui
4220 3089 4344 3156 lm-

2791 3200 2899 3269 bet
2927 3211 3183 3269 centem
3210 3222 3384 3278 oveS,
3419 3200 3572 3267 etsi
3592 3198 3974 3291 perdiderit
4008 3220 4219 3265 unam
4255 3220 4344 3266 ex

2792 3308 2966 3390 illis,
2999 3328 3222 3375 nonne
3248 3306 3542 3376 dimittit
3576 3307 3960 3397 nonaginta
3999 3327 4235 3373 novem
4267 3306 4340 3373 in

2788 3416 3079 3494 deserte,
3121 3413 3296 3483 coelo
3334 3413 3617 3494 scilicet,
3652 3425 3717 3482 et
3771 3413 3965 3482 vadit
4011 3411 4108 3480 ad
4131 3412 4339 3481 illam

2788 3545 2944 3613 qua·
2965 3522 3292 3613 perierat.

2881 3657 2916 3692 α
2955 3630 3140 3716 Quia
3161 3627 3498 3696 mandata
3521 3637 3643 3697 tua
3664 3651 3797 3696 non
3816 3650 3970 3696 sum
3992 3626 4271 3706 oblitus,
4296 3654 4330 3689 n

2788 3735 2906 3804 sed
2937 3743 3139 3805 teneo
3171 3734 3287 3802 illa
3316 3736 3693 3804 memoria:
3737 3736 3860 3803 etsi
3889 3757 4011 3826 per
4039 3757 4147 3803 me
4174 3756 4344 3826 pro-

2789 3844 2988 3912 licere
3046 3865 3186 3911 non
3240 3842 3468 3925 valeo,
3528 3864 3655 3912 nec
3702 3864 3907 3934 opere
3937 3840 4335 3933 adimplere.

2788 3951 3120 4021 l'roverb.
3154 3958 3254 4032 111,
3295 3952 3318 4018 ¹
3353 3973 3369 4020 ε
3401 3952 3574 4030 Fili,
3605 3973 3690 4017 ne
3717 3950 4140 4018 obliviscaris
4170 3949 4342 4040 quis

2786 4083 2974 4140 meae,
3035 4071 3100 4129 et
3155 4060 3493 4129 mandata
3550 4083 3702 4129 mea
3739 4084 3856 4129 cor
3894 4072 4091 4130 tuum
4119 4072 4337 4129 custo·

2786 4168 2939 4236 diat
2959 4191 2984 4236 .·
3023 4176 3096 4236 tu
3135 4170 3318 4236 enim
3352 4168 3753 4260 inscripsisti
3783 4190 3865 4237 ea
3903 4169 3975 4236 in
4003 4189 4183 4238 meo.
4212 4168 4339 4235 Je-

2786 4298 2959 4345 rem.
2992 4297 3185 4359 xxxi,
3256 4276 3342 4345 33
3393 4297 3411 4343 :
3477 4275 3675 4344 Dabo
3745 4275 3961 4368 quem
4008 4298 4229 4344 meam
4261 4277 4333 4345 in

2786 4385 3153 4454 visceribus
3184 4408 3449 4472 eorum,
3481 4397 3547 4455 et
3595 4387 3667 4456 in
3704 4387 3903 4456 corde
3937 4409 4172 4456 eorum
4225 4410 4339 4456 su-

2779 4493 3202 4584 perscribam
3239 4516 3418 4562 eam.
3488 4493 3692 4575 Quod
3728 4517 3893 4588 ergo
3947 4496 4342 4566 memoriter

2787 4600 3193 4690 impressisti
3250 4600 3322 4669 in
3387 4623 3544 4672 meo
3595 4602 3825 4682 corde,
3884 4602 3988 4671 fac
4038 4604 4336 4673 exterius

2786 4728 3104 4776 exercere
3143 4706 3216 4775 in
3254 4729 3486 4799 opere.

2875 4918 3086 4988 Vides
3114 4927 3375 5011 quanto
3435 4918 3774 4989 desiderio
3832 4919 3946 4991 hic
3999 4920 4338 4992 desiderat

2786 5029 3098 5096 oratione
3148 5028 3698 5121 appropinquare
3734 5028 3912 5116 Deo,
3972 5027 4059 5097 ad
4113 5030 4338 5121 ipsum

2786 5137 3067 5214 intrare,
3137 5142 3202 5203 et
3257 5136 3534 5205 tandem
3573 5137 3714 5205 vita
3751 5135 4082 5206 vivificari
4146 5146 4339 5207 oeter·

2786 5266 2875 5312 na
2919 5266 2936 5313 ε
2980 5250 3047 5312 et
3086 5242 3236 5313 hoec
3275 5245 3509 5313 omnia
3538 5267 3678 5313 non
3707 5267 3828 5336 per
3854 5266 3952 5327 se,
3994 5243 4114 5313 sed
4141 5245 4338 5315 redu·

2785 5359 3055 5421 centem
3094 5373 3166 5419 se
3196 5351 3284 5420 ad
3323 5353 3538 5419 vitam
3595 5351 4003 5422 salvatorem
4067 5375 4268 5445 posse
4309 5376 4329 5423 ε

2787 5471 2850 5531 et
2882 5463 2954 5530 in
2985 5461 3118 5531 hoc
3155 5463 3661 5532 consummatio
3702 5470 3829 5546 est,
3889 5486 4014 5533 nec
4058 5471 4159 5534 est
4186 5467 4333 5556 jam

2784 5571 3073 5643 ulterius
3155 5572 3323 5664 quid
3380 5595 3684 5665 quaerere
3748 5574 4058 5646 debeam.
4119 5576 4326 5647 Eccli.
