5008 6329
767 300 848 365 52
1784 284 1870 354 D.
1926 282 2127 352 ALB.
2182 280 2401 349 MAG.
2453 278 2660 348 om).
2717 277 3012 361 PRAED.

764 473 832 538 in
883 494 987 538 me
1056 476 1242 543 sunt,
1305 483 1605 555 quarum
1656 456 2050 547 indignatio
2115 453 2326 522 ebibit

768 582 1093 672 spiritum
1134 594 1384 642 meum.

853 819 885 859 α
920 797 1014 860 Ec
1055 792 1125 855 in
1161 784 1516 877 pulverem
1563 804 1796 864 suum,
1833 807 1862 843 n
1924 778 2110 846 unde
2139 798 2326 844 sum·

761 911 879 992 pta
933 903 1114 977 sunt,
1171 917 1204 958 a
1249 900 1689 969 revertentur,
1747 914 1779 954 s
1830 886 2060 978 pulvis
2118 885 2318 951 facta.

765 1006 982 1075 Eccle.
1044 1024 1164 1081 κη,
1236 1000 1275 1068 7
1310 1022 1327 1067 :
1362 1001 1454 1066 Ec
1510 997 1747 1089 pulvis
1803 1000 2187 1062 revertatur
2250 989 2324 1053 in

765 1127 1015 1181 terram
1043 1130 1248 1179 suam
1279 1105 1462 1174 unde
1498 1114 1669 1172 erat.
1705 1098 2169 1192 spiritualiter
2196 1115 2324 1160 au-

766 1222 892 1290 fert
938 1221 1121 1288 Deus
1165 1214 1482 1304 spiritum
1520 1209 1835 1277 elationis
1885 1207 1970 1274 ab
2010 1202 2321 1275 homine,

766 1329 1035 1420 quando
1076 1324 1249 1398 vult,
1295 1329 1362 1388 et
1398 1329 1561 1388 tunc
1590 1317 1816 1386 deficit
1843 1316 1914 1381 in
1940 1335 2038 1390 se,
2085 1321 2152 1378 et
2189 1309 2318 1376 hu-

767 1440 1068 1507 miliatur
1108 1443 1460 1520 tamquam
1520 1447 1891 1496 conversus
1948 1425 2019 1490 in
2075 1420 2328 1511 pulve-

769 1570 935 1614 rem.
959 1544 1116 1620 Job,
1152 1562 1391 1620 xxxiv,
1422 1538 1504 1605 14
1536 1544 1604 1606 et
1635 1538 1715 1604 15
1744 1559 1760 1602 ε
1808 1534 1890 1603 Si
1917 1527 2325 1599 direxererit

769 1657 868 1724 ad
894 1659 1117 1724 Deum
1155 1652 1271 1718 cor
1307 1670 1542 1727 suum,
1619 1645 1952 1736 spiritum
1993 1640 2193 1708 illius
2261 1647 2324 1704 et

765 1764 1019 1851 statum
1045 1758 1144 1827 ad
1167 1779 1240 1824 se
1275 1754 1525 1822 trahet.
1570 1751 1858 1835 Deficiet
1904 1748 2132 1815 omnis
2161 1765 2322 1812 caro

763 1869 1002 1948 simul,
1063 1875 1127 1933 el
1181 1864 1387 1930 homo
1436 1863 1509 1928 in
1555 1859 1844 1926 cinerem
1882 1862 2260 1921 revertetur
2300 1870 2316 1918 t

766 1977 1026 2045 deliciet
1057 1969 1446 2052 carnalitas,
1485 1975 1553 2034 et
1590 1962 1907 2055 superbia
1936 1961 2009 2027 in
2048 1957 2325 2027 humili·

766 2091 973 2152 tatem
1011 2083 1477 2148 convertetur.

855 2435 888 2473 «
918 2408 1180 2476 Emitte
1199 2411 1218 2448 ¹
1247 2400 1599 2489 spiritum.
1638 2421 1673 2462 »
1706 2394 1879 2463 Ecce
1908 2388 2316 2466 secundum,

764 2518 833 2584 in
874 2538 1007 2606 quo
1065 2517 1430 2604 postquam
1470 2504 1595 2573 Dei
1644 2498 2156 2593 magnificentia
2202 2518 2323 2564 os-

761 2629 948 2686 tensa
979 2627 1081 2688 est
1136 2616 1204 2681 in
1249 2609 1572 2702 operibus
1613 2614 1897 2683 naturae,
1933 2601 2319 2672 ostenditur

759 2731 1254 2816 consequenter
1283 2721 1354 2787 in
1392 2715 1716 2808 operibus
1743 2713 1981 2806 gratiae
2034 2734 2050 2779 ε
2105 2719 2171 2778 et
2209 2707 2319 2775 di·

757 2843 1002 2901 cuntur
1056 2829 1223 2896 duo.
1288 2826 1551 2903 Primo,
1623 2819 2132 2912 magnificentia
2190 2816 2314 2884 Dei

757 2944 825 3010 in
885 2941 1181 3033 Spiritus
1230 2932 1448 3002 sancti
1491 2929 1883 3000 emissione.
1963 2923 2312 3002 Secunde,

758 3052 825 3118 in
863 3045 1211 3141 operibus,
1251 3063 1404 3134 qum
1451 3061 1574 3132 per
1613 3036 1950 3128 Spiritum
1997 3040 2315 3101 sanctum

758 3157 953 3233 liunt,
988 3153 1110 3231 ibi,
1157 3178 1190 3213 ι
1218 3150 1315 3218 ΕΙ
1340 3142 1782 3216 creabuntur.
1813 3168 1848 3209 s

851 3263 1024 3330 llicit
1075 3280 1242 3348 ergo
1284 3279 1303 3324 :
1346 3253 1463 3323 Sic
1505 3250 1985 3343 magnificatus
2022 3270 2123 3329 es,
2166 3246 2317 3315 Do-

761 3368 1043 3451 mine,in
1069 3362 1396 3456 operibus
1415 3367 1675 3428 naturae
1702 3356 2018 3449 superius
2037 3375 2321 3423 enume-

760 3478 947 3554 ratis,
969 3470 1087 3538 sed
1114 3466 1331 3536 multo
1362 3463 1582 3556 magis
1606 3462 1675 3529 in
1691 3459 2015 3553 operibus
2034 3457 2312 3549 gratiae:

759 3582 936 3650 unde
993 3600 1193 3669 rogo,
1235 3573 1560 3650 Domine,
1622 3594 1657 3636 s
1690 3567 1955 3637 Emitte
1988 3564 2318 3655 spiritum

758 3700 981 3769 tuum,
1010 3712 1045 3752 s
1069 3684 1153 3753 ad
1179 3677 1655 3750 instruendum
1683 3684 1752 3745 et
1768 3668 2313 3765 justificandum,

759 3804 912 3889 post
973 3790 1378 3861 missionem
1437 3782 1589 3853 Filii
1664 3781 1753 3851 ad
1809 3774 2315 3849 redimendum.

762 3903 1067 3994 Sapient.
1116 3919 1212 3973 tx,
1263 3894 1338 3961 Π
1368 3914 1385 3961 :
1416 3894 1712 3962 Sensum
1762 3887 1922 3980 quis
1951 3886 2142 3967 sciet,
2182 3881 2324 3951 nisi

759 4023 835 4081 ln
876 4008 1146 4079 dederis
1188 4001 1635 4094 sapientiam,
1673 4005 1738 4065 el
1781 3993 2052 4064 miseris
2087 3990 2327 4084 Spiri-

756 4131 903 4187 tnm
948 4124 1266 4185 sanctum
1314 4119 1518 4178 tuum
1563 4106 1650 4176 de
1691 4101 2117 4174 altissimis?

851 4359 887 4396 α
920 4332 1016 4399 Ee
1040 4320 1485 4395 creabuntur.
1549 4343 1584 4384 s
1626 4315 1758 4386 1110
1791 4310 2201 4390 secundum,
2251 4308 2322 4378 in

761 4462 900 4533 quo
946 4429 1333 4508 ostenditur
1386 4426 1619 4497 divina
1674 4418 2186 4515 magnificentia
2248 4416 2324 4487 in

765 4550 847 4617 iis
893 4567 1044 4639 qnae
1100 4538 1244 4631 agit
1284 4535 1581 4628 Spiritus
1642 4537 1920 4601 sanctus
1969 4550 1987 4598 ε
2035 4534 2105 4596 et
2161 4532 2325 4595 sunt

764 4656 925 4724 duo.
954 4652 1266 4721 Primum
1298 4652 1401 4714 est
1427 4640 1803 4736 peccatoris
1822 4634 2227 4727 justificatio
2255 4638 2325 4700 et

766 4757 1153 4834 conversio,
1197 4773 1350 4844 qum
1390 4757 1493 4818 est
1531 4746 1725 4840 quasi
1764 4742 2023 4814 creatio
2077 4739 2319 4831 ipsius.

770 4864 1165 4935 Secundum
1196 4866 1298 4927 est
1325 4854 1637 4925 conversi
1679 4850 2051 4944 protectus,
2083 4855 2148 4917 et
2182 4867 2328 4914 am-

770 4971 1027 5041 bulatio
1060 4969 1130 5037 in
1189 4963 1477 5041 bonnm,
1512 4961 1652 5030 imo
1692 4958 1776 5028 de
1825 4956 2010 5027 bono
2045 4955 2117 5024 in
2175 4973 2328 5020 me-

768 5079 925 5156 lius,
958 5080 1077 5154 ibi,
1123 5103 1157 5138 ιι
1189 5075 1283 5142 ΕΙ
1309 5068 1690 5140 renovabis.
1722 5094 1754 5132 s

858 5186 1037 5254 Dicit
1095 5202 1262 5272 ergo
1322 5201 1341 5248 t
1404 5174 1601 5267 Rogo
1665 5174 1765 5241 sic
1838 5179 1915 5241 ut
1988 5167 2324 5261 Spiritum

768 5293 1066 5375 emittas,
1102 5314 1137 5353 ι
1183 5295 1249 5354 el
1283 5283 1726 5363 creabuntur,
1779 5304 1816 5347 ι
1875 5277 1959 5346 de
1989 5274 2209 5346 nihilo
2238 5271 2326 5343 ad

772 5398 944 5470 tieri.
981 5390 1251 5474 Judith,
1298 5413 1442 5471 xvt,
1490 5387 1622 5460 17:
1678 5382 1941 5456 Misisti
1972 5380 2325 5474 Spiritum

842 5620 863 5658 ¹
894 5619 1062 5694 vulg.
1092 5614 1299 5683 habet,
1330 5614 1572 5671 emittas.

2434 461 2660 530 tuum,
2701 459 2764 518 et
2807 460 3033 517 creata
3069 459 3251 517 sunt.
3292 448 3475 516 Psal.
3537 474 3598 529 L,
3647 451 3727 516 12
3774 473 3788 517 z
3837 449 3971 517 Cor

2433 559 2772 627 mundum
2810 581 2960 625 crea
2999 558 3068 623 in
3116 579 3243 635 me,
3292 559 3495 632 Deus,
3537 565 3602 622 et
3645 558 3969 646 spiritum

2433 679 2716 747 rectum,
2780 674 2907 734 ctc.
2967 665 3069 731 Ad
3128 664 3374 756 Ephes.
3438 687 3506 740 n,
3547 666 3626 731 10
3673 686 3687 729 :
3740 666 3967 754 Ipsius

2428 800 2670 844 sumus
2695 778 2995 865 factura,
3037 775 3246 839 creati
3283 777 3353 840 in
3386 774 3679 841 Christo.

2529 1016 2560 1050 «
2591 990 2689 1055 Et
2734 987 3104 1054 renovabis.
3155 1012 3185 1051 s
3227 985 3353 1052 Hic
3388 983 3787 1064 secundum,
3831 983 3966 1050 sci-

2429 1094 2590 1161 licet
2628 1095 2988 1184 profectus.
3031 1093 3235 1172 Quasi
3270 1093 3559 1161 diceret:
3593 1090 3708 1159 Sic
3756 1091 3967 1157 emis-

2430 1219 2507 1264 so
2549 1198 2786 1288 spiritu
2841 1197 3270 1273 creabuntur,
3317 1220 3349 1260 α
3384 1211 3447 1263 et
3481 1220 3513 1260 s
3558 1203 3733 1285 post,
3773 1219 3805 1259 α
3854 1216 3970 1261 re-

2428 1304 2713 1372 novabis
2738 1306 2988 1393 saciem
3036 1313 3251 1385 terrae,
3302 1302 3548 1392 »ipsos
3595 1304 3665 1369 in
3723 1300 3967 1368 melius

2431 1413 2926 1502 promovendO,
2977 1412 3347 1480 secundum
3406 1411 3573 1478 illud
3622 1409 3958 1500 Apostoli,

2431 1521 2518 1589 ad
2548 1520 2795 1611 Ephes.
2833 1545 2925 1602 w,
2961 1523 3045 1587 24
3086 1545 3101 1587 ε
3150 1521 3426 1587 Induite
3463 1541 3718 1586 novum
3745 1519 3965 1585 leomi-

2428 1650 2609 1704 nem,
2627 1630 2749 1719 qui
2773 1628 3146 1695 secundum
3181 1629 3395 1693 Deum
3422 1634 3690 1692 creatus
3708 1635 3828 1691 est.
3855 1621 3959 1689 Ad

2431 1735 2680 1826 Ephes.
2708 1758 2801 1818 tv,
2823 1737 2940 1802 23:
2976 1734 3422 1802 Renovomini
3448 1734 3699 1823 spiritu
3721 1732 3965 1798 mentis

2429 1852 2688 1911 vestroe.
2712 1841 3192 1912 Cassiodorus:
3230 1865 3262 1905 α
3284 1840 3377 1905 Te
3407 1840 3606 1906 toties
3627 1838 3964 1906 Dominus

2431 1975 2466 2014 a
2499 1959 2704 2026 creat,
2768 1950 3034 2040 quoties
3072 1957 3136 2016 te
3180 1947 3262 2015 de
3309 1954 3642 2015 vetustate
3704 1946 3960 2036 peccati

2434 2082 2469 2117 α
2500 2056 2572 2121 in
2621 2075 2878 2123 novum
2928 2053 3273 2121 hominem
3313 2054 3690 2118 instaurare
3727 2049 3966 2140 digna·

2429 2186 2463 2227 s
2497 2170 2632 2229 tur.
2671 2186 2706 2227 s
2757 2159 2997 2229 Ezech.
3057 2181 3286 2233 xxxvr,
3322 2159 3406 2225 26
3442 2181 3459 2225 ε
3530 2156 3729 2227 Dabo
3775 2155 3965 2224 vobis

2428 2291 2549 2337 cor
2593 2289 2869 2344 novum,
2901 2277 2965 2334 et
3001 2266 3323 2357 spiritum
3362 2286 3644 2331 novum.

2518 2624 2553 2663 a
2585 2598 2698 2667 Sit
2731 2597 2964 2688 qloria
2995 2597 3296 2666 Domini.
3334 2621 3367 2660 n
3411 2594 3538 2663 llic
3585 2593 3959 2663 secundum

2421 2706 2830 2774 divisionem
2874 2706 3185 2796 superius
3231 2703 3479 2771 factam
3510 2709 3611 2770 est
3666 2700 3963 2772 secunda

2419 2834 2581 2904 pars
2633 2812 2840 2881 totius
2878 2809 3078 2901 hujus
3116 2809 3395 2887 Psalmi,
3441 2811 3510 2877 in
3566 2832 3701 2900 qua
3764 2814 3960 2899 post-

2421 2941 2630 3012 quam
2660 2921 2928 2988 monuit
2963 2918 3182 2986 Deum
3214 2917 3647 3008 magnificare
3676 2938 3762 2984 ex
3790 2936 3961 3004 opo-

2423 3027 2612 3095 ribus
2673 3026 3057 3103 creationis,
3108 3033 3175 3094 et
3227 3025 3431 3094 etiam
3502 3022 3959 3104 recreationis,

2420 3134 2536 3206 hic
2562 3142 2794 3208 monet
2831 3135 2914 3205 ad
2935 3137 3306 3228 gratiarum
3345 3136 3682 3204 actionem
3723 3140 3789 3202 et
3818 3131 3965 3225 glo-

2422 3242 2866 3312 riticationem
2906 3244 3150 3313 actoris
3176 3265 3300 3333 pro
3340 3241 3660 3334 operibus
3698 3240 3903 3308 tantis
3937 3260 3955 3307 t

2421 3358 2487 3417 et
2528 3349 2846 3418 dicuntur
2898 3350 3058 3418 duo.
3122 3349 3378 3427 Primo,
3440 3347 3817 3416 admonitio
3874 3345 3961 3414 ad

2421 3458 2696 3527 laudem
2726 3457 3120 3550 gloriosam,
3145 3466 3210 3525 et
3228 3458 3600 3547 gratiarum
3622 3456 3960 3524 actionem

2423 3588 2549 3658 pro
2587 3566 2791 3634 tantis
2846 3566 3185 3656 operibus.
3232 3564 3573 3639 Secundo,
3633 3560 3967 3631 determi-

2425 3675 2614 3742 natio
2652 3673 3002 3764 temporis,
3038 3673 3106 3741 in
3136 3695 3270 3763 qua
3318 3679 3480 3739 sunt
3518 3668 3649 3739 illae
3705 3671 3969 3760 gratia-

2428 3803 2580 3848 rum
2657 3781 2955 3848 actiones
3018 3777 3448 3860 exhibendae,
3516 3774 3635 3854 ibi,
3691 3783 3755 3852 ἵ.
3825 3774 3912 3844 33
3947 3796 3965 3842 :

2429 3912 2464 3951 α
2500 3886 2808 3957 Cantaba
2827 3887 3147 3956 Domino.
3175 3912 3208 3951 s

2519 3994 2597 4062 ln
2626 3994 2847 4086 prima
2875 4015 3037 4085 ergo
3074 3994 3233 4061 duo.
3279 3992 3540 4072 Primo,
3590 3993 3971 4063 admonitio

2428 4099 2513 4169 de
2549 4101 2923 4192 gratiarum
2977 4101 3265 4181 actione,
3324 4108 3393 4170 et
3451 4098 3572 4170 [tei
3623 4099 3975 4192 glorifica-

2427 4208 2640 4276 tione.
2681 4205 3024 4284 Secnndo.
3069 4207 3240 4276 ratio
3293 4229 3506 4297 quare
3561 4216 3665 4276 est
3710 4205 3979 4299 glorifi-

2426 4311 2713 4391 candus,
2744 4321 2810 4382 et
2838 4314 3073 4405 gratiae
3092 4313 3153 4381 ci
3185 4311 3578 4397 referende,
3609 4311 3729 4393 ibi,
3764 4339 3799 4378 ι
3831 4315 3978 4381 ιε·

2428 4418 2717 4489 labitur.
2753 4445 2790 4488 ι

2522 4523 2699 4594 Dicit
2728 4546 2934 4617 ergo:
3005 4524 3118 4593 Sic
3183 4525 3447 4604 monui,
3489 4548 3532 4596 o
3591 4526 3845 4614 anima,
3897 4533 3978 4596 ut

2432 4629 2654 4699 Deum
2684 4628 3067 4711 benedicas,
3105 4631 3265 4720 quia
3294 4633 3771 4724 magnificatus
3797 4656 3872 4702 es
3898 4641 3978 4703 ut

2429 4734 2750 4805 ostendi:
2791 4744 2860 4805 et
2911 4736 3116 4805 etiam
3181 4758 3456 4818 moneo,
3513 4764 3548 4803 ιι
3585 4739 3680 4808 sie
3739 4739 3974 4829 ρίου-ὄσ

2429 4843 2743 4922 Domini,
2778 4866 2815 4909 ι
2847 4864 2888 4911 a
2940 4849 3006 4911 te
3063 4842 3158 4911 illi
3196 4843 3356 4913 data
3421 4867 3543 4936 per
3596 4846 3971 4936 gratiarum

2431 4949 2772 5018 actionem
2810 4948 3280 5041 multiplicem,
3337 4976 3372 5015 ι
3416 4953 3487 5019 in
3542 4950 3903 5037 sarculum,
3939 4979 3974 5016 ιο

2433 5054 2504 5126 id
2531 5063 2659 5134 est,
2690 5064 3057 5149 perpetuo:
3090 5057 3249 5149 quia
3277 5060 3420 5149 ipse
3450 5066 3551 5125 est
3588 5080 3707 5127 rex
3756 5081 3984 5129 saecu-

2430 5163 2684 5232 lorum.
2720 5163 2748 5233 1
2779 5163 2865 5232 ad
2891 5164 3183 5233 Timotln.
3237 5186 3285 5232 1.
3325 5164 3450 5233 ¹7:
3492 5166 3667 5255 nequ·
3700 5165 3984 5236 soeculo·

2432 5293 2592 5339 rum
2622 5271 3029 5351 immortali,
3069 5280 3195 5340 etc.
3257 5269 3413 5339 Non
3450 5271 3546 5340 sic
3594 5272 3814 5364 gloria
3845 5271 3983 5343 ho-

2434 5377 2666 5459 minis,
2707 5394 2860 5470 quo
2906 5375 3103 5447 valde
3155 5378 3292 5447 cito
3349 5377 3613 5448 transit.
3679 5378 3812 5450 Isa.
3857 5402 3975 5462 ιι,

4090 2606 4211 2675 31
