5008 6329
1823 385 2533 456 COMMENTARIUS
2585 387 2677 453 IN
2727 388 3155 458 PSALMUM
3206 391 3514 459 CXVIII.

1065 562 1189 627 13:
1242 558 1499 626 Omnia
1553 559 1747 626 nuda
1792 570 1956 626 sunt
2011 567 2075 624 et
2112 567 2351 648 aperta
2408 557 2623 623 oculis

1059 668 1240 755 ejus.
1290 666 1428 733 Sed
1466 668 2005 762 promptitudine
2054 664 2420 752 adjuvandi
2459 684 2623 751 pro-

1057 784 1209 865 pter
1231 775 1875 844 excellentissimam
1906 774 2306 842 bonitatem.
2344 771 2474 838 Isa.
2512 792 2618 850 ιν,

1059 883 1100 949 6
1138 905 1151 948 :
1195 884 1496 967 Quaerite
1524 884 1908 952 Dominum
1938 882 2105 947 dum
2138 880 2433 946 inveniri
2464 889 2617 968 pot-

1056 1001 1179 1072 est,
1238 993 1551 1059 invocate
1613 1014 1769 1059 eum
1828 990 1995 1055 dum
2046 1009 2262 1077 prope
2317 997 2433 1053 est.
2488 984 2619 1064 Qui

1058 1102 1247 1167 enim
1277 1099 1626 1169 voluerint
1664 1098 2213 1188 appropinquare
2246 1095 2364 1161 tibi
2415 1116 2621 1162 oran-

1056 1206 1169 1286 do,
1212 1208 1729 1298 appropinquas
1760 1202 2210 1269 exaudiendo.
2244 1201 2481 1270 Jacob.
2527 1223 2612 1276 tv,

1055 1315 1098 1381 8
1142 1336 1159 1381 :
1231 1313 1813 1405 Appropinquate
1883 1311 2053 1387 Deo,
2125 1318 2189 1376 et
2253 1308 2619 1399 appropin-

1055 1421 1305 1510 quabit
1360 1419 1576 1486 vobis.
1640 1417 1790 1484 Imo
1855 1418 2020 1484 facis
2059 1439 2186 1484 nos
2243 1417 2446 1482 etiam
2496 1413 2619 1481 tibi

1055 1530 1488 1619 propinquos
1518 1534 1634 1593 tua
1665 1525 1995 1602 bonitate,
2029 1522 2401 1591 secundum
2454 1521 2620 1588 illud

1056 1635 1284 1715 Pauli,
1315 1634 1419 1703 »ad
1459 1632 1711 1724 Ephes.
1758 1657 1830 1715 11,
1877 1634 1958 1701 13
1994 1655 2010 1699 ε
2051 1631 2188 1716 Qui
2237 1629 2618 1720 aliquando

1055 1746 1268 1813 eratis
1311 1744 1539 1833 lonqe,
1579 1744 1758 1832 sacti
1795 1743 1955 1809 estis
1978 1763 2193 1832 prope
2222 1741 2293 1807 in
2331 1740 2620 1829 sanqui-

1054 1879 1140 1924 ne
1172 1856 1459 1925 Christi.
1513 1854 1697 1944 Ergo
1752 1876 1909 1921 cum
1969 1873 2177 1941 prope
2232 1850 2349 1926 sis,
2411 1873 2619 1940 prope

1058 1986 1171 2031 me
1201 1963 1435 2041 iacies„
1469 1984 1611 2028 non
1641 1967 1909 2050 oportet
1939 1982 2048 2026 me
2078 1981 2224 2026 esse
2255 1956 2618 2025 sollicitum

1058 2069 1227 2159 quin
1255 2090 1410 2158 quae
1435 2076 1596 2158 peto
1624 2066 1907 2133 tribuas,
1951 2065 2058 2132 Ad
2102 2063 2351 2153 Philip.
2399 2086 2490 2139 iv,
2534 2064 2614 2131 5:

1057 2176 1408 2244 Dominus
1440 2196 1656 2265 prope
1692 2183 1816 2257 est,
1867 2170 2051 2238 nihil
2085 2172 2373 2238 solliciti
2396 2171 2570 2237 sitis.

1152 2418 1190 2455 α
1240 2393 1339 2459 Et
1397 2412 1629 2457 omnes
1684 2390 1831 2456 υἱέε.
1896 2413 1930 2452 ι
1993 2386 2163 2454 Ecce
2219 2384 2616 2454 secundum.

1059 2499 1276 2580 Quasi
1334 2498 1634 2567 diceret:
1700 2495 1814 2565 Sic
1889 2519 1961 2563 es
2041 2496 2491 2586 propinquuS,
2559 2500 2624 2558 et

1060 2609 1269 2677 etiam
1300 2629 1535 2685 verus,
1580 2607 1740 2697 quia
1784 2630 1817 2669 α
1852 2627 2080 2670 omues
2110 2606 2236 2670 viee
2272 2611 2405 2668 lua‘
2448 2603 2625 2668 veri-

1061 2727 1194 2793 tas,
1233 2742 1269 2779 n
1305 2716 1530 2784 nescis
1561 2711 1913 2781 ambulare
1953 2735 2073 2803 per
2123 2712 2318 2778 devia
2370 2710 2627 2778 salsita-

1065 2823 1176 2900 tis,
1221 2823 1391 2914 quin
1430 2843 1701 2912 semper
1732 2820 1974 2887 reddas
2016 2818 2198 2909 quod
2262 2819 2621 2909 promittis,

1068 2928 1342 2999 Daniel.
1377 2951 1475 3009 ιιι,
1512 2928 1639 2995 27:
1680 2928 2009 2996 Universa
2037 2948 2242 3015 opera
2291 2935 2413 2993 tua
2444 2948 2623 3001 vera,

1068 3047 1134 3106 et
1170 3038 1301 3105 viae
1342 3046 1482 3104 tuae
1529 3045 1745 3112 reclae,
1799 3044 1864 3101 et
1923 3035 2158 3101 omnia
2194 3031 2476 3122 judicia
2507 3043 2629 3098 tua

1066 3169 1255 3216 vera.
1318 3142 1842 3237 oppositionem
1910 3149 2099 3222 nota,
2169 3163 2324 3233 quae
2393 3150 2493 3209 est
2558 3141 2627 3208 in

1069 3257 1342 3337 Glossa‚
1375 3265 1446 3327 et
1471 3255 1914 3326 solutionem.

1167 3603 1204 3645 e
1259 3578 1476 3647 Initio
1519 3576 1829 3666 coqnovi.
1893 3598 1928 3640 ι
1989 3572 2118 3642 llic
2170 3573 2474 3652 tertium,
2544 3593 2626 3639 ex

1071 3709 1213 3779 quo
1247 3687 1558 3755 nascitur
1604 3682 2043 3762 confidentia,
2111 3677 2626 3750 immutabilitas

1066 3802 1487 3864 statutorum
1514 3813 1825 3861 suorum.
1858 3789 2013 3858 Duo
2053 3811 2216 3880 ergo
2254 3789 2438 3857 dicit.
2483 3785 2630 3855 Pri-

1065 3924 1210 3982 ma,
1244 3901 1331 3971 de
1360 3900 1632 3971 statutis
1674 3898 1828 3984 Dei,
1872 3920 2023 3990 quae
2065 3897 2213 3987 ejus
2249 3896 2622 3966 bonitatem

1062 4017 1503 4089 attestantur,
1561 4009 1728 4101 quid
1791 4007 2216 4098 cognoverit.
2279 4004 2619 4081 Secundo,

1064 4117 1232 4211 quid
1260 4119 1351 4189 sit
1376 4117 1550 4187 illud
1575 4116 1946 4209 specificat,
1988 4122 2055 4183 et
2092 4110 2416 4191 ostendit,
2465 4114 2626 4204 quia

1065 4223 1527 4295 immutabilia
1592 4230 1662 4292 et
1724 4228 2005 4300 aeterna,
2077 4218 2198 4300 ibi,
2237 4248 2269 4284 οι
2314 4220 2498 4305 Quia
2552 4219 2623 4286 in

1059 4342 1422 4403 aetemum.
1456 4357 1493 4396 ι

1149 4442 1273 4511 Ait
1310 4461 1478 4532 ergo
1512 4459 1530 4508 ε
1567 4436 1682 4507 Sic
1720 4436 2146 4529 propinquus
2174 4458 2272 4516 es,
2299 4443 2369 4503 et
2395 4456 2621 4515 verus,

1063 4557 1133 4619 et
1159 4546 1456 4626 stabilis,
1487 4553 1557 4614 et
1584 4544 1852 4623 firmus,
1876 4564 2016 4611 non
2044 4539 2429 4610 variabilis:
2465 4543 2626 4633 quia

1066 4681 1103 4723 ι
1136 4655 1342 4725 initio
1383 4652 1699 4743 coynovi,
1738 4674 1773 4716 ι
1819 4650 1886 4718 id
1914 4657 2041 4733 est,
2083 4650 2307 4739 primo
2353 4658 2422 4717 et
2459 4671 2629 4740 prae-

1063 4764 1264 4857 cipue
1302 4761 1603 4854 cognovi
1632 4782 1648 4828 ε
1683 4766 1752 4828 et
1779 4759 2079 4827 sumitur
2123 4755 2619 4825 adverbialiter.

1065 4869 1222 4948 vel,
1305 4893 1341 4935 ι
1420 4868 1620 4936 initio
1680 4865 1969 4956 coqnoei
2058 4862 2143 4931 de
2222 4864 2626 4930 {estimoniis

1064 4981 1228 5059 tuis,
1281 5007 1316 5042 n
1392 4978 1646 5071 quibus
1701 4974 2042 5068 promittis
2097 4973 2279 5041 bona
2331 4973 2628 5063 petenti-

1066 5087 1220 5157 bus.
1290 5086 1381 5156 Εἰ
1450 5085 1617 5179 quid
1673 5081 2056 5174 cognovisti
2096 5080 2179 5148 de
2245 5082 2398 5149 eis?
2454 5080 2623 5165 Hoc,

1068 5224 1104 5266 ι
1162 5200 1337 5292 quia
1385 5198 1461 5266 in
1523 5206 1855 5267 aeternum
1892 5193 2218 5284 fundasti
2281 5216 2384 5259 ea.
2421 5221 2454 5254 a·
2513 5191 2627 5259 Sic

1065 5304 1367 5374 fundasti
1398 5326 1484 5373 ea
1521 5324 1676 5394 quae
1731 5308 1891 5370 sunt
1937 5301 2008 5368 in
2044 5308 2374 5368 aeternum
2432 5321 2627 5367 man-

1067 5434 1253 5481 sura.
1296 5408 1543 5480 Matth.
1593 5431 1783 5489 xxiv,
1828 5407 1962 5476 35:
2002 5406 2264 5476 Coelum
2320 5414 2386 5474 et
2447 5416 2628 5474 {erra

1069 5515 1496 5597 transibunt,
1528 5515 1734 5584 verba
1790 5523 2023 5582 autem
2065 5534 2217 5580 mea
2256 5535 2392 5581 non
2442 5535 2629 5603 prae-

1068 5623 1400 5694 teribtmt.
1497 5620 1832 5692 Proverb.
1902 5643 2024 5699 xn,
2116 5621 2265 5689 ¹9:
2335 5618 2627 5689 labium

1069 5734 1385 5804 veritatis
1409 5734 1700 5823 firmum
1735 5732 1867 5798 erit
1911 5730 1981 5797 in
2011 5737 2446 5820 perpetuum.
2490 5726 2630 5799 Nec

4149 391 4276 456 325

2738 561 2983 626 mirum
3034 563 3192 649 quia
3238 583 3440 649 super
3481 568 3743 649 petram
3792 559 4284 634 firmissimam,

2734 665 2985 732 scilicet
3010 689 3213 755 super
3237 666 3581 734 Christum
3616 676 3774 734 sunt
3804 667 4106 734 fundata.
4144 665 4171 730 Ι
4204 665 4288 731 ad

2735 770 3037 840 Corinth.
3103 796 3198 856 ιιι,
3265 776 3386 841 11:
3463 775 4027 841 Fundamentum
4087 772 4296 839 aliud

2732 902 2923 947 nemo
2942 893 3170 972 potest
3201 906 3478 973 ponere,
3526 892 3777 974 praeter
3824 882 3900 948 id
3935 882 4125 972 quod
4152 905 4289 971 po-

2728 992 2938 1058 situm
2977 1001 3095 1070 est,
3140 993 3329 1082 quod
3361 1002 3456 1060 est
3519 993 3831 1063 Christus
3866 994 4088 1060 JesuS.
4132 989 4285 1079 Ipse

2730 1099 2910 1165 enim
2986 1121 3027 1164 a
3072 1097 3216 1166 Deo
3275 1100 3538 1188 positus
3579 1107 3682 1166 est
3728 1098 4277 1174 fundamentum,

2729 1227 2867 1271 non
2924 1204 3145 1272 solum
3204 1204 3596 1295 Scripturae,
3649 1206 3768 1272 sed
3817 1208 4020 1273 etiam
4072 1205 4282 1272 totius

2730 1310 3067 1379 Ecclesiae.
3101 1311 3257 1388 Job,
3302 1335 3591 1391 xxxviii,
3637 1312 3722 1379 4:
3764 1313 3895 1381 Ubi
3942 1335 4094 1380 eras
4124 1332 4280 1378 cum

2721 1418 3057 1509 ponebam
3083 1421 3545 1511 fundamenta
3576 1428 3770 1488 terrae
3806 1420 3847 1488 P

2815 1631 2899 1698 Et
2934 1641 3122 1711 nota,
3166 1634 3350 1723 quod
3390 1633 3766 1700 secundum
3808 1632 4126 1700 Glossam
4178 1633 4290 1702 hie

2729 1742 3143 1831 praeponitur
3172 1740 3393 1809 littera
3422 1740 3602 1809 Corn
3637 1743 3820 1881 (P),
3857 1742 4041 1833 quod
4073 1743 4292 1810 inter-

2730 1861 3029 1942 pretatur
3098 1854 3468 1937 conclusio,
3544 1851 3656 1920 vel
3733 1852 4030 1944 adspice,
4096 1855 4283 1944 quia,

2727 1962 3096 2030 secundum
3127 1961 3466 2041 Glossam,
3491 1962 3618 2029 iste
3647 1970 4003 2053 tamquam
4035 1964 4284 2031 timens

2728 2069 2853 2136 sibi
2885 2068 3193 2137 concludi
3228 2092 3265 2134 a
3305 2069 3605 2153 diabolo,
3640 2077 3706 2136 et
3744 2068 3829 2136 ab
3871 2070 4019 2158 ipso
4061 2068 4285 2137 inclu-

2730 2175 2821 2254 di,
2892 2174 3137 2242 clamat
3202 2174 3288 2242 ad
3340 2174 3737 2254 Dominum,
3788 2184 3865 2242 ut
3927 2175 4281 2266 adspiciat,

2730 2285 2903 2351 sicut
2941 2292 3125 2374 patet
3156 2286 3223 2351 in
3264 2285 3597 2375 principio
3639 2287 3993 2354 octonarii.
4052 2285 4290 2352 Potest

2734 2401 2962 2460 tamen
3032 2392 3187 2472 dici,
3249 2394 3434 2484 quod
3475 2396 3626 2471 iste,
3679 2395 3853 2461 sicut
3904 2394 4292 2483 expositum

2737 2509 2862 2580 est,
2894 2502 3117 2591 primo
3158 2500 3326 2568 dixit
3365 2525 3435 2569 se
3466 2524 3697 2569 orasse
3727 2500 4067 2578 ardenter,
4110 2508 4293 2592 post-

2734 2608 3014 2676 modum
3084 2608 3369 2676 sollicite
3418 2616 3484 2675 et
3557 2609 3915 2687 instanter,
4013 2608 4288 2676 tandem

2742 2716 3181 2797 confidenter,
3228 2725 3450 2785 totum
3481 2717 3895 2785 concludens
3945 2719 4013 2783 in
4052 2716 4284 2783 divina

2734 2828 3007 2917 pietate,
3057 2826 3365 2903 veritate,
3421 2826 3812 2895 stabilitate.
3868 2826 4096 2893 Pietas
4173 2848 4283 2894 re-

2735 2933 3020 3023 spondet
3055 2932 3340 3023 Spiritui
3370 2941 3633 3014 sancte,
3653 2934 3907 3000 veritas
3931 2932 4128 3014 Filio,
4152 2941 4286 3000 sta-

2735 3040 2959 3108 bilitas
2991 3041 3196 3109 Patri.
3231 3041 3660 3132 l‘raeponitur
3689 3064 3852 3134 ergo
3882 3040 4063 3110 Corn
4097 3033 4278 3172 (Ρ),

2736 3163 2916 3256 quod
2975 3166 3454 3255 interpretatur
3481 3164 3781 3256 adspice,
3815 3174 3881 3232 et
3907 3164 4282 3244 conclusio,

2734 3294 2811 3338 ac
2848 3272 2904 3338 si
2956 3280 3186 3362 aperte
3216 3270 3338 3338 tibi
3384 3271 3648 3339 dicatur
3690 3293 3705 3338 ε
3749 3271 4043 3364 Adspice
4081 3268 4288 3361 hujus

2736 3377 3064 3445 orationis
3164 3375 3675 3446 conclusionem
3759 3401 3907 3447 esse
4009 3376 4291 3469 elegan-

2734 3496 2897 3557 tem.

3338 3997 3658 4096 naam)

2748 4437 2899 4510 153.
2948 4433 3135 4505 Vide
3176 4434 3664 4506 humilitatem
3717 4456 3981 4515 meam,
4022 4454 4094 4507 et
4130 4435 4277 4507 eri-

2994 4564 3081 4634 pe
3136 4562 3280 4623 me,
3350 4541 3520 4633 quia
3572 4542 3805 4633 legem
3864 4559 4066 4614 tuam
4127 4565 4273 4614 non

2991 4670 3155 4720 sum
3185 4649 3480 4720 oblitus.

2739 4762 2894 4847 154.
2942 4756 3564 4846 Judicajudicium
3597 4778 3870 4839 meum,
3895 4776 3966 4830 et
3996 4759 4272 4831 redime

2989 4885 3133 4949 me,
3209 4881 3506 4956 propter
3579 4865 3956 4959 eloquium
4061 4884 4274 4939 tuum

2987 4971 3266 5044 vivifica
3295 4995 3440 5044 me.

2738 5086 2894 5157 155.
2951 5085 3195 5177 Longe
3232 5108 3272 5155 a
3316 5086 3815 5178 peccatoribus
3847 5088 4072 5173 salus,
4106 5087 4275 5180 quia

2994 5191 3538 5282 justificationes
3590 5209 3751 5263 tuas
3822 5215 3967 5264 non
4021 5194 4280 5285 exqui-

2998 5298 3303 5370 sierunt.

2740 5408 2897 5481 156.
2949 5405 3469 5491 Misericordiae
3507 5425 3652 5479 tuae
3695 5409 3972 5495 muitae,
4020 5410 4277 5482 Domi-

2998 5537 3087 5585 ne
3151 5538 3169 5585 z
3212 5515 3617 5587 secundum
3674 5514 4028 5606 iudicium
4064 5535 4274 5590 tuum

3002 5621 3281 5693 vivifica
3317 5644 3463 5694 me.

2752 5736 2905 5823 ¹57·
2958 5729 3173 5800 Multi
3234 5729 3361 5822 qui
3416 5751 3955 5824 persequuntur
4000 5756 4145 5814 me,
4205 5749 4277 5804 et
