5008 6329
581 346 708 411 268

576 512 765 580 verb.
800 535 914 592 xv,
959 510 1042 578 33
1079 533 1095 576 ε
1135 507 1457 578 Gloriam
1474 506 1806 597 praecedit
1842 506 2140 573 humili-

578 631 707 690 tas,
767 621 852 687 Et
907 616 1074 685 illud
1110 616 1268 683 Aet.
1318 638 1461 700 xlv,
1506 617 1633 683 21:
1695 618 1833 683 Per
1878 614 2139 681 multas

579 729 1058 799 tribulationes
1105 734 1368 816 oportet
1421 749 1544 793 nos
1601 727 1862 792 intrare
1901 726 1972 790 in
2028 746 2139 789 re-

575 860 791 930 qnum
818 838 972 905 Dei.
999 834 1076 901 In
1108 857 1425 903 sermone
1457 858 1619 925 ergo
1653 832 1934 900 Domini
1954 833 2136 920 juste

579 945 835 1014 invenit
875 944 1090 1033 spem,
1149 952 1217 1012 et
1266 943 1837 1020 consolationem,
1895 963 2135 1009 secun-

578 1053 739 1120 dum
778 1050 946 1118 illud
999 1051 1344 1142 Apostoli,
1391 1050 1478 1117 ad
1508 1049 1804 1116 Roman.
1868 1071 1985 1127 κν,
2048 1047 2131 1115 4:

580 1164 1035 1252 Quaecumque
1096 1162 1361 1252 scripta
1416 1168 1605 1237 sunt,
1668 1158 1768 1225 ad
1826 1166 2136 1225 nostram

579 1270 960 1338 doctrinam
996 1269 1257 1359 scripta
1312 1277 1504 1346 sunt,
1576 1275 1653 1334 ut
1684 1289 1812 1358 per
1857 1267 2140 1357 patien-

580 1379 750 1447 tiam
835 1388 897 1445 et
978 1377 1516 1443 consolationem
1610 1376 2138 1466 Scripturarum

573 1510 762 1580 spem
798 1486 1199 1555 habeamus,

668 1622 702 1663 ι
748 1598 930 1683 Quia
977 1597 1360 1688 eloquium.
1398 1621 1433 1661 n
1493 1596 1667 1664 Ecce
1723 1595 1896 1662 ratio
1930 1615 2139 1684 quare

575 1728 728 1796 spes
767 1704 1181 1774 consolatur.
1250 1703 1462 1784 Quasi
1521 1703 1814 1772 diceret:
1881 1702 2138 1770 Idcirco

577 1815 724 1882 dico
755 1814 939 1906 quod
981 1836 1134 1906 spes
1191 1811 1548 1882 consolata
1586 1820 1687 1880 est
1730 1834 1866 1890 me,
1905 1835 1938 1876 α
1972 1812 2140 1903 quia

576 1922 923 2013 eloquium
963 1931 1189 2003 tuum,
1227 1949 1261 1983 »
1306 1921 1426 2012 qui
1455 1929 1600 1988 tam
1630 1942 1859 2005 verm,
1896 1928 1962 1987 et
1990 1942 2140 1987 cer-

577 2036 709 2108 tuS,
754 2036 818 2097 et
848 2027 1022 2097 fixus
1052 2050 1148 2107 eS,
1196 2056 1229 2091 «
1262 2028 1643 2115 vivificavit
1688 2050 1818 2106 me,
1874 2054 1907 2089 »ν
1940 2028 2139 2095 viva-

578 2158 725 2205 cem
766 2133 1185 2203 intellectum
1218 2142 1286 2204 et
1317 2133 1639 2203 affectum
1686 2132 2001 2225 praebuit,
2030 2213 2036 2219 ,
2065 2140 2141 2200 ut

577 2265 944 2334 sperarem.
978 2241 1194 2312 Levit.
1259 2265 1452 2323 xvm,
1497 2244 1581 2311 5:
1647 2241 2000 2311 Custodite
2039 2240 2140 2308 le-

573 2374 690 2442 qes
737 2373 947 2430 meas,
1005 2359 1212 2440 atque
1273 2347 1590 2438 judicia,
1658 2372 1811 2440 quoe
1874 2349 2139 2439 jaciens

576 2457 803 2544 homo,
839 2459 1013 2526 vicet
1067 2458 1140 2526 in
1207 2459 1326 2527 eis.
1361 2457 1642 2526 Denter.
1705 2479 1921 2537 xxxn,
1957 2456 2043 2525 46
2074 2463 2141 2525 et

578 2567 660 2634 47
699 2589 716 2634 ε
759 2567 1004 2635 Ponite
1037 2566 1248 2635 corda
1313 2575 1540 2635 vestra
1579 2566 1651 2634 in
1708 2566 1945 2633 omnia
1986 2588 2141 2634 ver-

579 2674 778 2754 ba,...
817 2687 892 2743 ut
920 2674 1263 2744 mandetis
1306 2697 1387 2743 ea
1415 2674 1594 2762 filiis
1641 2674 1881 2742 vestris
1908 2684 2140 2742 custo-

578 2785 726 2853 dire
759 2794 824 2852 et
851 2787 1103 2876 jacere,
1145 2794 1211 2853 et
1258 2781 1551 2875 implere
1593 2784 1937 2863 universa,
1988 2806 2141 2875 quae

570 2892 827 2985 scripta
864 2900 1051 2972 sunt,
1092 2890 1378 2983 supple,
1414 2891 1486 2958 in
1542 2889 1925 2974 volumine,
1967 2892 2140 2981 leqis

574 2999 794 3088 liujus
816 3021 840 3066 .·
862 2999 1031 3090 quia
1060 3021 1201 3067 non
1232 2999 1589 3068 ineassum
1605 3007 1951 3091 praecepta
1977 3008 2141 3066 sunl

577 3106 790 3193 vobis,
848 3106 972 3176 sed
1034 3117 1113 3178 ut
1173 3107 1450 3200 sinquli
1515 3109 1585 3177 in
1641 3110 1739 3178 eis
1796 3108 2134 3178 viverent:

580 3216 795 3287 multo
835 3215 1074 3286 fortius
1119 3240 1272 3311 quae
1321 3216 1575 3311 scripta
1620 3227 1781 3288 sunt
1815 3220 1888 3288 in
1935 3218 2142 3289 volu-

581 3327 765 3394 mine
812 3324 1224 3417 Evangelico
1271 3325 1574 3396 vivifico.
1617 3326 1820 3396 Joan.
1853 3351 1952 3414 vi,
2007 3328 2136 3397 04:

596 3431 804 3500 Verba
840 3455 992 3525 qute
1020 3455 1142 3525 eqo
1179 3431 1449 3501 locutus
1488 3432 1702 3515 vobis,
1751 3437 2041 3528 spiritus
2078 3445 2143 3504 et

584 3541 725 3608 rita
751 3548 936 3608 sunt.
971 3539 1081 3620 Et,
1121 3562 1274 3626 vm,
1304 3541 1391 3609 52
1418 3561 1436 3607 ε
1470 3540 1555 3610 Si
1581 3542 1738 3633 quis
1763 3566 2140 3613 sermonem

585 3669 809 3716 meum
855 3647 1250 3733 sert-averit,
1308 3669 1448 3715 non
1481 3649 1796 3740 qustabil
1858 3663 2140 3721 mortem

586 3759 655 3828 in
683 3768 1039 3829 eternum.

1616 337 1703 407 Ι).
1754 336 1954 403 ALB.
2008 336 2226 406 MAG.
2281 335 2489 404 ORD.
2543 330 2837 399 PRAED.

2246 501 2433 593 quod
2456 499 2676 568 malus
2706 499 2815 577 sit,
2850 498 2978 565 nisi
3012 497 3182 565 alios
3213 500 3471 562 avertat
3504 514 3544 558 a
3583 489 3799 557 bone.

2245 617 2311 677 et
2364 608 2624 698 affligat
2688 629 2829 674 eos,
2889 604 3357 681 Proverb.1n,
3430 600 3563 666 27:
3633 592 3808 664 Noli

2241 717 2603 810 prohibere
2651 716 3032 804 benefacere
3106 735 3285 794 eum,
3341 710 3465 802 qui
3522 713 3749 798 potest
3783 724 3804 766 .·

2249 828 2312 894 si
2341 825 2550 904 valeS,
2585 835 2646 891 et
2686 825 2825 914 ipse
2854 823 3012 889 bene
3037 823 3176 912 fac.
3215 817 3350 885 Sed
3392 838 3533 884 non
3607 814 3804 902 quic:-

2249 936 2378 1002 scit
2414 954 2613 1023 agere
2647 931 2871 1020 inique
2899 937 3135 997 contra
3152 927 3389 994 bonos,
3414 923 3668 990 Jerem.
3710 940 3804 992 ix,

2249 1043 2330 1109 5:
2412 1041 2498 1108 Ut
2562 1039 2793 1128 inique
2856 1044 3155 1128 aqerent,
3225 1030 3490 1122 supple,
3564 1033 3807 1095 contra

2245 1145 2493 1224 bonos,
2541 1142 3043 1221 laboraverunt,
3086 1141 3217 1209 Isa.
3261 1161 3371 1217 Lu,
3415 1139 3501 1205 5:
3560 1132 3809 1204 Domi-

2245 1264 2518 1322 natores
2556 1250 2710 1341 ejus
2748 1252 2979 1341 inique
3021 1257 3263 1338 aqunt.
3318 1246 3608 1335 Propter
3669 1240 3807 1308 hoc

2249 1362 2499 1431 clamat
2553 1360 2896 1436 IIabacuc,
2939 1381 2987 1437 ι,
3051 1359 3173 1425 13:
3249 1358 3479 1441 Quare
3526 1349 3807 1441 respicis

2246 1493 2456 1562 super
2494 1469 2728 1559 iniqua
2766 1474 3060 1558 aqentes,
3105 1474 3168 1532 et
3217 1472 3393 1530 taces
3439 1461 3815 1527 devorante

2246 1580 2462 1670 impio
2490 1577 2867 1666 justiorem
2894 1598 2964 1642 se
2999 1573 3039 1641 ?
3067 1572 3201 1664 Ipsi
3233 1574 3348 1650 ita,
3385 1577 3453 1638 et
3481 1576 3557 1636 tu
3589 1564 3751 1658 quid
3776 1565 3813 1628 ἱ)

2246 1686 2463 1754 Ecce:
2501 1710 2537 1748 α
2575 1685 2631 1752 Α
2679 1683 2823 1775 leqe
2859 1692 3088 1750 autem
3127 1692 3248 1748 tua
3305 1701 3443 1746 non
3491 1674 3810 1744 declina-

2245 1799 2337 1876 vi,
2402 1823 2437 1860 >a
2489 1802 3115 1886 quantumcumque
3184 1813 3293 1859 me
3342 1787 3803 1879 impellerent.

2248 1906 2432 1975 Psal.
2502 1928 2730 1982 cxvin,
2808 1906 2980 1971 102:
3041 1905 3098 1971 A
3126 1900 3416 1991 judiciis
3473 1900 3612 1965 tuis
3668 1916 3809 1964 non

2247 2018 2614 2099 declinavi,
2656 2016 2822 2108 quia
2861 2026 2936 2084 tu
2969 2014 3182 2105 leqem
3232 2011 3534 2105 posuisti
3597 2006 3802 2075 milei.

2243 2130 2405 2213 Job,
2437 2152 2626 2210 xxxi,
2668 2128 2708 2196 7
2737 2151 2751 2195 :
2784 2128 2868 2196 Si
2894 2124 3263 2194 declinavit
3299 2144 3575 2215 qressus
3612 2140 3810 2187 meus

2246 2240 2331 2307 de
2366 2239 2508 2317 via,
2543 2235 2807 2327 supple,
2841 2232 3017 2302 male
3048 2232 3219 2300 mihi
3250 2230 3534 2300 accidat.
3571 2225 3802 2297 Eccle.

2245 2370 2316 2427 x,
2377 2347 2468 2413 4:
2547 2344 2631 2413 Si
2680 2342 2970 2435 spiritus
3006 2347 3415 2432 potestatem
3487 2333 3810 2405 habentis

2247 2450 2626 2521 ascenderit
2662 2472 2867 2542 super
2919 2457 3004 2527 te,
3052 2447 3276 2514 locum
3310 2454 3511 2512 tuum
3549 2465 3634 2510 ne
3689 2440 3808 2506 ‹Ii-

2247 2564 2542 2645 miseris,
2607 2560 2829 2652 legem
2881 2557 3133 2627 scilicet
3195 2555 3344 2625 Dei.
3395 2552 3506 2623 Ad
3542 2551 3802 2643 Ephes.

2250 2695 2342 2754 w,
2378 2671 2514 2740 27:
2563 2668 2796 2738 Nolite
2847 2667 3069 2735 locum
3114 2665 3280 2733 dare
3315 2659 3624 2738 diabolo,
3668 2660 3809 2725 im-

2244 2782 2646 2875 patientiam
2686 2779 2755 2846 in
2795 2772 3344 2844 tribulationibus
3381 2767 3729 2846 habendo,
3766 2788 3809 2831 a

2245 2887 2397 2981 lege
2426 2886 2556 2955 Dei
2587 2882 2985 2955 recedendo,

2340 3237 2375 3278 ι
2415 3212 2681 3280 Memor
2714 3207 2831 3298 sui
2868 3202 3326 3295 judiciorum.
3392 3224 3426 3267 ι
3495 3195 3628 3267 llic
3692 3218 3809 3264 se-

2247 3317 2578 3397 cundum,
2621 3316 2689 3384 in
2720 3335 2856 3405 quo
2886 3313 3109 3403 agitur
3154 3307 3236 3377 de
3294 3303 3624 3383 secundo,
3685 3323 3810 3395 per

2249 3428 2435 3522 quod
2467 3436 2570 3496 est
2597 3427 2666 3494 in
2716 3425 2864 3516 ipso
2901 3420 3280 3491 consolatio
3312 3440 3327 3486 :
3363 3426 3431 3488 et
3486 3416 3815 3485 dicuntur

2249 3537 2405 3606 tria.
2447 3534 2712 3613 Prim0,
2739 3529 3156 3621 judiciorum
3208 3525 3334 3595 Dei
3395 3522 3811 3594 recordatio,

2253 3644 2601 3728 Secundo,
2669 3640 3044 3713 consolatio
3108 3660 3192 3707 ex
3264 3632 3815 3705 consideratione

2252 3753 2393 3833 illa,
2434 3752 2557 3835 ibi,
2605 3780 2639 3815 σι
2680 3751 2775 3818 Et
2814 3746 3205 3820 consolatus
3249 3765 3429 3812 sum.
3477 3766 3511 3809 ι
3550 3737 3816 3815 Tertio,

2253 3863 2536 3934 taedium
2573 3858 2942 3954 quoddam,
2985 3864 3052 3927 et
3078 3855 3299 3925 cordis
3336 3851 3615 3921 al'ssictio
3658 3870 3821 3942 pro-

2253 3982 2407 4064 pter
2441 3968 2625 4038 mala
2671 3967 2916 4047 aliena,
2965 3963 3083 4044 ibi,
3115 3970 3181 4040 ᾗ.
3234 3962 3361 4031 53:
3410 3985 3445 4026 ι
3493 3955 3818 4048 Dejectio

682 4106 717 4144 α
757 4077 1055 4171 Superbi
1093 4078 1332 4171 inique
1387 4077 1710 4172 aqebant.
1766 4106 1801 4147 n
1836 4079 1965 4151 llic
2008 4090 2148 4151 ter-
2253 4077 2476 4148 tenuit
2504 4099 2636 4146 me.
2674 4101 2705 4138 ιι
2742 4073 2856 4143 Sic
2883 4071 3068 4141 enim
3105 4067 3493 4137 divinorum
3518 4063 3821 4156 judicio·

588 4185 786 4266 tium,
829 4184 897 4254 in
929 4208 1064 4279 quo
1094 4186 1450 4279 signanter
1488 4187 1813 4267 ostendit,
1856 4188 2149 4281 qualiter
2254 4210 2408 4257 rum
2442 4181 2908 4255 recordatione
2948 4178 3234 4248 Sanctos
3273 4171 3695 4257 consolatur,
3738 4176 3819 4236 ut

586 4290 984 4362 humiliatus
1017 4292 1247 4376 fuerit,
1281 4302 1350 4364 et
1385 4317 1425 4363 a
1455 4295 1748 4387 quibus:
1792 4305 1861 4365 et
1908 4320 1993 4366 ne
2041 4299 2145 4365 vi·
2254 4299 2467 4368 etiam
2542 4316 2667 4386 pro
2741 4289 2979 4359 alienis
3032 4285 3322 4355 miseriis
3385 4282 3812 4373 affligantur.

584 4400 823 4470 deatur
848 4401 1196 4483 cecidisse,
1232 4401 1372 4472 duo
1401 4409 1805 4497 tanguntur.
1877 4404 2140 4485 Primo,
2256 4401 2653 4475 Secundum
2738 4405 2839 4468 est
2915 4393 3034 4475 ibi,
3114 4418 3149 4459 ι
3230 4393 3327 4460 Et
3415 4389 3818 4460 consolatus

496 4511 509 4522 ’
582 4531 622 4576 a
653 4509 926 4601 quibus,
968 4518 1038 4580 et
1073 4509 1371 4603 qualiter
1419 4510 1867 4603 impugnatus
1911 4510 2140 4594 fuerit,
2250 4494 2435 4582 sum.⁸
2480 4533 2516 4577 s
2582 4506 2913 4588 Tertium,
2967 4500 3084 4588 ibi,
3122 4527 3157 4565 α
3215 4498 3522 4590 Desectio
3589 4495 3817 4566 tenuit

583 4625 651 4686 et
703 4615 1016 4701 amictus,
1077 4619 1240 4711 quia
1302 4615 1346 4687 a
1394 4618 1710 4712 superbis
1778 4628 1846 4690 et
1913 4621 2145 4714 inique
2253 4644 2386 4691 me.
2425 4644 2459 4685 ι

582 4722 942 4816 agentibus
975 4721 1200 4795 valde.
1264 4723 1612 4806 Secundo,
1660 4725 1954 4818 qualiter
2007 4735 2147 4797 ste·
2341 4724 2526 4796 Dicit
2563 4741 2771 4814 ergo:
2823 4717 2937 4786 Sic
2999 4713 3541 4786 consolationem
3596 4707 3814 4780 habui

582 4834 763 4914 ¹⁰⁶¹·
807 4832 926 4917 lbi·
962 4862 997 4899 α
1036 4835 1093 4905 Α
1130 4833 1280 4928 leqe
1306 4844 1542 4905 autem
1563 4845 1712 4906 tua.
1757 4865 1792 4900 n
2255 4835 2326 4903 in
2362 4828 2719 4927 promissis
2762 4827 2919 4906 tuis,
2954 4832 3021 4894 et
3069 4822 3276 4893 etiam
3316 4849 3351 4887 α
3393 4841 3657 4889 memor
3690 4815 3817 4908 lui

668 4940 847 5011 Dicit
883 4964 1090 5035 ergo:
1135 4941 1254 5013 Sic
1290 4941 1430 5011 dixi
1461 4966 1573 5013 me
1603 4942 2033 5014 consolatum
2072 4944 2141 5013 in

581 5048 1082 5134 humiliatione,
1114 5056 1183 5120 et
1217 5072 1382 5120 vere
1422 5051 1496 5120 in
1551 5049 2033 5122 humiliatione
2074 5060 2143 5123 et

579 5161 998 5251 dejectione:
1040 5161 1205 5256 quia
1274 5190 1304 5227 ιι
1342 5162 1627 5257 superbi
1664 5188 1700 5230 ι
1741 5171 2142 5257 persecuto-

582 5291 687 5338 res
715 5270 877 5351 mei,
930 5269 1047 5363 qui
1104 5266 1435 5339 nolebant
1488 5269 1617 5339 sub
1656 5279 1723 5341 te
1761 5270 2139 5353 humiliari,

589 5405 622 5439 α
661 5377 896 5471 inique
932 5377 1258 5471 aqebant‚
1302 5403 1338 5445 ι
1399 5388 1641 5451 contra
1698 5403 1834 5465 me,
1879 5389 1947 5452 et
2000 5402 2141 5450 non

578 5507 852 5578 parum,
894 5485 1036 5556 imo
1113 5514 1143 5551 α
1207 5509 1727 5581 usquequaque,
1791 5517 1828 5555 n
1878 5489 1948 5558 id
2011 5495 2140 5575 est,

583 5591 921 5663 multum:
962 5591 1143 5662 unde
1183 5590 1320 5662 alia
1356 5592 1587 5665 littera
1641 5594 1875 5680 habet,
1909 5625 1947 5663 σε
2004 5593 2144 5666 Us-

2239 4944 2687 5036 judiciorum
2717 4948 3019 5017 tuorum,
3058 4957 3101 5004 o
3127 4933 3444 5019 Domine,
3482 4956 3519 5000 a
3560 4927 3814 5000 Domi·

2252 5076 2364 5134 ne,
2438 5053 2749 5144 inquam,
2802 5075 2836 5113 α
2886 5069 2930 5115 a
2964 5042 3239 5128 saeeulo,
3282 5067 3318 5109 s
3364 5063 3449 5111 ex
3495 5061 3634 5132 quo
3680 5036 3815 5106 fuit

2251 5165 2361 5232 cui
2436 5181 2673 5253 posses
2735 5153 3095 5225 dominari.
3157 5150 3618 5228 Iudiciorum,
3697 5147 3814 5213 in-

2252 5293 2489 5363 quam,
2552 5267 2715 5360 quia
2763 5262 2981 5335 malos
3037 5261 3277 5355 punies
3311 5260 3383 5328 in
3438 5264 3806 5326 aeternum.

2252 5378 2362 5447 Ad
2386 5377 2524 5448 hoc
2559 5376 2743 5446 enim
2788 5378 3025 5442 monet
3064 5366 3223 5448 Job,
3276 5388 3419 5448 xix,
3481 5367 3568 5433 29
3604 5387 3621 5435 ε
3656 5366 3816 5435 Fu-

2248 5485 2396 5575 qite
2449 5508 2494 5552 a
2534 5483 2719 5574 jacie
2757 5477 3013 5570 qladii,
3058 5472 3383 5566 quoniam
3433 5470 3625 5540 ultor
3662 5468 3814 5538 ini-

2252 5595 2608 5685 quitatum
2678 5588 2963 5683 qladius
3024 5592 3167 5654 est:
3223 5591 3287 5651 et
3356 5582 3594 5651 scitote
3663 5599 3812 5648 esse

587 5723 720 5794 que
755 5701 977 5772 valde.
1012 5728 1048 5767 n
1091 5699 1411 5792 Superbo
1459 5705 1645 5773 enim
1692 5727 1832 5776 non
1863 5703 2136 5783 sufficit,
2238 5700 2632 5791 judicium,
2665 5698 2749 5769 de
2777 5718 2915 5789 quo
2945 5689 3166 5762 noluit
3193 5689 3441 5782 impius
3470 5688 3804 5781 cogitare.

3868 5132 4021 5249 52³!ss
4031 5199 4129 5233 m
