<?xml version="1.0" encoding="UTF-8"?>
<!DOCTYPE html PUBLIC "-//W3C//DTD XHTML 1.0 Transitional//EN"
    "http://www.w3.org/TR/xhtml1/DTD/xhtml1-transitional.dtd">
<html xmlns="http://www.w3.org/1999/xhtml" xml:lang="en" lang="en">
 <head>
  <title>
</title>
<meta http-equiv="Content-Type" content="text/html;charset=utf-8" />
  <meta name='ocr-system' content='tesseract 3.04.00' />
  <meta name='ocr-capabilities' content='ocr_page ocr_carea ocr_par ocr_line ocrx_word'/>
</head>
<body>
  <div class='ocr_page' id='page_1' title='image "balbertimagnira02chgoog_0301.png"; bbox 0 0 5008 6329; ppageno 0'>
   <div class='ocr_carea' id='block_1_1' title="bbox 1859 334 3565 408">
    <p class='ocr_par' dir='ltr' id='par_1_1' title="bbox 1859 334 3565 408">
     <span class='ocr_line' id='line_1_1' title="bbox 1859 334 3565 408; baseline 0.002 -5"><span class='ocrx_word' id='word_1_1' title='bbox 1859 334 2575 408; x_wconf 84' lang='lat' dir='ltr'><strong>COMMENTARIUS</strong></span> <span class='ocrx_word' id='word_1_2' title='bbox 2624 338 2719 406; x_wconf 87' lang='lat' dir='ltr'><strong>IN</strong></span> <span class='ocrx_word' id='word_1_3' title='bbox 2767 338 3206 407; x_wconf 74' lang='lat' dir='ltr'><strong>PSALMUM</strong></span> <span class='ocrx_word' id='word_1_4' title='bbox 3256 338 3565 407; x_wconf 86' lang='lat' dir='ltr'><strong>CXVIII.</strong></span> 
     </span>
    </p>
   </div>
   <div class='ocr_carea' id='block_1_2' title="bbox 1093 504 2658 1571">
    <p class='ocr_par' dir='ltr' id='par_1_2' title="bbox 1093 504 2658 1571">
     <span class='ocr_line' id='line_1_2' title="bbox 1103 504 2655 590; baseline 0.002 -20"><span class='ocrx_word' id='word_1_5' title='bbox 1103 504 1288 570; x_wconf 88' lang='lat' dir='ltr'><strong>dasti</strong></span> <span class='ocrx_word' id='word_1_6' title='bbox 1325 514 1609 590; x_wconf 84' lang='lat' dir='ltr'><strong>terram,</strong></span> <span class='ocrx_word' id='word_1_7' title='bbox 1641 535 1672 568; x_wconf 90' lang='lat'>»</span> <span class='ocrx_word' id='word_1_8' title='bbox 1706 507 2246 577; x_wconf 79' lang='lat' dir='ltr'><strong>irrationabilem</strong></span> <span class='ocrx_word' id='word_1_9' title='bbox 2277 516 2655 577; x_wconf 86' lang='lat' dir='ltr'><strong>creaturam</strong></span> 
     </span>
     <span class='ocr_line' id='line_1_3' title="bbox 1101 612 2658 705; baseline 0.002 -29"><span class='ocrx_word' id='word_1_10' title='bbox 1101 612 1439 690; x_wconf 87' lang='lat' dir='ltr'><strong>intimam,</strong></span> <span class='ocrx_word' id='word_1_11' title='bbox 1483 641 1513 675; x_wconf 95' lang='lat'>«</span> <span class='ocrx_word' id='word_1_12' title='bbox 1547 624 1613 681; x_wconf 90' lang='lat' dir='ltr'><strong>et</strong></span> <span class='ocrx_word' id='word_1_13' title='bbox 1664 625 2049 705; x_wconf 83' lang='lat' dir='ltr'><strong>permanet,</strong></span> <span class='ocrx_word' id='word_1_14' title='bbox 2089 641 2122 678; x_wconf 68' lang='lat' dir='ltr'><strong>n</strong></span> <span class='ocrx_word' id='word_1_15' title='bbox 2158 617 2335 684; x_wconf 92' lang='lat' dir='ltr'><strong>sicut</strong></span> <span class='ocrx_word' id='word_1_16' title='bbox 2374 623 2473 682; x_wconf 88' lang='lat' dir='ltr'><strong>est</strong></span> <span class='ocrx_word' id='word_1_17' title='bbox 2510 614 2658 680; x_wconf 87' lang='lat' dir='ltr'><strong>fun·</strong></span> 
     </span>
     <span class='ocr_line' id='line_1_4' title="bbox 1101 718 2655 812; baseline 0 -27"><span class='ocrx_word' id='word_1_18' title='bbox 1101 718 1284 786; x_wconf 87' lang='lat' dir='ltr'><strong>data.</strong></span> <span class='ocrx_word' id='word_1_19' title='bbox 1325 718 1543 789; x_wconf 90' lang='lat' dir='ltr'><strong>Eccle.</strong></span> <span class='ocrx_word' id='word_1_20' title='bbox 1589 747 1635 804; x_wconf 90' lang='lat'><strong>1,</strong></span> <span class='ocrx_word' id='word_1_21' title='bbox 1673 724 1712 788; x_wconf 73' lang='lat' dir='ltr'><strong>-t</strong></span> <span class='ocrx_word' id='word_1_22' title='bbox 1748 744 1763 789; x_wconf 73' lang='grc' dir='ltr'>ε</span> <span class='ocrx_word' id='word_1_23' title='bbox 1814 724 2178 792; x_wconf 85' lang='lat' dir='ltr'><strong>Generatio</strong></span> <span class='ocrx_word' id='word_1_24' title='bbox 2208 724 2540 812; x_wconf 67' lang='lat' dir='ltr'><strong>pra-terit,</strong></span> <span class='ocrx_word' id='word_1_25' title='bbox 2591 730 2655 789; x_wconf 89' lang='lat' dir='ltr'><strong>et</strong></span> 
     </span>
     <span class='ocr_line' id='line_1_5' title="bbox 1095 831 2654 918; baseline 0.001 -23"><span class='ocrx_word' id='word_1_26' title='bbox 1095 831 1446 918; x_wconf 73' lang='lat' dir='ltr'><strong>qeneratio</strong></span> <span class='ocrx_word' id='word_1_27' title='bbox 1494 834 1797 909; x_wconf 86' lang='lat' dir='ltr'><strong>advenit,</strong></span> <span class='ocrx_word' id='word_1_28' title='bbox 1853 842 2038 897; x_wconf 87' lang='lat' dir='ltr'><strong>terra</strong></span> <span class='ocrx_word' id='word_1_29' title='bbox 2089 841 2320 898; x_wconf 89' lang='lat' dir='ltr'><strong>autem</strong></span> <span class='ocrx_word' id='word_1_30' title='bbox 2362 833 2430 898; x_wconf 88' lang='lat' dir='ltr'><strong>in</strong></span> <span class='ocrx_word' id='word_1_31' title='bbox 2466 843 2654 899; x_wconf 74' lang='lat' dir='ltr'><strong>oeter-</strong></span> 
     </span>
     <span class='ocr_line' id='line_1_6' title="bbox 1098 940 2655 1030; baseline 0.003 -27"><span class='ocrx_word' id='word_1_32' title='bbox 1098 960 1265 1005; x_wconf 87' lang='lat' dir='ltr'><strong>num</strong></span> <span class='ocrx_word' id='word_1_33' title='bbox 1294 950 1457 1021; x_wconf 90' lang='lat' dir='ltr'><strong>stat,</strong></span> <span class='ocrx_word' id='word_1_34' title='bbox 1485 950 1838 1030; x_wconf 88' lang='lat' dir='ltr'><strong>tamquam</strong></span> <span class='ocrx_word' id='word_1_35' title='bbox 1862 962 1902 1006; x_wconf 93' lang='lat' dir='ltr'><strong>a</strong></span> <span class='ocrx_word' id='word_1_36' title='bbox 1924 940 2068 1008; x_wconf 90' lang='lat' dir='ltr'><strong>Deo</strong></span> <span class='ocrx_word' id='word_1_37' title='bbox 2088 940 2392 1009; x_wconf 88' lang='lat' dir='ltr'><strong>fundata.</strong></span> <span class='ocrx_word' id='word_1_38' title='bbox 2423 941 2655 1010; x_wconf 90' lang='lat' dir='ltr'><strong>Manet</strong></span> 
     </span>
     <span class='ocr_line' id='line_1_7' title="bbox 1097 1046 2651 1140; baseline 0.002 -27"><span class='ocrx_word' id='word_1_39' title='bbox 1097 1055 1327 1115; x_wconf 92' lang='lat' dir='ltr'><strong>autem</strong></span> <span class='ocrx_word' id='word_1_40' title='bbox 1354 1055 1688 1139; x_wconf 91' lang='lat' dir='ltr'><strong>quantum</strong></span> <span class='ocrx_word' id='word_1_41' title='bbox 1725 1047 1810 1115; x_wconf 88' lang='lat' dir='ltr'><strong>ad</strong></span> <span class='ocrx_word' id='word_1_42' title='bbox 1834 1046 2313 1129; x_wconf 78' lang='lat' dir='ltr'><strong>substantiam,</strong></span> <span class='ocrx_word' id='word_1_43' title='bbox 2336 1051 2651 1140; x_wconf 85' lang='lat' dir='ltr'><strong>quamvis</strong></span> 
     </span>
     <span class='ocr_line' id='line_1_8' title="bbox 1095 1156 2647 1248; baseline 0.002 -29"><span class='ocrx_word' id='word_1_44' title='bbox 1095 1156 1462 1223; x_wconf 89' lang='lat' dir='ltr'><strong>transitura</strong></span> <span class='ocrx_word' id='word_1_45' title='bbox 1499 1157 1586 1221; x_wconf 90' lang='lat' dir='ltr'><strong>sit</strong></span> <span class='ocrx_word' id='word_1_46' title='bbox 1638 1163 1971 1244; x_wconf 87' lang='lat' dir='ltr'><strong>quantum</strong></span> <span class='ocrx_word' id='word_1_47' title='bbox 2012 1156 2097 1224; x_wconf 93' lang='lat' dir='ltr'><strong>ad</strong></span> <span class='ocrx_word' id='word_1_48' title='bbox 2149 1157 2465 1248; x_wconf 83' lang='lat' dir='ltr'><strong>figuram.</strong></span> <span class='ocrx_word' id='word_1_49' title='bbox 2501 1157 2532 1225; x_wconf 93' lang='grc' dir='ltr'>Ι</span> <span class='ocrx_word' id='word_1_50' title='bbox 2562 1157 2647 1223; x_wconf 87' lang='lat' dir='ltr'><strong>ad</strong></span> 
     </span>
     <span class='ocr_line' id='line_1_9' title="bbox 1095 1263 2649 1357; baseline 0 -25"><span class='ocrx_word' id='word_1_51' title='bbox 1095 1263 1400 1332; x_wconf 83' lang='lat' dir='ltr'><strong>Corinth.</strong></span> <span class='ocrx_word' id='word_1_52' title='bbox 1435 1288 1553 1341; x_wconf 84' lang='lat' dir='ltr'><strong>vn,</strong></span> <span class='ocrx_word' id='word_1_53' title='bbox 1599 1266 1678 1334; x_wconf 87' lang='grc'><strong>31</strong></span> <span class='ocrx_word' id='word_1_54' title='bbox 1720 1289 1735 1333; x_wconf 84' lang='grc'>;</span> <span class='ocrx_word' id='word_1_55' title='bbox 1772 1267 2088 1334; x_wconf 62' lang='lat' dir='ltr'><strong>Praeterit</strong></span> <span class='ocrx_word' id='word_1_56' title='bbox 2141 1268 2377 1357; x_wconf 77' lang='lat' dir='ltr'><strong>fiqura</strong></span> <span class='ocrx_word' id='word_1_57' title='bbox 2430 1266 2649 1355; x_wconf 73' lang='lat' dir='ltr'><strong>liujus</strong></span> 
     </span>
     <span class='ocr_line' id='line_1_10' title="bbox 1095 1371 2652 1465; baseline 0.003 -27"><span class='ocrx_word' id='word_1_58' title='bbox 1095 1372 1360 1440; x_wconf 87' lang='lat' dir='ltr'><strong>mundi.</strong></span> <span class='ocrx_word' id='word_1_59' title='bbox 1396 1371 1548 1451; x_wconf 82' lang='lat' dir='ltr'><strong>Vel,</strong></span> <span class='ocrx_word' id='word_1_60' title='bbox 1582 1380 1762 1439; x_wconf 87' lang='lat' dir='ltr'><strong>terra</strong></span> <span class='ocrx_word' id='word_1_61' title='bbox 1782 1375 1988 1442; x_wconf 89' lang='lat' dir='ltr'><strong>etiam</strong></span> <span class='ocrx_word' id='word_1_62' title='bbox 2015 1381 2236 1465; x_wconf 90' lang='lat' dir='ltr'><strong>potest</strong></span> <span class='ocrx_word' id='word_1_63' title='bbox 2266 1374 2396 1442; x_wconf 89' lang='lat' dir='ltr'><strong>dici</strong></span> <span class='ocrx_word' id='word_1_64' title='bbox 2425 1374 2652 1442; x_wconf 86' lang='lat' dir='ltr'><strong>Eccle-</strong></span> 
     </span>
     <span class='ocr_line' id='line_1_11' title="bbox 1093 1480 2650 1571; baseline 0.002 -25"><span class='ocrx_word' id='word_1_65' title='bbox 1093 1483 1216 1549; x_wconf 87' lang='lat' dir='ltr'><strong>sia.</strong></span> <span class='ocrx_word' id='word_1_66' title='bbox 1255 1480 1501 1571; x_wconf 88' lang='lat' dir='ltr'><strong>Supra,</strong></span> <span class='ocrx_word' id='word_1_67' title='bbox 1542 1481 1610 1547; x_wconf 89' lang='lat' dir='ltr'><strong>in</strong></span> <span class='ocrx_word' id='word_1_68' title='bbox 1654 1482 1833 1549; x_wconf 86' lang='lat' dir='ltr'><strong>Psal.</strong></span> <span class='ocrx_word' id='word_1_69' title='bbox 1886 1505 2162 1561; x_wconf 74' lang='lat' dir='ltr'><strong>Lxxxw,</strong></span> <span class='ocrx_word' id='word_1_70' title='bbox 2207 1485 2246 1550; x_wconf 90' lang='grc'>2</span> <span class='ocrx_word' id='word_1_71' title='bbox 2293 1506 2308 1550; x_wconf 87' lang='lat'>:</span> <span class='ocrx_word' id='word_1_72' title='bbox 2350 1482 2650 1551; x_wconf 88' lang='lat' dir='ltr'><strong>Benedi-</strong></span> 
     </span>
    </p>
   </div>
   <div class='ocr_carea' id='block_1_3' title="bbox 951 1588 2648 1671">
    <p class='ocr_par' dir='ltr' id='par_1_3' title="bbox 951 1588 2648 1671">
     <span class='ocr_line' id='line_1_12' title="bbox 951 1588 2648 1671; baseline 0.002 -17"><span class='ocrx_word' id='word_1_73' title='bbox 951 1650 967 1668; x_wconf 79' lang='lat'>‚</span> <span class='ocrx_word' id='word_1_74' title='bbox 1090 1588 1286 1671; x_wconf 73' lang='lat' dir='ltr'><strong>xisti,</strong></span> <span class='ocrx_word' id='word_1_75' title='bbox 1355 1589 1672 1667; x_wconf 88' lang='lat' dir='ltr'><strong>Domine,</strong></span> <span class='ocrx_word' id='word_1_76' title='bbox 1736 1600 1992 1657; x_wconf 88' lang='lat' dir='ltr'><strong>terram</strong></span> <span class='ocrx_word' id='word_1_77' title='bbox 2048 1600 2268 1659; x_wconf 88' lang='lat' dir='ltr'><strong>tuam.</strong></span> <span class='ocrx_word' id='word_1_78' title='bbox 2339 1589 2420 1655; x_wconf 84' lang='lat' dir='ltr'><strong>Et</strong></span> <span class='ocrx_word' id='word_1_79' title='bbox 2471 1589 2648 1657; x_wconf 90' lang='lat' dir='ltr'><strong>hanc</strong></span> 
     </span>
    </p>
   </div>
   <div class='ocr_carea' id='block_1_4' title="bbox 1081 1693 2649 3401">
    <p class='ocr_par' dir='ltr' id='par_1_4' title="bbox 1090 1693 2648 2109">
     <span class='ocr_line' id='line_1_13' title="bbox 1093 1693 2648 1789; baseline 0.001 -28"><span class='ocrx_word' id='word_1_80' title='bbox 1093 1693 1432 1762; x_wconf 88' lang='lat' dir='ltr'><strong>Dominus</strong></span> <span class='ocrx_word' id='word_1_81' title='bbox 1463 1696 1797 1765; x_wconf 88' lang='lat' dir='ltr'><strong>fundavit.</strong></span> <span class='ocrx_word' id='word_1_82' title='bbox 1823 1696 1953 1765; x_wconf 91' lang='lat' dir='ltr'><strong>Isa.</strong></span> <span class='ocrx_word' id='word_1_83' title='bbox 1988 1720 2075 1778; x_wconf 78' lang='lat' dir='ltr'><strong>m,</strong></span> <span class='ocrx_word' id='word_1_84' title='bbox 2116 1698 2238 1764; x_wconf 82' lang='lat'><strong>16:</strong></span> <span class='ocrx_word' id='word_1_85' title='bbox 2272 1699 2360 1767; x_wconf 88' lang='lat' dir='ltr'><strong>Ut</strong></span> <span class='ocrx_word' id='word_1_86' title='bbox 2374 1698 2648 1789; x_wconf 85' lang='lat' dir='ltr'><strong>plantes</strong></span> 
     </span>
     <span class='ocr_line' id='line_1_14' title="bbox 1093 1803 2639 1895; baseline -0.001 -23"><span class='ocrx_word' id='word_1_87' title='bbox 1093 1803 1319 1884; x_wconf 86' lang='lat' dir='ltr'><strong>coelos,</strong></span> <span class='ocrx_word' id='word_1_88' title='bbox 1344 1813 1410 1871; x_wconf 87' lang='lat' dir='ltr'><strong>et</strong></span> <span class='ocrx_word' id='word_1_89' title='bbox 1426 1804 1680 1895; x_wconf 70' lang='lat' dir='ltr'><strong>fundes</strong></span> <span class='ocrx_word' id='word_1_90' title='bbox 1708 1814 1987 1872; x_wconf 89' lang='lat' dir='ltr'><strong>terram.</strong></span> <span class='ocrx_word' id='word_1_91' title='bbox 2022 1804 2350 1873; x_wconf 86' lang='lat' dir='ltr'><strong>Proverb.</strong></span> <span class='ocrx_word' id='word_1_92' title='bbox 2379 1828 2475 1889; x_wconf 84' lang='grc' dir='ltr'>ιιι,</span> <span class='ocrx_word' id='word_1_93' title='bbox 2516 1808 2592 1872; x_wconf 82' lang='grc'><strong>19</strong></span> <span class='ocrx_word' id='word_1_94' title='bbox 2625 1828 2639 1871; x_wconf 91' lang='lat'><strong>:</strong></span> 
     </span>
     <span class='ocr_line' id='line_1_15' title="bbox 1101 1912 2639 2003; baseline 0 -24"><span class='ocrx_word' id='word_1_95' title='bbox 1101 1913 1436 1980; x_wconf 81' lang='lat' dir='ltr'><strong>Dominus</strong></span> <span class='ocrx_word' id='word_1_96' title='bbox 1459 1914 1802 2003; x_wconf 78' lang='lat' dir='ltr'><strong>sapientia</strong></span> <span class='ocrx_word' id='word_1_97' title='bbox 1837 1935 1969 1981; x_wconf 89' lang='lat' dir='ltr'><strong>sua</strong></span> <span class='ocrx_word' id='word_1_98' title='bbox 1993 1912 2325 2003; x_wconf 70' lang='lat' dir='ltr'><strong>fundavit</strong></span> <span class='ocrx_word' id='word_1_99' title='bbox 2361 1923 2639 1993; x_wconf 87' lang='lat' dir='ltr'><strong>terram,</strong></span> 
     </span>
     <span class='ocr_line' id='line_1_16' title="bbox 1090 2015 2097 2109; baseline 0.005 -26"><span class='ocrx_word' id='word_1_100' title='bbox 1090 2015 1434 2084; x_wconf 81' lang='lat' dir='ltr'><strong>stabilivit</strong></span> <span class='ocrx_word' id='word_1_101' title='bbox 1459 2018 1662 2085; x_wconf 87' lang='lat' dir='ltr'><strong>coelos</strong></span> <span class='ocrx_word' id='word_1_102' title='bbox 1694 2018 2097 2109; x_wconf 85' lang='lat' dir='ltr'><strong>prudentia.</strong></span> 
     </span>
    </p>

    <p class='ocr_par' dir='ltr' id='par_1_5' title="bbox 1081 2127 2649 3401">
     <span class='ocr_line' id='line_1_17' title="bbox 1186 2127 2645 2220; baseline 0.005 -31"><span class='ocrx_word' id='word_1_103' title='bbox 1186 2149 1219 2189; x_wconf 71' lang='grc' dir='ltr'>ι</span> <span class='ocrx_word' id='word_1_104' title='bbox 1264 2127 1361 2192; x_wconf 80' lang='lat' dir='ltr'><strong>Et</strong></span> <span class='ocrx_word' id='word_1_105' title='bbox 1383 2135 1764 2216; x_wconf 86' lang='lat' dir='ltr'><strong>permanet,</strong></span> <span class='ocrx_word' id='word_1_106' title='bbox 1811 2151 1846 2192; x_wconf 67' lang='grc' dir='ltr'>ι</span> <span class='ocrx_word' id='word_1_107' title='bbox 1905 2149 2045 2195; x_wconf 91' lang='lat' dir='ltr'><strong>non</strong></span> <span class='ocrx_word' id='word_1_108' title='bbox 2111 2150 2375 2208; x_wconf 85' lang='lat' dir='ltr'><strong>casura,</strong></span> <span class='ocrx_word' id='word_1_109' title='bbox 2420 2150 2645 2220; x_wconf 90' lang='lat' dir='ltr'><strong>quan-</strong></span> 
     </span>
     <span class='ocr_line' id='line_1_18' title="bbox 1093 2236 2642 2324; baseline 0.003 -26"><span class='ocrx_word' id='word_1_110' title='bbox 1093 2240 1536 2324; x_wconf 89' lang='lat' dir='ltr'><strong>tumcumque</strong></span> <span class='ocrx_word' id='word_1_111' title='bbox 1602 2236 2033 2304; x_wconf 90' lang='lat' dir='ltr'><strong>concutiatur</strong></span> <span class='ocrx_word' id='word_1_112' title='bbox 2065 2258 2081 2304; x_wconf 75' lang='grc' dir='ltr'><strong><em>ε</em></strong></span> <span class='ocrx_word' id='word_1_113' title='bbox 2135 2236 2413 2305; x_wconf 81' lang='lat' dir='ltr'><strong>fundata</strong></span> <span class='ocrx_word' id='word_1_114' title='bbox 2460 2239 2642 2304; x_wconf 90' lang='lat' dir='ltr'><strong>enim</strong></span> 
     </span>
     <span class='ocr_line' id='line_1_19' title="bbox 1093 2340 2640 2431; baseline 0.004 -24"><span class='ocrx_word' id='word_1_115' title='bbox 1093 2348 1194 2408; x_wconf 91' lang='lat' dir='ltr'><strong>est</strong></span> <span class='ocrx_word' id='word_1_116' title='bbox 1232 2364 1439 2431; x_wconf 84' lang='lat' dir='ltr'><strong>super</strong></span> <span class='ocrx_word' id='word_1_117' title='bbox 1459 2340 1832 2411; x_wconf 89' lang='lat' dir='ltr'><strong>Christum.</strong></span> <span class='ocrx_word' id='word_1_118' title='bbox 1863 2343 1887 2409; x_wconf 93' lang='lat' dir='ltr'><strong>l</strong></span> <span class='ocrx_word' id='word_1_119' title='bbox 1919 2344 2006 2412; x_wconf 92' lang='lat' dir='ltr'><strong>ad</strong></span> <span class='ocrx_word' id='word_1_120' title='bbox 2035 2343 2346 2414; x_wconf 85' lang='lat' dir='ltr'><strong>Corinth.</strong></span> <span class='ocrx_word' id='word_1_121' title='bbox 2381 2368 2479 2431; x_wconf 83' lang='grc' dir='ltr'>ιιι,</span> <span class='ocrx_word' id='word_1_122' title='bbox 2510 2347 2578 2412; x_wconf 81' lang='lat'><strong>11</strong></span> <span class='ocrx_word' id='word_1_123' title='bbox 2625 2366 2640 2413; x_wconf 77' lang='lat' dir='ltr'><strong>t</strong></span> 
     </span>
     <span class='ocr_line' id='line_1_20' title="bbox 1091 2450 2644 2545; baseline 0.004 -30"><span class='ocrx_word' id='word_1_124' title='bbox 1091 2450 1653 2519; x_wconf 77' lang='lat' dir='ltr'><strong>Fundamentum</strong></span> <span class='ocrx_word' id='word_1_125' title='bbox 1673 2451 1881 2519; x_wconf 85' lang='lat' dir='ltr'><strong>aliud</strong></span> <span class='ocrx_word' id='word_1_126' title='bbox 1905 2475 2102 2520; x_wconf 89' lang='lat' dir='ltr'><strong>nemo</strong></span> <span class='ocrx_word' id='word_1_127' title='bbox 2125 2464 2347 2545; x_wconf 86' lang='lat' dir='ltr'><strong>potest</strong></span> <span class='ocrx_word' id='word_1_128' title='bbox 2369 2476 2644 2545; x_wconf 86' lang='lat' dir='ltr'><strong>ponere,</strong></span> 
     </span>
     <span class='ocr_line' id='line_1_21' title="bbox 1084 2558 2649 2651; baseline 0.001 -28"><span class='ocrx_word' id='word_1_129' title='bbox 1084 2565 1336 2647; x_wconf 70' lang='lat' dir='ltr'><strong>praeter</strong></span> <span class='ocrx_word' id='word_1_130' title='bbox 1392 2558 1469 2624; x_wconf 88' lang='lat' dir='ltr'><strong>id</strong></span> <span class='ocrx_word' id='word_1_131' title='bbox 1528 2559 1720 2649; x_wconf 87' lang='lat' dir='ltr'><strong>quod</strong></span> <span class='ocrx_word' id='word_1_132' title='bbox 1774 2561 2080 2650; x_wconf 83' lang='lat' dir='ltr'><strong>positum</strong></span> <span class='ocrx_word' id='word_1_133' title='bbox 2137 2571 2259 2639; x_wconf 83' lang='lat' dir='ltr'><strong>est,</strong></span> <span class='ocrx_word' id='word_1_134' title='bbox 2312 2560 2501 2651; x_wconf 86' lang='lat' dir='ltr'><strong>quod</strong></span> <span class='ocrx_word' id='word_1_135' title='bbox 2552 2568 2649 2627; x_wconf 86' lang='lat' dir='ltr'><strong>est</strong></span> 
     </span>
     <span class='ocr_line' id='line_1_22' title="bbox 1092 2664 2646 2755; baseline 0.001 -24"><span class='ocrx_word' id='word_1_136' title='bbox 1092 2664 1405 2731; x_wconf 72' lang='lat' dir='ltr'><strong>Christus</strong></span> <span class='ocrx_word' id='word_1_137' title='bbox 1421 2666 1642 2734; x_wconf 78' lang='lat' dir='ltr'><strong>lesus.</strong></span> <span class='ocrx_word' id='word_1_138' title='bbox 1672 2665 1961 2755; x_wconf 82' lang='lat' dir='ltr'><strong>Propter</strong></span> <span class='ocrx_word' id='word_1_139' title='bbox 1981 2666 2111 2735; x_wconf 88' lang='lat' dir='ltr'><strong>hoc</strong></span> <span class='ocrx_word' id='word_1_140' title='bbox 2130 2667 2387 2735; x_wconf 90' lang='lat' dir='ltr'><strong>dictum</strong></span> <span class='ocrx_word' id='word_1_141' title='bbox 2410 2674 2510 2735; x_wconf 88' lang='lat' dir='ltr'><strong>est</strong></span> <span class='ocrx_word' id='word_1_142' title='bbox 2536 2689 2646 2733; x_wconf 91' lang='lat' dir='ltr'><strong>su-</strong></span> 
     </span>
     <span class='ocr_line' id='line_1_23' title="bbox 1089 2770 2642 2863; baseline 0.001 -27"><span class='ocrx_word' id='word_1_143' title='bbox 1089 2792 1232 2859; x_wconf 90' lang='lat' dir='ltr'><strong>pra,</strong></span> <span class='ocrx_word' id='word_1_144' title='bbox 1258 2771 1330 2837; x_wconf 91' lang='lat' dir='ltr'><strong>in</strong></span> <span class='ocrx_word' id='word_1_145' title='bbox 1357 2770 1535 2837; x_wconf 81' lang='lat' dir='ltr'><strong>I‘sal.</strong></span> <span class='ocrx_word' id='word_1_146' title='bbox 1571 2794 1706 2854; x_wconf 85' lang='lat' dir='ltr'><strong>cm,</strong></span> <span class='ocrx_word' id='word_1_147' title='bbox 1742 2775 1782 2840; x_wconf 79' lang='lat'>5</span> <span class='ocrx_word' id='word_1_148' title='bbox 1821 2795 1836 2839; x_wconf 74' lang='grc' dir='ltr'>ε</span> <span class='ocrx_word' id='word_1_149' title='bbox 1879 2774 2017 2857; x_wconf 83' lang='lat' dir='ltr'><strong>Qui</strong></span> <span class='ocrx_word' id='word_1_150' title='bbox 2042 2774 2364 2863; x_wconf 70' lang='lat' dir='ltr'><strong>fundasti</strong></span> <span class='ocrx_word' id='word_1_151' title='bbox 2389 2784 2642 2841; x_wconf 85' lang='lat' dir='ltr'><strong>terram</strong></span> 
     </span>
     <span class='ocr_line' id='line_1_24' title="bbox 1082 2878 2642 2968; baseline 0.003 -25"><span class='ocrx_word' id='word_1_152' title='bbox 1082 2900 1287 2968; x_wconf 76' lang='lat' dir='ltr'><strong>super</strong></span> <span class='ocrx_word' id='word_1_153' title='bbox 1330 2878 1786 2947; x_wconf 83' lang='lat' dir='ltr'><strong>stabilitatem</strong></span> <span class='ocrx_word' id='word_1_154' title='bbox 1816 2903 2019 2948; x_wconf 88' lang='lat' dir='ltr'><strong>suam</strong></span> <span class='ocrx_word' id='word_1_155' title='bbox 2051 2904 2074 2948; x_wconf 93' lang='lat'><strong>.·</strong></span> <span class='ocrx_word' id='word_1_156' title='bbox 2104 2905 2239 2950; x_wconf 88' lang='lat' dir='ltr'><strong>non</strong></span> <span class='ocrx_word' id='word_1_157' title='bbox 2281 2881 2642 2950; x_wconf 85' lang='lat' dir='ltr'><strong>inclinabi·</strong></span> 
     </span>
     <span class='ocr_line' id='line_1_25' title="bbox 1084 2986 2643 3068; baseline 0.003 -16"><span class='ocrx_word' id='word_1_158' title='bbox 1084 2995 1202 3053; x_wconf 89' lang='lat' dir='ltr'><strong>tur</strong></span> <span class='ocrx_word' id='word_1_159' title='bbox 1221 2987 1294 3052; x_wconf 91' lang='lat' dir='ltr'><strong>in</strong></span> <span class='ocrx_word' id='word_1_160' title='bbox 1312 2986 1643 3054; x_wconf 70' lang='lat' dir='ltr'><strong>saeculum</strong></span> <span class='ocrx_word' id='word_1_161' title='bbox 1661 2989 1926 3067; x_wconf 78' lang='lat' dir='ltr'><strong>soeculi,</strong></span> <span class='ocrx_word' id='word_1_162' title='bbox 1951 2997 2026 3056; x_wconf 91' lang='lat' dir='ltr'><strong>ut</strong></span> <span class='ocrx_word' id='word_1_163' title='bbox 2056 2987 2346 3068; x_wconf 79' lang='lat' dir='ltr'><strong>deficiat,</strong></span> <span class='ocrx_word' id='word_1_164' title='bbox 2389 2991 2512 3058; x_wconf 89' lang='lat' dir='ltr'><strong>etsi</strong></span> <span class='ocrx_word' id='word_1_165' title='bbox 2549 2990 2643 3057; x_wconf 89' lang='lat' dir='ltr'><strong>ita</strong></span> 
     </span>
     <span class='ocr_line' id='line_1_26' title="bbox 1081 3092 2642 3188; baseline 0.004 -29"><span class='ocrx_word' id='word_1_166' title='bbox 1081 3092 1512 3161; x_wconf 87' lang='lat' dir='ltr'><strong>concutiatur</strong></span> <span class='ocrx_word' id='word_1_167' title='bbox 1539 3103 1613 3162; x_wconf 88' lang='lat' dir='ltr'><strong>ut</strong></span> <span class='ocrx_word' id='word_1_168' title='bbox 1641 3094 2012 3186; x_wconf 87' lang='lat' dir='ltr'><strong>aliquando</strong></span> <span class='ocrx_word' id='word_1_169' title='bbox 2057 3098 2250 3188; x_wconf 86' lang='lat' dir='ltr'><strong>quasi</strong></span> <span class='ocrx_word' id='word_1_170' title='bbox 2289 3106 2434 3166; x_wconf 88' lang='lat' dir='ltr'><strong>tota</strong></span> <span class='ocrx_word' id='word_1_171' title='bbox 2469 3119 2642 3166; x_wconf 89' lang='lat' dir='ltr'><strong>con-</strong></span> 
     </span>
     <span class='ocr_line' id='line_1_27' title="bbox 1082 3200 2642 3294; baseline 0.004 -27"><span class='ocrx_word' id='word_1_172' title='bbox 1082 3200 1446 3269; x_wconf 79' lang='lat' dir='ltr'><strong>tremiscat.</strong></span> <span class='ocrx_word' id='word_1_173' title='bbox 1485 3201 1663 3293; x_wconf 78' lang='lat' dir='ltr'><strong>Agg.</strong></span> <span class='ocrx_word' id='word_1_174' title='bbox 1713 3224 1786 3281; x_wconf 86' lang='grc' dir='ltr'><strong>ιι,</strong></span> <span class='ocrx_word' id='word_1_175' title='bbox 1821 3206 1907 3270; x_wconf 81' lang='grc'><strong>22</strong></span> <span class='ocrx_word' id='word_1_176' title='bbox 1950 3224 1967 3270; x_wconf 90' lang='lat'><strong>:</strong></span> <span class='ocrx_word' id='word_1_177' title='bbox 2010 3206 2166 3294; x_wconf 78' lang='lat' dir='ltr'><strong>qu</strong></span> <span class='ocrx_word' id='word_1_178' title='bbox 2204 3204 2478 3273; x_wconf 81' lang='lat' dir='ltr'><strong>movebo</strong></span> <span class='ocrx_word' id='word_1_179' title='bbox 2507 3229 2642 3274; x_wconf 76' lang='grc' dir='ltr'><strong>οω-</strong></span> 
     </span>
     <span class='ocr_line' id='line_1_28' title="bbox 1086 3311 1920 3401; baseline 0.005 -24"><span class='ocrx_word' id='word_1_180' title='bbox 1086 3311 1233 3378; x_wconf 88' lang='lat' dir='ltr'><strong>lum</strong></span> <span class='ocrx_word' id='word_1_181' title='bbox 1256 3313 1524 3401; x_wconf 81' lang='lat' dir='ltr'><strong>pariter</strong></span> <span class='ocrx_word' id='word_1_182' title='bbox 1548 3321 1612 3379; x_wconf 85' lang='lat' dir='ltr'><strong>et</strong></span> <span class='ocrx_word' id='word_1_183' title='bbox 1640 3322 1920 3381; x_wconf 83' lang='lat' dir='ltr'><strong>terram.</strong></span> 
     </span>
    </p>
   </div>
   <div class='ocr_carea' id='block_1_5' title="bbox 2633 3539 2663 3574">
    <p class='ocr_par' dir='ltr' id='par_1_6' title="bbox 2633 3539 2663 3574">
     <span class='ocr_line' id='line_1_29' title="bbox 2633 3539 2663 3574; baseline 0 0"><span class='ocrx_word' id='word_1_184' title='bbox 2633 3539 2663 3574; x_wconf 65' lang='grc' dir='ltr'>ἱ</span> 
     </span>
    </p>
   </div>
   <div class='ocr_carea' id='block_1_6' title="bbox 1072 3645 2646 5789">
    <p class='ocr_par' dir='ltr' id='par_1_7' title="bbox 1072 3645 2646 5789">
     <span class='ocr_line' id='line_1_30' title="bbox 1180 3645 2637 3738; baseline 0.001 -27"><span class='ocrx_word' id='word_1_185' title='bbox 1180 3674 1214 3711; x_wconf 76' lang='grc' dir='ltr'><strong>α</strong></span> <span class='ocrx_word' id='word_1_186' title='bbox 1253 3647 1708 3716; x_wconf 80' lang='lat' dir='ltr'><strong>ordinatione</strong></span> <span class='ocrx_word' id='word_1_187' title='bbox 1768 3655 1918 3714; x_wconf 90' lang='lat' dir='ltr'><strong>tua.</strong></span> <span class='ocrx_word' id='word_1_188' title='bbox 1966 3670 1999 3710; x_wconf 72' lang='grc' dir='ltr'>ι</span> <span class='ocrx_word' id='word_1_189' title='bbox 2079 3645 2209 3714; x_wconf 82' lang='lat' dir='ltr'><strong>nic</strong></span> <span class='ocrx_word' id='word_1_190' title='bbox 2292 3655 2637 3738; x_wconf 90' lang='lat' dir='ltr'><strong>quartum.</strong></span> 
     </span>
     <span class='ocr_line' id='line_1_31' title="bbox 1087 3753 2643 3843; baseline 0 -20"><span class='ocrx_word' id='word_1_191' title='bbox 1087 3755 1298 3836; x_wconf 84' lang='lat' dir='ltr'><strong>Quasi</strong></span> <span class='ocrx_word' id='word_1_192' title='bbox 1327 3754 1580 3823; x_wconf 85' lang='lat' dir='ltr'><strong>diceret</strong></span> <span class='ocrx_word' id='word_1_193' title='bbox 1621 3775 1637 3823; x_wconf 72' lang='grc' dir='ltr'>ε</span> <span class='ocrx_word' id='word_1_194' title='bbox 1684 3753 1800 3822; x_wconf 90' lang='lat' dir='ltr'><strong>Sic</strong></span> <span class='ocrx_word' id='word_1_195' title='bbox 1856 3762 2210 3843; x_wconf 84' lang='lat' dir='ltr'><strong>permanet</strong></span> <span class='ocrx_word' id='word_1_196' title='bbox 2247 3755 2317 3822; x_wconf 90' lang='lat' dir='ltr'><strong>in</strong></span> <span class='ocrx_word' id='word_1_197' title='bbox 2349 3756 2643 3824; x_wconf 88' lang='lat' dir='ltr'><strong>rationa-</strong></span> 
     </span>
     <span class='ocr_line' id='line_1_32' title="bbox 1085 3859 2644 3949; baseline 0.001 -21"><span class='ocrx_word' id='word_1_198' title='bbox 1085 3859 1202 3928; x_wconf 87' lang='lat' dir='ltr'><strong>bili</strong></span> <span class='ocrx_word' id='word_1_199' title='bbox 1253 3869 1563 3928; x_wconf 88' lang='lat' dir='ltr'><strong>creatura</strong></span> <span class='ocrx_word' id='word_1_200' title='bbox 1615 3859 1978 3949; x_wconf 79' lang='lat' dir='ltr'><strong>superiori,</strong></span> <span class='ocrx_word' id='word_1_201' title='bbox 2038 3868 2105 3928; x_wconf 90' lang='lat' dir='ltr'><strong>et</strong></span> <span class='ocrx_word' id='word_1_202' title='bbox 2177 3860 2507 3944; x_wconf 74' lang='lat' dir='ltr'><strong>inferiori,</strong></span> <span class='ocrx_word' id='word_1_203' title='bbox 2575 3868 2644 3930; x_wconf 88' lang='lat' dir='ltr'><strong>et</strong></span> 
     </span>
     <span class='ocr_line' id='line_1_33' title="bbox 1089 3966 2642 4061; baseline 0.001 -24"><span class='ocrx_word' id='word_1_204' title='bbox 1089 3991 1322 4037; x_wconf 90' lang='lat' dir='ltr'><strong>rursus</strong></span> <span class='ocrx_word' id='word_1_205' title='bbox 1357 3969 1425 4035; x_wconf 90' lang='lat' dir='ltr'><strong>in</strong></span> <span class='ocrx_word' id='word_1_206' title='bbox 1448 3967 1753 4036; x_wconf 81' lang='lat' dir='ltr'><strong>inferiori</strong></span> <span class='ocrx_word' id='word_1_207' title='bbox 1796 3966 2244 4036; x_wconf 82' lang='lat' dir='ltr'><strong>irrationabili</strong></span> <span class='ocrx_word' id='word_1_208' title='bbox 2279 3990 2296 4037; x_wconf 74' lang='grc' dir='ltr'>ε</span> <span class='ocrx_word' id='word_1_209' title='bbox 2329 3967 2448 4038; x_wconf 83' lang='lat' dir='ltr'><strong>sed</strong></span> <span class='ocrx_word' id='word_1_210' title='bbox 2477 3969 2642 4061; x_wconf 90' lang='lat' dir='ltr'><strong>quid</strong></span> 
     </span>
     <span class='ocr_line' id='line_1_34' title="bbox 1086 4077 2639 4167; baseline -0.001 -19"><span class='ocrx_word' id='word_1_211' title='bbox 1086 4079 1166 4148; x_wconf 89' lang='lat' dir='ltr'><strong>de</strong></span> <span class='ocrx_word' id='word_1_212' title='bbox 1199 4077 1645 4147; x_wconf 83' lang='lat' dir='ltr'><strong>irrationabili</strong></span> <span class='ocrx_word' id='word_1_213' title='bbox 1675 4078 2069 4167; x_wconf 82' lang='lat' dir='ltr'><strong>superiori?</strong></span> <span class='ocrx_word' id='word_1_214' title='bbox 2090 4077 2301 4148; x_wconf 84' lang='lat' dir='ltr'><strong>Ecce:</strong></span> <span class='ocrx_word' id='word_1_215' title='bbox 2328 4107 2361 4143; x_wconf 73' lang='grc' dir='ltr'><strong>α</strong></span> <span class='ocrx_word' id='word_1_216' title='bbox 2381 4081 2573 4166; x_wconf 81' lang='lat' dir='ltr'><strong>Dies,</strong></span> <span class='ocrx_word' id='word_1_217' title='bbox 2605 4107 2639 4147; x_wconf 74' lang='grc' dir='ltr'>ι</span> 
     </span>
     <span class='ocr_line' id='line_1_35' title="bbox 1088 4183 2645 4279; baseline 0.002 -26"><span class='ocrx_word' id='word_1_218' title='bbox 1088 4188 1202 4279; x_wconf 92' lang='lat' dir='ltr'><strong>qui</strong></span> <span class='ocrx_word' id='word_1_219' title='bbox 1235 4193 1556 4254; x_wconf 88' lang='lat' dir='ltr'><strong>causatur</strong></span> <span class='ocrx_word' id='word_1_220' title='bbox 1569 4207 1654 4251; x_wconf 82' lang='lat' dir='ltr'><strong>ex</strong></span> <span class='ocrx_word' id='word_1_221' title='bbox 1686 4184 2043 4252; x_wconf 83' lang='lat' dir='ltr'><strong>influentia</strong></span> <span class='ocrx_word' id='word_1_222' title='bbox 2072 4183 2243 4254; x_wconf 89' lang='lat' dir='ltr'><strong>lucis</strong></span> <span class='ocrx_word' id='word_1_223' title='bbox 2270 4208 2309 4253; x_wconf 85' lang='lat' dir='ltr'><strong>a</strong></span> <span class='ocrx_word' id='word_1_224' title='bbox 2331 4188 2645 4278; x_wconf 90' lang='lat' dir='ltr'><strong>superio-</strong></span> 
     </span>
     <span class='ocr_line' id='line_1_36' title="bbox 1085 4290 2646 4382; baseline 0.003 -22"><span class='ocrx_word' id='word_1_225' title='bbox 1085 4292 1301 4375; x_wconf 89' lang='lat' dir='ltr'><strong>ribus,</strong></span> <span class='ocrx_word' id='word_1_226' title='bbox 1329 4299 1396 4359; x_wconf 87' lang='lat' dir='ltr'><strong>et</strong></span> <span class='ocrx_word' id='word_1_227' title='bbox 1434 4290 1709 4359; x_wconf 92' lang='lat' dir='ltr'><strong>illorum</strong></span> <span class='ocrx_word' id='word_1_228' title='bbox 1754 4297 1949 4359; x_wconf 87' lang='lat' dir='ltr'><strong>motu</strong></span> <span class='ocrx_word' id='word_1_229' title='bbox 1986 4300 2376 4382; x_wconf 85' lang='lat' dir='ltr'><strong>perseverat</strong></span> <span class='ocrx_word' id='word_1_230' title='bbox 2428 4296 2646 4363; x_wconf 87' lang='lat' dir='ltr'><strong>conti-</strong></span> 
     </span>
     <span class='ocr_line' id='line_1_37' title="bbox 1084 4397 2643 4480; baseline 0.002 -12"><span class='ocrx_word' id='word_1_231' title='bbox 1084 4422 1222 4468; x_wconf 88' lang='lat' dir='ltr'><strong>nua</strong></span> <span class='ocrx_word' id='word_1_232' title='bbox 1267 4398 1748 4468; x_wconf 80' lang='lat' dir='ltr'><strong>successione:</strong></span> <span class='ocrx_word' id='word_1_233' title='bbox 1792 4405 1860 4467; x_wconf 86' lang='lat' dir='ltr'><strong>et</strong></span> <span class='ocrx_word' id='word_1_234' title='bbox 1920 4397 2078 4480; x_wconf 90' lang='lat' dir='ltr'><strong>hoc,</strong></span> <span class='ocrx_word' id='word_1_235' title='bbox 2141 4425 2177 4463; x_wconf 72' lang='grc' dir='ltr'><strong><em>α</em></strong></span> <span class='ocrx_word' id='word_1_236' title='bbox 2209 4400 2643 4471; x_wconf 81' lang='lat' dir='ltr'><strong>ordinatione</strong></span> 
     </span>
     <span class='ocr_line' id='line_1_38' title="bbox 1082 4506 2634 4592; baseline 0 -15"><span class='ocrx_word' id='word_1_237' title='bbox 1082 4519 1231 4586; x_wconf 85' lang='lat' dir='ltr'><strong>tua,</strong></span> <span class='ocrx_word' id='word_1_238' title='bbox 1275 4535 1307 4569; x_wconf 75' lang='grc' dir='ltr'><strong>ιο</strong></span> <span class='ocrx_word' id='word_1_239' title='bbox 1346 4506 1417 4574; x_wconf 93' lang='lat' dir='ltr'><strong>id</strong></span> <span class='ocrx_word' id='word_1_240' title='bbox 1455 4515 1583 4591; x_wconf 86' lang='lat' dir='ltr'><strong>est,</strong></span> <span class='ocrx_word' id='word_1_241' title='bbox 1652 4528 1693 4574; x_wconf 88' lang='lat' dir='ltr'><strong>a</strong></span> <span class='ocrx_word' id='word_1_242' title='bbox 1750 4515 1815 4574; x_wconf 86' lang='lat' dir='ltr'><strong>te</strong></span> <span class='ocrx_word' id='word_1_243' title='bbox 1861 4506 2061 4576; x_wconf 78' lang='lat' dir='ltr'><strong>iacta.</strong></span> <span class='ocrx_word' id='word_1_244' title='bbox 2118 4506 2373 4578; x_wconf 87' lang='lat' dir='ltr'><strong>Jerem.</strong></span> <span class='ocrx_word' id='word_1_245' title='bbox 2444 4512 2634 4592; x_wconf 81' lang='lat' dir='ltr'><strong>xxxi,</strong></span> 
     </span>
     <span class='ocr_line' id='line_1_39' title="bbox 1081 4616 2637 4704; baseline 0.003 -17"><span class='ocrx_word' id='word_1_246' title='bbox 1081 4620 1166 4688; x_wconf 71' lang='lat'><strong>325</strong></span> <span class='ocrx_word' id='word_1_247' title='bbox 1209 4639 1226 4685; x_wconf 91' lang='lat'>:</span> <span class='ocrx_word' id='word_1_248' title='bbox 1276 4617 1417 4704; x_wconf 83' lang='lat' dir='ltr'><strong>Qui</strong></span> <span class='ocrx_word' id='word_1_249' title='bbox 1443 4616 1568 4684; x_wconf 85' lang='lat' dir='ltr'><strong>dat</strong></span> <span class='ocrx_word' id='word_1_250' title='bbox 1591 4616 1808 4686; x_wconf 83' lang='lat' dir='ltr'><strong>solem</strong></span> <span class='ocrx_word' id='word_1_251' title='bbox 1839 4617 1912 4685; x_wconf 86' lang='lat' dir='ltr'><strong>in</strong></span> <span class='ocrx_word' id='word_1_252' title='bbox 1953 4617 2218 4687; x_wconf 87' lang='lat' dir='ltr'><strong>lumine</strong></span> <span class='ocrx_word' id='word_1_253' title='bbox 2252 4619 2416 4702; x_wconf 84' lang='lat' dir='ltr'><strong>diei,</strong></span> <span class='ocrx_word' id='word_1_254' title='bbox 2448 4622 2637 4691; x_wconf 83' lang='lat' dir='ltr'><strong>ordi-</strong></span> 
     </span>
     <span class='ocr_line' id='line_1_40' title="bbox 1079 4724 2631 4800; baseline 0.003 -5"><span class='ocrx_word' id='word_1_255' title='bbox 1079 4749 1232 4796; x_wconf 86' lang='lat' dir='ltr'><strong>nem</strong></span> <span class='ocrx_word' id='word_1_256' title='bbox 1275 4727 1460 4794; x_wconf 76' lang='lat' dir='ltr'><strong>lunae</strong></span> <span class='ocrx_word' id='word_1_257' title='bbox 1488 4733 1553 4794; x_wconf 89' lang='lat' dir='ltr'><strong>et</strong></span> <span class='ocrx_word' id='word_1_258' title='bbox 1574 4724 1947 4794; x_wconf 83' lang='lat' dir='ltr'><strong>stellarum</strong></span> <span class='ocrx_word' id='word_1_259' title='bbox 1986 4726 2059 4794; x_wconf 89' lang='lat' dir='ltr'><strong>in</strong></span> <span class='ocrx_word' id='word_1_260' title='bbox 2103 4727 2366 4799; x_wconf 84' lang='lat' dir='ltr'><strong>lumine</strong></span> <span class='ocrx_word' id='word_1_261' title='bbox 2391 4733 2631 4800; x_wconf 87' lang='lat' dir='ltr'><strong>noctis.</strong></span> 
     </span>
     <span class='ocr_line' id='line_1_41' title="bbox 1080 4832 2635 4927; baseline 0.004 -24"><span class='ocrx_word' id='word_1_262' title='bbox 1080 4834 1157 4903; x_wconf 87' lang='lat' dir='ltr'><strong>In</strong></span> <span class='ocrx_word' id='word_1_263' title='bbox 1187 4832 1374 4903; x_wconf 79' lang='lat' dir='ltr'><strong>I’sal.</strong></span> <span class='ocrx_word' id='word_1_264' title='bbox 1405 4856 1654 4915; x_wconf 71' lang='lat' dir='ltr'><strong>cxxxV,</strong></span> <span class='ocrx_word' id='word_1_265' title='bbox 1698 4834 1738 4902; x_wconf 85' lang='grc' dir='ltr'><strong><em>Ἰ</em></strong></span> <span class='ocrx_word' id='word_1_266' title='bbox 1800 4842 1869 4904; x_wconf 86' lang='lat' dir='ltr'><strong>et</strong></span> <span class='ocrx_word' id='word_1_267' title='bbox 1933 4855 2107 4927; x_wconf 81' lang='lat' dir='ltr'><strong>seq..</strong></span> <span class='ocrx_word' id='word_1_268' title='bbox 2167 4836 2391 4907; x_wconf 80' lang='lat' dir='ltr'><strong>inira:</strong></span> <span class='ocrx_word' id='word_1_269' title='bbox 2446 4841 2635 4909; x_wconf 82' lang='lat' dir='ltr'><strong>Fecit</strong></span> 
     </span>
     <span class='ocr_line' id='line_1_42' title="bbox 1082 4939 2633 5036; baseline 0.003 -25"><span class='ocrx_word' id='word_1_270' title='bbox 1082 4941 1465 5012; x_wconf 83' lang='lat' dir='ltr'><strong>luminaria</strong></span> <span class='ocrx_word' id='word_1_271' title='bbox 1490 4963 1862 5032; x_wconf 74' lang='lat' dir='ltr'><strong>mayna,...</strong></span> <span class='ocrx_word' id='word_1_272' title='bbox 1885 4939 2110 5010; x_wconf 83' lang='lat' dir='ltr'><strong>‘solem</strong></span> <span class='ocrx_word' id='word_1_273' title='bbox 2133 4943 2206 5012; x_wconf 89' lang='lat' dir='ltr'><strong>in</strong></span> <span class='ocrx_word' id='word_1_274' title='bbox 2226 4954 2633 5036; x_wconf 86' lang='lat' dir='ltr'><strong>potestatem</strong></span> 
     </span>
     <span class='ocr_line' id='line_1_43' title="bbox 1078 5046 2635 5141; baseline 0.004 -26"><span class='ocrx_word' id='word_1_275' title='bbox 1078 5048 1244 5127; x_wconf 85' lang='lat' dir='ltr'><strong>diei,</strong></span> <span class='ocrx_word' id='word_1_276' title='bbox 1300 5046 1545 5116; x_wconf 88' lang='lat' dir='ltr'><strong>lunam</strong></span> <span class='ocrx_word' id='word_1_277' title='bbox 1599 5056 1664 5116; x_wconf 87' lang='lat' dir='ltr'><strong>et</strong></span> <span class='ocrx_word' id='word_1_278' title='bbox 1699 5047 1945 5117; x_wconf 84' lang='lat' dir='ltr'><strong>stellas</strong></span> <span class='ocrx_word' id='word_1_279' title='bbox 1973 5049 2044 5116; x_wconf 88' lang='lat' dir='ltr'><strong>in</strong></span> <span class='ocrx_word' id='word_1_280' title='bbox 2066 5059 2476 5141; x_wconf 84' lang='lat' dir='ltr'><strong>potestatem</strong></span> <span class='ocrx_word' id='word_1_281' title='bbox 2501 5076 2635 5122; x_wconf 88' lang='lat' dir='ltr'><strong>no-</strong></span> 
     </span>
     <span class='ocr_line' id='line_1_44' title="bbox 1077 5155 2635 5252; baseline 0.005 -27"><span class='ocrx_word' id='word_1_282' title='bbox 1077 5157 1225 5226; x_wconf 82' lang='lat' dir='ltr'><strong>ctis.</strong></span> <span class='ocrx_word' id='word_1_283' title='bbox 1263 5155 1378 5225; x_wconf 90' lang='lat' dir='ltr'><strong>Sic</strong></span> <span class='ocrx_word' id='word_1_284' title='bbox 1405 5178 1569 5249; x_wconf 85' lang='lat' dir='ltr'><strong>ergo</strong></span> <span class='ocrx_word' id='word_1_285' title='bbox 1598 5155 2029 5226; x_wconf 87' lang='lat' dir='ltr'><strong>ordinatione</strong></span> <span class='ocrx_word' id='word_1_286' title='bbox 2072 5167 2188 5228; x_wconf 85' lang='lat' dir='ltr'><strong>tua</strong></span> <span class='ocrx_word' id='word_1_287' title='bbox 2242 5173 2635 5252; x_wconf 80' lang='lat' dir='ltr'><strong>perseverat</strong></span> 
     </span>
     <span class='ocr_line' id='line_1_45' title="bbox 1077 5262 2635 5355; baseline 0.006 -24"><span class='ocrx_word' id='word_1_288' title='bbox 1077 5262 1220 5332; x_wconf 89' lang='lat' dir='ltr'><strong>dies</strong></span> <span class='ocrx_word' id='word_1_289' title='bbox 1249 5264 1605 5355; x_wconf 89' lang='lat' dir='ltr'><strong>temporis,</strong></span> <span class='ocrx_word' id='word_1_290' title='bbox 1638 5270 1708 5333; x_wconf 90' lang='lat' dir='ltr'><strong>et</strong></span> <span class='ocrx_word' id='word_1_291' title='bbox 1736 5262 1955 5333; x_wconf 87' lang='lat' dir='ltr'><strong>multo</strong></span> <span class='ocrx_word' id='word_1_292' title='bbox 1985 5264 2215 5335; x_wconf 80' lang='lat' dir='ltr'><strong>verius</strong></span> <span class='ocrx_word' id='word_1_293' title='bbox 2249 5266 2391 5338; x_wconf 88' lang='lat' dir='ltr'><strong>dies</strong></span> <span class='ocrx_word' id='word_1_294' title='bbox 2427 5277 2635 5341; x_wconf 79' lang='lat' dir='ltr'><strong>aeter-</strong></span> 
     </span>
     <span class='ocr_line' id='line_1_46' title="bbox 1073 5370 2633 5465; baseline 0.005 -25"><span class='ocrx_word' id='word_1_295' title='bbox 1073 5372 1335 5452; x_wconf 90' lang='lat' dir='ltr'><strong>nitatis,</strong></span> <span class='ocrx_word' id='word_1_296' title='bbox 1397 5372 1480 5441; x_wconf 86' lang='lat' dir='ltr'><strong>de</strong></span> <span class='ocrx_word' id='word_1_297' title='bbox 1519 5395 1680 5465; x_wconf 89' lang='lat' dir='ltr'><strong>qua,</strong></span> <span class='ocrx_word' id='word_1_298' title='bbox 1730 5370 2010 5441; x_wconf 86' lang='lat' dir='ltr'><strong>Zachar.</strong></span> <span class='ocrx_word' id='word_1_299' title='bbox 2069 5377 2323 5455; x_wconf 76' lang='lat' dir='ltr'><strong>xu·,&#39;&#39;l:</strong></span> <span class='ocrx_word' id='word_1_300' title='bbox 2391 5379 2633 5447; x_wconf 82' lang='lat' dir='ltr'><strong>Eterit</strong></span> 
     </span>
     <span class='ocr_line' id='line_1_47' title="bbox 1072 5479 2626 5579; baseline 0.005 -30"><span class='ocrx_word' id='word_1_301' title='bbox 1072 5479 1217 5549; x_wconf 81' lang='lat' dir='ltr'><strong>dies</strong></span> <span class='ocrx_word' id='word_1_302' title='bbox 1256 5502 1422 5560; x_wconf 90' lang='lat' dir='ltr'><strong>una,</strong></span> <span class='ocrx_word' id='word_1_303' title='bbox 1464 5504 1619 5573; x_wconf 75' lang='lat' dir='ltr'><strong>quae</strong></span> <span class='ocrx_word' id='word_1_304' title='bbox 1664 5492 1831 5552; x_wconf 88' lang='lat' dir='ltr'><strong>nota</strong></span> <span class='ocrx_word' id='word_1_305' title='bbox 1858 5490 1956 5551; x_wconf 90' lang='lat' dir='ltr'><strong>est</strong></span> <span class='ocrx_word' id='word_1_306' title='bbox 1998 5484 2323 5554; x_wconf 89' lang='lat' dir='ltr'><strong>Domino.</strong></span> <span class='ocrx_word' id='word_1_307' title='bbox 2377 5484 2626 5579; x_wconf 90' lang='lat' dir='ltr'><strong>Supra,</strong></span> 
     </span>
     <span class='ocr_line' id='line_1_48' title="bbox 1072 5586 2628 5669; baseline 0.004 -11"><span class='ocrx_word' id='word_1_308' title='bbox 1072 5587 1144 5658; x_wconf 89' lang='lat' dir='ltr'><strong>in</strong></span> <span class='ocrx_word' id='word_1_309' title='bbox 1183 5586 1367 5656; x_wconf 87' lang='lat' dir='ltr'><strong>Psal.</strong></span> <span class='ocrx_word' id='word_1_310' title='bbox 1402 5610 1682 5669; x_wconf 72' lang='lat' dir='ltr'><strong>Lxxxm,</strong></span> <span class='ocrx_word' id='word_1_311' title='bbox 1720 5591 1797 5658; x_wconf 81' lang='lat' dir='ltr'>ss</span> <span class='ocrx_word' id='word_1_312' title='bbox 1835 5611 1854 5660; x_wconf 75' lang='lat' dir='ltr'><strong>t</strong></span> <span class='ocrx_word' id='word_1_313' title='bbox 1888 5590 2142 5660; x_wconf 86' lang='lat' dir='ltr'><strong>Melior</strong></span> <span class='ocrx_word' id='word_1_314' title='bbox 2168 5600 2267 5661; x_wconf 83' lang='lat' dir='ltr'><strong>est</strong></span> <span class='ocrx_word' id='word_1_315' title='bbox 2302 5593 2448 5663; x_wconf 84' lang='lat' dir='ltr'><strong>dies</strong></span> <span class='ocrx_word' id='word_1_316' title='bbox 2487 5618 2628 5665; x_wconf 88' lang='lat' dir='ltr'><strong>una</strong></span> 
     </span>
     <span class='ocr_line' id='line_1_49' title="bbox 1078 5695 2102 5789; baseline 0.003 -25"><span class='ocrx_word' id='word_1_317' title='bbox 1078 5717 1125 5764; x_wconf 88' lang='lat' dir='ltr'><strong>n</strong></span> <span class='ocrx_word' id='word_1_318' title='bbox 1175 5695 1378 5764; x_wconf 87' lang='lat' dir='ltr'><strong>atriis</strong></span> <span class='ocrx_word' id='word_1_319' title='bbox 1415 5696 1578 5776; x_wconf 87' lang='lat' dir='ltr'><strong>tuis,</strong></span> <span class='ocrx_word' id='word_1_320' title='bbox 1604 5719 1815 5789; x_wconf 85' lang='lat' dir='ltr'><strong>super</strong></span> <span class='ocrx_word' id='word_1_321' title='bbox 1840 5698 2102 5767; x_wconf 87' lang='lat' dir='ltr'><strong>millia.</strong></span> 
     </span>
    </p>
   </div>
   <div class='ocr_carea' id='block_1_7' title="bbox 4192 340 4315 407">
    <p class='ocr_par' dir='ltr' id='par_1_8' title="bbox 4192 340 4315 407">
     <span class='ocr_line' id='line_1_50' title="bbox 4192 340 4315 407; baseline -0.016 -1"><span class='ocrx_word' id='word_1_322' title='bbox 4192 340 4315 407; x_wconf 82' lang='lat'><strong>291</strong></span> 
     </span>
    </p>
   </div>
   <div class='ocr_carea' id='block_1_8' title="bbox 2750 508 4325 2090">
    <p class='ocr_par' dir='ltr' id='par_1_9' title="bbox 2762 508 4325 789">
     <span class='ocr_line' id='line_1_51' title="bbox 2855 508 4320 590; baseline 0.005 -22"><span class='ocrx_word' id='word_1_323' title='bbox 2855 534 2888 569; x_wconf 88' lang='lat'><strong><em>«</em></strong></span> <span class='ocrx_word' id='word_1_324' title='bbox 2939 508 3284 590; x_wconf 77' lang='lat' dir='ltr'><strong>Quoniam</strong></span> <span class='ocrx_word' id='word_1_325' title='bbox 3334 510 3592 575; x_wconf 87' lang='lat' dir='ltr'><strong>omnia.</strong></span> <span class='ocrx_word' id='word_1_326' title='bbox 3629 535 3666 572; x_wconf 83' lang='lat'>»</span> <span class='ocrx_word' id='word_1_327' title='bbox 3726 508 3898 577; x_wconf 84' lang='lat' dir='ltr'><strong>Ecce</strong></span> <span class='ocrx_word' id='word_1_328' title='bbox 3945 508 4320 576; x_wconf 89' lang='lat' dir='ltr'><strong>secundum</strong></span> 
     </span>
     <span class='ocr_line' id='line_1_52' title="bbox 2762 613 4325 705; baseline 0.002 -24"><span class='ocrx_word' id='word_1_329' title='bbox 2762 614 2970 681; x_wconf 89' lang='lat' dir='ltr'><strong>totius</strong></span> <span class='ocrx_word' id='word_1_330' title='bbox 3001 613 3207 702; x_wconf 89' lang='lat' dir='ltr'><strong>hujus</strong></span> <span class='ocrx_word' id='word_1_331' title='bbox 3248 614 3484 705; x_wconf 80' lang='lat' dir='ltr'><strong>partiS,</strong></span> <span class='ocrx_word' id='word_1_332' title='bbox 3523 619 3696 683; x_wconf 88' lang='lat' dir='ltr'><strong>ratio</strong></span> <span class='ocrx_word' id='word_1_333' title='bbox 3729 616 3987 684; x_wconf 90' lang='lat' dir='ltr'><strong>scilicet</strong></span> <span class='ocrx_word' id='word_1_334' title='bbox 4025 624 4090 683; x_wconf 91' lang='lat' dir='ltr'><strong>et</strong></span> <span class='ocrx_word' id='word_1_335' title='bbox 4121 638 4325 684; x_wconf 86' lang='lat' dir='ltr'><strong>causa</strong></span> 
     </span>
     <span class='ocr_line' id='line_1_53' title="bbox 2762 718 4191 789; baseline 0.006 -5"><span class='ocrx_word' id='word_1_336' title='bbox 2762 721 3072 785; x_wconf 90' lang='lat' dir='ltr'><strong>omnium</strong></span> <span class='ocrx_word' id='word_1_337' title='bbox 3105 719 3469 789; x_wconf 87' lang='lat' dir='ltr'><strong>dictorum.</strong></span> <span class='ocrx_word' id='word_1_338' title='bbox 4185 718 4191 724; x_wconf 41' lang='lat'><strong>⁴</strong></span> 
     </span>
    </p>

    <p class='ocr_par' dir='ltr' id='par_1_10' title="bbox 2750 824 4324 2090">
     <span class='ocr_line' id='line_1_54' title="bbox 2851 824 4324 919; baseline 0.005 -27"><span class='ocrx_word' id='word_1_339' title='bbox 2851 824 3058 904; x_wconf 87' lang='lat' dir='ltr'><strong>Quasi</strong></span> <span class='ocrx_word' id='word_1_340' title='bbox 3109 826 3362 895; x_wconf 90' lang='lat' dir='ltr'><strong>diceret</strong></span> <span class='ocrx_word' id='word_1_341' title='bbox 3406 851 3422 896; x_wconf 90' lang='lat'>:</span> <span class='ocrx_word' id='word_1_342' title='bbox 3462 827 3576 896; x_wconf 88' lang='lat' dir='ltr'><strong>Sic</strong></span> <span class='ocrx_word' id='word_1_343' title='bbox 3627 830 3911 896; x_wconf 88' lang='lat' dir='ltr'><strong>verbum</strong></span> <span class='ocrx_word' id='word_1_344' title='bbox 3960 834 4324 919; x_wconf 66' lang='lat' dir='ltr'><strong>&#39;permanet</strong></span> 
     </span>
     <span class='ocr_line' id='line_1_55' title="bbox 2759 933 4322 1023; baseline 0.005 -25"><span class='ocrx_word' id='word_1_345' title='bbox 2759 934 2828 998; x_wconf 91' lang='lat' dir='ltr'><strong>in</strong></span> <span class='ocrx_word' id='word_1_346' title='bbox 2873 933 3176 1023; x_wconf 84' lang='lat' dir='ltr'><strong>Angelis,</strong></span> <span class='ocrx_word' id='word_1_347' title='bbox 3220 937 3473 1003; x_wconf 89' lang='lat' dir='ltr'><strong>veritas</strong></span> <span class='ocrx_word' id='word_1_348' title='bbox 3537 937 3607 1002; x_wconf 93' lang='lat' dir='ltr'><strong>in</strong></span> <span class='ocrx_word' id='word_1_349' title='bbox 3663 935 4089 1016; x_wconf 81' lang='lat' dir='ltr'><strong>hominibuS,</strong></span> <span class='ocrx_word' id='word_1_350' title='bbox 4142 946 4322 1006; x_wconf 89' lang='lat' dir='ltr'><strong>terra</strong></span> 
     </span>
     <span class='ocr_line' id='line_1_56' title="bbox 2759 1044 4323 1132; baseline 0.006 -23"><span class='ocrx_word' id='word_1_351' title='bbox 2759 1051 2872 1109; x_wconf 88' lang='lat' dir='ltr'><strong>tua</strong></span> <span class='ocrx_word' id='word_1_352' title='bbox 2902 1044 3303 1114; x_wconf 77' lang='lat' dir='ltr'><strong>fundatione</strong></span> <span class='ocrx_word' id='word_1_353' title='bbox 3361 1055 3518 1132; x_wconf 88' lang='lat' dir='ltr'><strong>stat,</strong></span> <span class='ocrx_word' id='word_1_354' title='bbox 3583 1054 3651 1116; x_wconf 91' lang='lat' dir='ltr'><strong>et</strong></span> <span class='ocrx_word' id='word_1_355' title='bbox 3707 1047 4139 1117; x_wconf 88' lang='lat' dir='ltr'><strong>ordinatione</strong></span> <span class='ocrx_word' id='word_1_356' title='bbox 4204 1061 4323 1118; x_wconf 89' lang='lat' dir='ltr'><strong>tua</strong></span> 
     </span>
     <span class='ocr_line' id='line_1_57' title="bbox 2758 1154 4322 1252; baseline 0.005 -31"><span class='ocrx_word' id='word_1_357' title='bbox 2758 1154 2899 1222; x_wconf 89' lang='lat' dir='ltr'><strong>dies</strong></span> <span class='ocrx_word' id='word_1_358' title='bbox 2966 1165 3381 1245; x_wconf 87' lang='lat' dir='ltr'><strong>perseverat,</strong></span> <span class='ocrx_word' id='word_1_359' title='bbox 3454 1167 3521 1226; x_wconf 89' lang='lat' dir='ltr'><strong>et</strong></span> <span class='ocrx_word' id='word_1_360' title='bbox 3617 1158 3750 1227; x_wconf 92' lang='lat' dir='ltr'><strong>hoc</strong></span> <span class='ocrx_word' id='word_1_361' title='bbox 3815 1167 4036 1227; x_wconf 90' lang='lat' dir='ltr'><strong>totum</strong></span> <span class='ocrx_word' id='word_1_362' title='bbox 4076 1184 4091 1228; x_wconf 75' lang='grc' dir='ltr'><strong><em>ε</em></strong></span> <span class='ocrx_word' id='word_1_363' title='bbox 4162 1163 4322 1252; x_wconf 87' lang='lat' dir='ltr'><strong>quia</strong></span> 
     </span>
     <span class='ocr_line' id='line_1_58' title="bbox 2760 1263 4322 1349; baseline 0.008 -24"><span class='ocrx_word' id='word_1_364' title='bbox 2760 1286 2791 1324; x_wconf 92' lang='lat'>«</span> <span class='ocrx_word' id='word_1_365' title='bbox 2828 1263 3060 1328; x_wconf 88' lang='lat' dir='ltr'><strong>omnia</strong></span> <span class='ocrx_word' id='word_1_366' title='bbox 3088 1265 3395 1331; x_wconf 85' lang='lat' dir='ltr'><strong>serviunt</strong></span> <span class='ocrx_word' id='word_1_367' title='bbox 3428 1265 3577 1349; x_wconf 87' lang='lat' dir='ltr'><strong>tibi,</strong></span> <span class='ocrx_word' id='word_1_368' title='bbox 3616 1292 3648 1331; x_wconf 73' lang='grc' dir='ltr'>ι»</span> <span class='ocrx_word' id='word_1_369' title='bbox 3684 1266 3909 1335; x_wconf 89' lang='lat' dir='ltr'><strong>debita</strong></span> <span class='ocrx_word' id='word_1_370' title='bbox 3938 1268 4059 1336; x_wconf 87' lang='lat' dir='ltr'><strong>tibi</strong></span> <span class='ocrx_word' id='word_1_371' title='bbox 4103 1270 4322 1338; x_wconf 85' lang='lat' dir='ltr'><strong>servi-</strong></span> 
     </span>
     <span class='ocr_line' id='line_1_59' title="bbox 2756 1371 4317 1464; baseline 0.006 -27"><span class='ocrx_word' id='word_1_372' title='bbox 2756 1378 2897 1438; x_wconf 88' lang='lat' dir='ltr'><strong>tute</strong></span> <span class='ocrx_word' id='word_1_373' title='bbox 2928 1371 3259 1461; x_wconf 88' lang='lat' dir='ltr'><strong>subjecta.</strong></span> <span class='ocrx_word' id='word_1_374' title='bbox 3298 1372 3606 1464; x_wconf 89' lang='lat' dir='ltr'><strong>Sapient.</strong></span> <span class='ocrx_word' id='word_1_375' title='bbox 3635 1398 3776 1453; x_wconf 74' lang='lat' dir='ltr'><strong>xvi,</strong></span> <span class='ocrx_word' id='word_1_376' title='bbox 3804 1376 3890 1443; x_wconf 74' lang='lat'><strong>24</strong></span> <span class='ocrx_word' id='word_1_377' title='bbox 3929 1399 3942 1444; x_wconf 77' lang='grc' dir='ltr'><em>τ</em></span> <span class='ocrx_word' id='word_1_378' title='bbox 3981 1379 4317 1447; x_wconf 86' lang='lat' dir='ltr'><strong>Creatura</strong></span> 
     </span>
     <span class='ocr_line' id='line_1_60' title="bbox 2753 1477 4317 1561; baseline 0.006 -18"><span class='ocrx_word' id='word_1_379' title='bbox 2753 1477 2881 1544; x_wconf 88' lang='lat' dir='ltr'><strong>tibi</strong></span> <span class='ocrx_word' id='word_1_380' title='bbox 2921 1480 3203 1547; x_wconf 84' lang='lat' dir='ltr'><strong>Factori</strong></span> <span class='ocrx_word' id='word_1_381' title='bbox 3224 1480 3624 1561; x_wconf 82' lang='lat' dir='ltr'><strong>deserviens,</strong></span> <span class='ocrx_word' id='word_1_382' title='bbox 3651 1483 4031 1552; x_wconf 73' lang='lat' dir='ltr'><strong>exardescit</strong></span> <span class='ocrx_word' id='word_1_383' title='bbox 4072 1487 4139 1552; x_wconf 88' lang='lat' dir='ltr'><strong>in</strong></span> <span class='ocrx_word' id='word_1_384' title='bbox 4172 1496 4317 1554; x_wconf 88' lang='lat' dir='ltr'><strong>tor-</strong></span> 
     </span>
     <span class='ocr_line' id='line_1_61' title="bbox 2752 1591 4317 1681; baseline 0.006 -28"><span class='ocrx_word' id='word_1_385' title='bbox 2752 1599 3053 1656; x_wconf 78' lang='lat' dir='ltr'><strong>mentum</strong></span> <span class='ocrx_word' id='word_1_386' title='bbox 3071 1591 3397 1659; x_wconf 86' lang='lat' dir='ltr'><strong>adversus</strong></span> <span class='ocrx_word' id='word_1_387' title='bbox 3418 1592 3739 1681; x_wconf 85' lang='lat' dir='ltr'><strong>injustos.</strong></span> <span class='ocrx_word' id='word_1_388' title='bbox 3766 1593 3871 1678; x_wconf 89' lang='lat' dir='ltr'><strong>Et,</strong></span> <span class='ocrx_word' id='word_1_389' title='bbox 3889 1618 4030 1677; x_wconf 76' lang='lat' dir='ltr'><strong>xix,</strong></span> <span class='ocrx_word' id='word_1_390' title='bbox 4053 1597 4093 1663; x_wconf 83' lang='lat'>6</span> <span class='ocrx_word' id='word_1_391' title='bbox 4120 1597 4317 1665; x_wconf 89' lang='lat' dir='ltr'><strong>:Om-</strong></span> 
     </span>
     <span class='ocr_line' id='line_1_62' title="bbox 2751 1699 4306 1795; baseline 0.006 -33"><span class='ocrx_word' id='word_1_392' title='bbox 2751 1699 2857 1762; x_wconf 88' lang='lat' dir='ltr'><strong>nis</strong></span> <span class='ocrx_word' id='word_1_393' title='bbox 2873 1706 3192 1766; x_wconf 86' lang='lat' dir='ltr'><strong>creatura</strong></span> <span class='ocrx_word' id='word_1_394' title='bbox 3208 1699 3588 1768; x_wconf 87' lang='lat' dir='ltr'><strong>deserviens</strong></span> <span class='ocrx_word' id='word_1_395' title='bbox 3609 1712 3757 1768; x_wconf 90' lang='lat' dir='ltr'><strong>erat</strong></span> <span class='ocrx_word' id='word_1_396' title='bbox 3774 1704 3914 1769; x_wconf 90' lang='lat' dir='ltr'><strong>tuis</strong></span> <span class='ocrx_word' id='word_1_397' title='bbox 3922 1707 4306 1795; x_wconf 75' lang='lat' dir='ltr'><strong>pra’ceptis,</strong></span> 
     </span>
     <span class='ocr_line' id='line_1_63' title="bbox 2754 1806 4306 1895; baseline 0.005 -27"><span class='ocrx_word' id='word_1_398' title='bbox 2754 1813 2829 1869; x_wconf 90' lang='lat' dir='ltr'><strong>ut</strong></span> <span class='ocrx_word' id='word_1_399' title='bbox 2846 1806 3054 1893; x_wconf 85' lang='lat' dir='ltr'><strong>pueri</strong></span> <span class='ocrx_word' id='word_1_400' title='bbox 3092 1807 3199 1872; x_wconf 86' lang='lat' dir='ltr'><strong>tui</strong></span> <span class='ocrx_word' id='word_1_401' title='bbox 3246 1807 3718 1875; x_wconf 83' lang='lat' dir='ltr'><strong>invenirentur</strong></span> <span class='ocrx_word' id='word_1_402' title='bbox 3769 1807 3999 1875; x_wconf 75' lang='lat' dir='ltr'><strong>illaesi.</strong></span> <span class='ocrx_word' id='word_1_403' title='bbox 4041 1810 4306 1895; x_wconf 66' lang='lat' dir='ltr'><strong>judith,</strong></span> 
     </span>
     <span class='ocr_line' id='line_1_64' title="bbox 2752 1916 4307 2012; baseline 0.006 -33"><span class='ocrx_word' id='word_1_404' title='bbox 2752 1937 2844 1994; x_wconf 74' lang='lat' dir='ltr'><strong>xx,</strong></span> <span class='ocrx_word' id='word_1_405' title='bbox 2876 1916 2952 1981; x_wconf 85' lang='lat'><strong>17</strong></span> <span class='ocrx_word' id='word_1_406' title='bbox 2989 1934 3005 1983; x_wconf 74' lang='grc' dir='ltr'>ε</span> <span class='ocrx_word' id='word_1_407' title='bbox 3040 1917 3382 1985; x_wconf 86' lang='lat' dir='ltr'><strong>Dominus</strong></span> <span class='ocrx_word' id='word_1_408' title='bbox 3410 1920 3623 1987; x_wconf 92' lang='lat' dir='ltr'><strong>totius</strong></span> <span class='ocrx_word' id='word_1_409' title='bbox 3653 1930 4009 2006; x_wconf 66' lang='lat' dir='ltr'><strong>creaturae,</strong></span> <span class='ocrx_word' id='word_1_410' title='bbox 4038 1921 4307 2012; x_wconf 89' lang='lat' dir='ltr'><strong>supple,</strong></span> 
     </span>
     <span class='ocr_line' id='line_1_65' title="bbox 2750 2030 2958 2090; baseline -0.005 -1"><span class='ocrx_word' id='word_1_411' title='bbox 2750 2030 2821 2089; x_wconf 91' lang='lat' dir='ltr'><strong>tu</strong></span> <span class='ocrx_word' id='word_1_412' title='bbox 2864 2044 2958 2090; x_wconf 91' lang='lat' dir='ltr'><strong>es.</strong></span> 
     </span>
    </p>
   </div>
   <div class='ocr_carea' id='block_1_9' title="bbox 2732 2324 4312 5671">
    <p class='ocr_par' dir='ltr' id='par_1_11' title="bbox 2743 2324 4312 3623">
     <span class='ocr_line' id='line_1_66' title="bbox 2839 2324 4306 2415; baseline 0.004 -25"><span class='ocrx_word' id='word_1_413' title='bbox 2839 2350 2871 2388; x_wconf 69' lang='grc' dir='ltr'><strong>«ι</strong></span> <span class='ocrx_word' id='word_1_414' title='bbox 2904 2324 3061 2392; x_wconf 82' lang='lat' dir='ltr'><strong>Nisi</strong></span> <span class='ocrx_word' id='word_1_415' title='bbox 3089 2325 3281 2415; x_wconf 88' lang='lat' dir='ltr'><strong>quod</strong></span> <span class='ocrx_word' id='word_1_416' title='bbox 3317 2326 3433 2392; x_wconf 74' lang='lat' dir='ltr'><strong>lea:</strong></span> <span class='ocrx_word' id='word_1_417' title='bbox 3460 2336 3607 2394; x_wconf 90' lang='lat' dir='ltr'><strong>tua.</strong></span> <span class='ocrx_word' id='word_1_418' title='bbox 3651 2351 3684 2391; x_wconf 71' lang='grc' dir='ltr'>ι</span> <span class='ocrx_word' id='word_1_419' title='bbox 3720 2326 3848 2396; x_wconf 82' lang='lat' dir='ltr'><strong>llic</strong></span> <span class='ocrx_word' id='word_1_420' title='bbox 3878 2336 3979 2396; x_wconf 92' lang='lat' dir='ltr'><strong>est</strong></span> <span class='ocrx_word' id='word_1_421' title='bbox 4008 2328 4306 2397; x_wconf 88' lang='lat' dir='ltr'><strong>secunda</strong></span> 
     </span>
     <span class='ocr_line' id='line_1_67' title="bbox 2747 2431 4302 2527; baseline 0.005 -29"><span class='ocrx_word' id='word_1_422' title='bbox 2747 2454 2900 2520; x_wconf 92' lang='lat' dir='ltr'><strong>pars</strong></span> <span class='ocrx_word' id='word_1_423' title='bbox 2930 2431 3135 2519; x_wconf 84' lang='lat' dir='ltr'><strong>hujus</strong></span> <span class='ocrx_word' id='word_1_424' title='bbox 3167 2434 3528 2512; x_wconf 87' lang='lat' dir='ltr'><strong>octonarii,</strong></span> <span class='ocrx_word' id='word_1_425' title='bbox 3577 2436 3754 2503; x_wconf 91' lang='lat' dir='ltr'><strong>sicut</strong></span> <span class='ocrx_word' id='word_1_426' title='bbox 3800 2458 4007 2527; x_wconf 88' lang='lat' dir='ltr'><strong>supra</strong></span> <span class='ocrx_word' id='word_1_427' title='bbox 4046 2436 4302 2505; x_wconf 88' lang='lat' dir='ltr'><strong>dictum</strong></span> 
     </span>
     <span class='ocr_line' id='line_1_68' title="bbox 2744 2538 4305 2635; baseline 0.004 -30"><span class='ocrx_word' id='word_1_428' title='bbox 2744 2538 2893 2607; x_wconf 88' lang='lat' dir='ltr'><strong>fuit.</strong></span> <span class='ocrx_word' id='word_1_429' title='bbox 2930 2538 3305 2630; x_wconf 87' lang='lat' dir='ltr'><strong>Postquam</strong></span> <span class='ocrx_word' id='word_1_430' title='bbox 3359 2542 3545 2608; x_wconf 90' lang='lat' dir='ltr'><strong>enim</strong></span> <span class='ocrx_word' id='word_1_431' title='bbox 3584 2544 3724 2633; x_wconf 83' lang='lat' dir='ltr'><strong>egit</strong></span> <span class='ocrx_word' id='word_1_432' title='bbox 3761 2542 3844 2611; x_wconf 91' lang='lat' dir='ltr'><strong>de</strong></span> <span class='ocrx_word' id='word_1_433' title='bbox 3874 2543 4305 2635; x_wconf 88' lang='lat' dir='ltr'><strong>contempla-</strong></span> 
     </span>
     <span class='ocr_line' id='line_1_69' title="bbox 2748 2644 4305 2743; baseline 0.004 -29"><span class='ocrx_word' id='word_1_434' title='bbox 2748 2646 2933 2714; x_wconf 88' lang='lat' dir='ltr'><strong>tione</strong></span> <span class='ocrx_word' id='word_1_435' title='bbox 2973 2644 3144 2737; x_wconf 81' lang='lat' dir='ltr'><strong>legis</strong></span> <span class='ocrx_word' id='word_1_436' title='bbox 3191 2655 3463 2716; x_wconf 80' lang='lat' dir='ltr'><strong>aeternae</strong></span> <span class='ocrx_word' id='word_1_437' title='bbox 3493 2649 3565 2715; x_wconf 91' lang='lat' dir='ltr'><strong>in</strong></span> <span class='ocrx_word' id='word_1_438' title='bbox 3608 2650 3956 2728; x_wconf 85' lang='lat' dir='ltr'><strong>creaturis,</strong></span> <span class='ocrx_word' id='word_1_439' title='bbox 4011 2649 4124 2720; x_wconf 86' lang='lat' dir='ltr'><strong>hic</strong></span> <span class='ocrx_word' id='word_1_440' title='bbox 4163 2654 4305 2743; x_wconf 84' lang='lat' dir='ltr'><strong>agit</strong></span> 
     </span>
     <span class='ocr_line' id='line_1_70' title="bbox 2747 2754 4304 2848; baseline 0.004 -26"><span class='ocrx_word' id='word_1_441' title='bbox 2747 2756 2829 2823; x_wconf 90' lang='lat' dir='ltr'><strong>de</strong></span> <span class='ocrx_word' id='word_1_442' title='bbox 2859 2754 3302 2824; x_wconf 85' lang='lat' dir='ltr'><strong>meditatione</strong></span> <span class='ocrx_word' id='word_1_443' title='bbox 3340 2756 3410 2823; x_wconf 91' lang='lat' dir='ltr'><strong>in</strong></span> <span class='ocrx_word' id='word_1_444' title='bbox 3454 2756 3824 2848; x_wconf 90' lang='lat' dir='ltr'><strong>Scripturis</strong></span> <span class='ocrx_word' id='word_1_445' title='bbox 3880 2760 4304 2830; x_wconf 88' lang='lat' dir='ltr'><strong>ostendendo</strong></span> 
     </span>
     <span class='ocr_line' id='line_1_71' title="bbox 2747 2861 4310 2954; baseline 0.004 -24"><span class='ocrx_word' id='word_1_446' title='bbox 2747 2885 2953 2954; x_wconf 88' lang='lat' dir='ltr'><strong>quam</strong></span> <span class='ocrx_word' id='word_1_447' title='bbox 2986 2861 3170 2930; x_wconf 90' lang='lat' dir='ltr'><strong>utilis</strong></span> <span class='ocrx_word' id='word_1_448' title='bbox 3209 2865 3320 2932; x_wconf 91' lang='lat' dir='ltr'><strong>sit.</strong></span> <span class='ocrx_word' id='word_1_449' title='bbox 3346 2862 3665 2934; x_wconf 85' lang='lat' dir='ltr'><strong>Procedit</strong></span> <span class='ocrx_word' id='word_1_450' title='bbox 3694 2874 3922 2934; x_wconf 87' lang='lat' dir='ltr'><strong>autem</strong></span> <span class='ocrx_word' id='word_1_451' title='bbox 3954 2867 4051 2936; x_wconf 89' lang='lat' dir='ltr'><strong>sic</strong></span> <span class='ocrx_word' id='word_1_452' title='bbox 4080 2869 4150 2935; x_wconf 91' lang='lat' dir='ltr'><strong>in</strong></span> <span class='ocrx_word' id='word_1_453' title='bbox 4181 2868 4310 2938; x_wconf 88' lang='lat' dir='ltr'><strong>hac</strong></span> 
     </span>
     <span class='ocr_line' id='line_1_72' title="bbox 2745 2968 4312 3067; baseline 0.003 -30"><span class='ocrx_word' id='word_1_454' title='bbox 2745 2978 2958 3061; x_wconf 89' lang='lat' dir='ltr'><strong>parte.</strong></span> <span class='ocrx_word' id='word_1_455' title='bbox 2985 2968 3250 3050; x_wconf 79' lang='lat' dir='ltr'><strong>Primo,</strong></span> <span class='ocrx_word' id='word_1_456' title='bbox 3285 2970 3650 3040; x_wconf 87' lang='lat' dir='ltr'><strong>utilitatem</strong></span> <span class='ocrx_word' id='word_1_457' title='bbox 3684 2973 4056 3043; x_wconf 87' lang='lat' dir='ltr'><strong>meditandi</strong></span> <span class='ocrx_word' id='word_1_458' title='bbox 4087 2974 4312 3067; x_wconf 90' lang='lat' dir='ltr'><strong>Scrip-</strong></span> 
     </span>
     <span class='ocr_line' id='line_1_73' title="bbox 2746 3080 4308 3178; baseline 0.005 -30"><span class='ocrx_word' id='word_1_459' title='bbox 2746 3089 2930 3150; x_wconf 88' lang='lat' dir='ltr'><strong>turas</strong></span> <span class='ocrx_word' id='word_1_460' title='bbox 2987 3080 3312 3152; x_wconf 86' lang='lat' dir='ltr'><strong>ostendit.</strong></span> <span class='ocrx_word' id='word_1_461' title='bbox 3401 3081 3743 3162; x_wconf 89' lang='lat' dir='ltr'><strong>Secundo,</strong></span> <span class='ocrx_word' id='word_1_462' title='bbox 3824 3088 4167 3178; x_wconf 90' lang='lat' dir='ltr'><strong>promittit</strong></span> <span class='ocrx_word' id='word_1_463' title='bbox 4236 3109 4308 3157; x_wconf 88' lang='lat' dir='ltr'><strong>se</strong></span> 
     </span>
     <span class='ocr_line' id='line_1_74' title="bbox 2748 3195 4302 3287; baseline 0.004 -23"><span class='ocrx_word' id='word_1_464' title='bbox 2748 3202 3339 3287; x_wconf 85' lang='lat' dir='ltr'><strong>perseveraturum</strong></span> <span class='ocrx_word' id='word_1_465' title='bbox 3395 3196 3467 3264; x_wconf 91' lang='lat' dir='ltr'><strong>in</strong></span> <span class='ocrx_word' id='word_1_466' title='bbox 3509 3195 3953 3268; x_wconf 86' lang='lat' dir='ltr'><strong>meditatione</strong></span> <span class='ocrx_word' id='word_1_467' title='bbox 4002 3199 4302 3281; x_wconf 86' lang='lat' dir='ltr'><strong>illarum,</strong></span> 
     </span>
     <span class='ocr_line' id='line_1_75' title="bbox 2747 3302 4302 3382; baseline 0.003 -12"><span class='ocrx_word' id='word_1_468' title='bbox 2747 3302 2866 3382; x_wconf 90' lang='lat' dir='ltr'><strong>ibi,</strong></span> <span class='ocrx_word' id='word_1_469' title='bbox 2891 3309 2955 3379; x_wconf 54' lang='grc' dir='ltr'><strong>ᾗ.</strong></span> <span class='ocrx_word' id='word_1_470' title='bbox 2989 3303 3077 3371; x_wconf 78' lang='grc'><strong>93</strong></span> <span class='ocrx_word' id='word_1_471' title='bbox 3102 3322 3120 3372; x_wconf 87' lang='lat'>:</span> <span class='ocrx_word' id='word_1_472' title='bbox 3145 3327 3180 3370; x_wconf 69' lang='grc' dir='ltr'>ι</span> <span class='ocrx_word' id='word_1_473' title='bbox 3212 3304 3299 3371; x_wconf 92' lang='lat' dir='ltr'><strong>In</strong></span> <span class='ocrx_word' id='word_1_474' title='bbox 3324 3314 3656 3374; x_wconf 64' lang='lat' dir='ltr'><strong>eternum</strong></span> <span class='ocrx_word' id='word_1_475' title='bbox 3685 3329 3823 3374; x_wconf 89' lang='lat' dir='ltr'><strong>non</strong></span> <span class='ocrx_word' id='word_1_476' title='bbox 3851 3305 4245 3376; x_wconf 84' lang='lat' dir='ltr'><strong>obliviscar.</strong></span> <span class='ocrx_word' id='word_1_477' title='bbox 4267 3333 4302 3374; x_wconf 67' lang='grc' dir='ltr'>ι</span> 
     </span>
     <span class='ocr_line' id='line_1_76' title="bbox 2743 3413 4299 3508; baseline 0.004 -27"><span class='ocrx_word' id='word_1_478' title='bbox 2743 3413 2994 3492; x_wconf 86' lang='lat' dir='ltr'><strong>Tertio,</strong></span> <span class='ocrx_word' id='word_1_479' title='bbox 3029 3415 3202 3504; x_wconf 88' lang='lat' dir='ltr'><strong>petit</strong></span> <span class='ocrx_word' id='word_1_480' title='bbox 3238 3414 3527 3484; x_wconf 88' lang='lat' dir='ltr'><strong>ulterius</strong></span> <span class='ocrx_word' id='word_1_481' title='bbox 3565 3439 3687 3507; x_wconf 89' lang='lat' dir='ltr'><strong>per</strong></span> <span class='ocrx_word' id='word_1_482' title='bbox 3705 3415 3838 3487; x_wconf 90' lang='lat' dir='ltr'><strong>hoc</strong></span> <span class='ocrx_word' id='word_1_483' title='bbox 3876 3419 4299 3508; x_wconf 85' lang='lat' dir='ltr'><strong>promoveri,</strong></span> 
     </span>
     <span class='ocr_line' id='line_1_77' title="bbox 2744 3524 4299 3623; baseline 0.003 -31"><span class='ocrx_word' id='word_1_484' title='bbox 2744 3533 2809 3594; x_wconf 89' lang='lat' dir='ltr'><strong>et</strong></span> <span class='ocrx_word' id='word_1_485' title='bbox 2839 3525 3114 3605; x_wconf 81' lang='lat' dir='ltr'><strong>salvari,</strong></span> <span class='ocrx_word' id='word_1_486' title='bbox 3157 3524 3276 3604; x_wconf 91' lang='lat' dir='ltr'><strong>ibi,</strong></span> <span class='ocrx_word' id='word_1_487' title='bbox 3310 3535 3375 3603; x_wconf 68' lang='lat'><strong>5.</strong></span> <span class='ocrx_word' id='word_1_488' title='bbox 3420 3528 3507 3595; x_wconf 68' lang='lat'><strong>94</strong></span> <span class='ocrx_word' id='word_1_489' title='bbox 3541 3548 3558 3596; x_wconf 72' lang='grc' dir='ltr'><strong>ε</strong></span> <span class='ocrx_word' id='word_1_490' title='bbox 3598 3552 3633 3595; x_wconf 69' lang='grc' dir='ltr'>ι</span> <span class='ocrx_word' id='word_1_491' title='bbox 3671 3530 3855 3598; x_wconf 80' lang='lat' dir='ltr'><strong>Tuus</strong></span> <span class='ocrx_word' id='word_1_492' title='bbox 3888 3553 4047 3599; x_wconf 83' lang='lat' dir='ltr'><strong>sum</strong></span> <span class='ocrx_word' id='word_1_493' title='bbox 4077 3555 4227 3623; x_wconf 78' lang='lat' dir='ltr'><strong>eqo.</strong></span> <span class='ocrx_word' id='word_1_494' title='bbox 4265 3557 4299 3597; x_wconf 74' lang='grc' dir='ltr'>ι</span> 
     </span>
    </p>

    <p class='ocr_par' dir='ltr' id='par_1_12' title="bbox 2732 3633 4312 5671">
     <span class='ocr_line' id='line_1_78' title="bbox 2831 3633 4309 3724; baseline 0.003 -24"><span class='ocrx_word' id='word_1_495' title='bbox 2831 3633 3009 3701; x_wconf 85' lang='lat' dir='ltr'><strong>Dicit</strong></span> <span class='ocrx_word' id='word_1_496' title='bbox 3039 3655 3205 3724; x_wconf 83' lang='lat' dir='ltr'><strong>ergo</strong></span> <span class='ocrx_word' id='word_1_497' title='bbox 3240 3655 3257 3701; x_wconf 88' lang='lat'>:</span> <span class='ocrx_word' id='word_1_498' title='bbox 3304 3633 3423 3703; x_wconf 92' lang='lat' dir='ltr'><strong>Sic</strong></span> <span class='ocrx_word' id='word_1_499' title='bbox 3450 3643 3681 3704; x_wconf 84' lang='lat' dir='ltr'><strong>manet</strong></span> <span class='ocrx_word' id='word_1_500' title='bbox 3707 3637 3962 3706; x_wconf 82' lang='lat' dir='ltr'><strong>veritas</strong></span> <span class='ocrx_word' id='word_1_501' title='bbox 3998 3639 4073 3706; x_wconf 88' lang='lat' dir='ltr'><strong>in</strong></span> <span class='ocrx_word' id='word_1_502' title='bbox 4111 3660 4309 3708; x_wconf 82' lang='lat' dir='ltr'><strong>crea-</strong></span> 
     </span>
     <span class='ocr_line' id='line_1_79' title="bbox 2745 3745 4309 3838; baseline 0.004 -27"><span class='ocrx_word' id='word_1_503' title='bbox 2745 3745 2939 3823; x_wconf 90' lang='lat' dir='ltr'><strong>turis,</strong></span> <span class='ocrx_word' id='word_1_504' title='bbox 2981 3753 3117 3814; x_wconf 86' lang='lat' dir='ltr'><strong>et«</strong></span> <span class='ocrx_word' id='word_1_505' title='bbox 3160 3745 3278 3813; x_wconf 69' lang='lat' dir='ltr'><strong>lex</strong></span> <span class='ocrx_word' id='word_1_506' title='bbox 3339 3754 3465 3814; x_wconf 89' lang='lat' dir='ltr'><strong>tua</strong></span> <span class='ocrx_word' id='word_1_507' title='bbox 3524 3772 3558 3812; x_wconf 73' lang='grc' dir='ltr'>ι</span> <span class='ocrx_word' id='word_1_508' title='bbox 3624 3748 3858 3816; x_wconf 88' lang='lat' dir='ltr'><strong>omnia</strong></span> <span class='ocrx_word' id='word_1_509' title='bbox 3908 3748 4184 3838; x_wconf 85' lang='lat' dir='ltr'><strong>subjicit</strong></span> <span class='ocrx_word' id='word_1_510' title='bbox 4240 3757 4309 3818; x_wconf 85' lang='lat' dir='ltr'><strong>et</strong></span> 
     </span>
     <span class='ocr_line' id='line_1_80' title="bbox 2743 3853 4311 3950; baseline 0.002 -29"><span class='ocrx_word' id='word_1_511' title='bbox 2743 3853 3047 3921; x_wconf 89' lang='lat' dir='ltr'><strong>continet</strong></span> <span class='ocrx_word' id='word_1_512' title='bbox 3082 3875 3098 3920; x_wconf 91' lang='lat'><strong>:</strong></span> <span class='ocrx_word' id='word_1_513' title='bbox 3131 3875 3293 3921; x_wconf 80' lang='lat' dir='ltr'><strong>vere</strong></span> <span class='ocrx_word' id='word_1_514' title='bbox 3323 3853 3419 3921; x_wconf 87' lang='lat' dir='ltr'><strong>ita</strong></span> <span class='ocrx_word' id='word_1_515' title='bbox 3463 3863 3592 3934; x_wconf 87' lang='lat' dir='ltr'><strong>est,</strong></span> <span class='ocrx_word' id='word_1_516' title='bbox 3626 3856 3786 3945; x_wconf 88' lang='lat' dir='ltr'><strong>quia</strong></span> <span class='ocrx_word' id='word_1_517' title='bbox 3841 3882 3877 3920; x_wconf 72' lang='grc' dir='ltr'><strong><em>α</em></strong></span> <span class='ocrx_word' id='word_1_518' title='bbox 3916 3857 4103 3946; x_wconf 73' lang='lat' dir='ltr'><strong>sorte</strong></span> <span class='ocrx_word' id='word_1_519' title='bbox 4118 3859 4311 3950; x_wconf 84' lang='lat' dir='ltr'><strong>peri·</strong></span> 
     </span>
     <span class='ocr_line' id='line_1_81' title="bbox 2744 3958 4307 4054; baseline 0.004 -29"><span class='ocrx_word' id='word_1_520' title='bbox 2744 3959 2968 4039; x_wconf 85' lang='lat' dir='ltr'><strong>issem,</strong></span> <span class='ocrx_word' id='word_1_521' title='bbox 3005 3986 3041 4023; x_wconf 70' lang='lat' dir='ltr'><strong>n</strong></span> <span class='ocrx_word' id='word_1_522' title='bbox 3075 3958 3336 4028; x_wconf 87' lang='lat' dir='ltr'><strong>ruendo</strong></span> <span class='ocrx_word' id='word_1_523' title='bbox 3361 3960 3432 4029; x_wconf 90' lang='lat' dir='ltr'><strong>in</strong></span> <span class='ocrx_word' id='word_1_524' title='bbox 3469 3960 3762 4031; x_wconf 84' lang='lat' dir='ltr'><strong>mortale</strong></span> <span class='ocrx_word' id='word_1_525' title='bbox 3801 3971 4188 4054; x_wconf 85' lang='lat' dir='ltr'><strong>peccatum,</strong></span> <span class='ocrx_word' id='word_1_526' title='bbox 4240 3973 4307 4032; x_wconf 89' lang='lat' dir='ltr'><strong>et</strong></span> 
     </span>
     <span class='ocr_line' id='line_1_82' title="bbox 2744 4064 4307 4158; baseline 0.003 -26"><span class='ocrx_word' id='word_1_527' title='bbox 2744 4065 2921 4134; x_wconf 89' lang='lat' dir='ltr'><strong>ultra</strong></span> <span class='ocrx_word' id='word_1_528' title='bbox 2948 4065 3235 4134; x_wconf 72' lang='lat' dir='ltr'><strong>forsitan</strong></span> <span class='ocrx_word' id='word_1_529' title='bbox 3274 4064 3345 4134; x_wconf 91' lang='lat' dir='ltr'><strong>in</strong></span> <span class='ocrx_word' id='word_1_530' title='bbox 3400 4064 3817 4158; x_wconf 79' lang='lat' dir='ltr'><strong>gehennam,</strong></span> <span class='ocrx_word' id='word_1_531' title='bbox 3864 4077 3934 4137; x_wconf 87' lang='lat' dir='ltr'><strong>et</strong></span> <span class='ocrx_word' id='word_1_532' title='bbox 3979 4067 4115 4138; x_wconf 90' lang='lat' dir='ltr'><strong>hoc</strong></span> <span class='ocrx_word' id='word_1_533' title='bbox 4156 4093 4191 4136; x_wconf 71' lang='grc' dir='ltr'>ι</span> <span class='ocrx_word' id='word_1_534' title='bbox 4235 4070 4307 4137; x_wconf 86' lang='lat' dir='ltr'><strong>in</strong></span> 
     </span>
     <span class='ocr_line' id='line_1_83' title="bbox 2740 4175 4303 4268; baseline 0.003 -26"><span class='ocrx_word' id='word_1_535' title='bbox 2740 4175 3141 4244; x_wconf 74' lang='lat' dir='ltr'><strong>humilitate</strong></span> <span class='ocrx_word' id='word_1_536' title='bbox 3165 4198 3345 4260; x_wconf 86' lang='lat' dir='ltr'><strong>mea,</strong></span> <span class='ocrx_word' id='word_1_537' title='bbox 3382 4202 3416 4242; x_wconf 74' lang='grc' dir='ltr'>ι</span> <span class='ocrx_word' id='word_1_538' title='bbox 3470 4177 3539 4245; x_wconf 92' lang='lat' dir='ltr'><strong>in</strong></span> <span class='ocrx_word' id='word_1_539' title='bbox 3587 4176 3968 4268; x_wconf 83' lang='lat' dir='ltr'><strong>dejectione</strong></span> <span class='ocrx_word' id='word_1_540' title='bbox 4019 4177 4303 4259; x_wconf 86' lang='lat' dir='ltr'><strong>scilicet,</strong></span> 
     </span>
     <span class='ocr_line' id='line_1_84' title="bbox 2742 4283 4310 4378; baseline 0.003 -27"><span class='ocrx_word' id='word_1_541' title='bbox 2742 4291 2809 4351; x_wconf 91' lang='lat' dir='ltr'><strong>et</strong></span> <span class='ocrx_word' id='word_1_542' title='bbox 2838 4283 3231 4363; x_wconf 75' lang='lat' dir='ltr'><strong>afflictione,</strong></span> <span class='ocrx_word' id='word_1_543' title='bbox 3273 4284 3373 4352; x_wconf 88' lang='lat' dir='ltr'><strong>sic</strong></span> <span class='ocrx_word' id='word_1_544' title='bbox 3427 4285 3613 4354; x_wconf 88' lang='lat' dir='ltr'><strong>enim</strong></span> <span class='ocrx_word' id='word_1_545' title='bbox 3662 4285 3992 4378; x_wconf 86' lang='lat' dir='ltr'><strong>accipitur</strong></span> <span class='ocrx_word' id='word_1_546' title='bbox 4030 4284 4310 4356; x_wconf 88' lang='lat' dir='ltr'><strong>humili·</strong></span> 
     </span>
     <span class='ocr_line' id='line_1_85' title="bbox 2744 4390 4311 4487; baseline 0.004 -29"><span class='ocrx_word' id='word_1_547' title='bbox 2744 4397 2870 4458; x_wconf 85' lang='lat' dir='ltr'><strong>tas.</strong></span> <span class='ocrx_word' id='word_1_548' title='bbox 2906 4390 3111 4460; x_wconf 83' lang='lat' dir='ltr'><strong>Eccli.</strong></span> <span class='ocrx_word' id='word_1_549' title='bbox 3145 4412 3221 4471; x_wconf 87' lang='grc' dir='ltr'><strong>ιι,</strong></span> <span class='ocrx_word' id='word_1_550' title='bbox 3255 4392 3297 4458; x_wconf 70' lang='grc'>4</span> <span class='ocrx_word' id='word_1_551' title='bbox 3333 4413 3350 4460; x_wconf 91' lang='lat'><strong>:</strong></span> <span class='ocrx_word' id='word_1_552' title='bbox 3391 4393 3475 4460; x_wconf 90' lang='lat' dir='ltr'><strong>In</strong></span> <span class='ocrx_word' id='word_1_553' title='bbox 3547 4392 3952 4463; x_wconf 74' lang='lat' dir='ltr'><strong>humilitate</strong></span> <span class='ocrx_word' id='word_1_554' title='bbox 3997 4405 4123 4464; x_wconf 87' lang='lat' dir='ltr'><strong>tua</strong></span> <span class='ocrx_word' id='word_1_555' title='bbox 4181 4420 4311 4487; x_wconf 87' lang='lat' dir='ltr'><strong>pa-</strong></span> 
     </span>
     <span class='ocr_line' id='line_1_86' title="bbox 2743 4501 4312 4596; baseline 0.004 -25"><span class='ocrx_word' id='word_1_556' title='bbox 2743 4504 3058 4572; x_wconf 85' lang='lat' dir='ltr'><strong>tientiam</strong></span> <span class='ocrx_word' id='word_1_557' title='bbox 3093 4501 3296 4573; x_wconf 74' lang='lat' dir='ltr'><strong>habe.</strong></span> <span class='ocrx_word' id='word_1_558' title='bbox 3339 4502 3426 4573; x_wconf 80' lang='lat' dir='ltr'><strong>Et</strong></span> <span class='ocrx_word' id='word_1_559' title='bbox 3460 4526 3694 4596; x_wconf 82' lang='lat' dir='ltr'><strong>supra,</strong></span> <span class='ocrx_word' id='word_1_560' title='bbox 3737 4507 3809 4574; x_wconf 89' lang='lat' dir='ltr'><strong>in</strong></span> <span class='ocrx_word' id='word_1_561' title='bbox 3839 4505 4084 4576; x_wconf 86' lang='lat' dir='ltr'><strong>eodem</strong></span> <span class='ocrx_word' id='word_1_562' title='bbox 4125 4507 4312 4577; x_wconf 84' lang='lat' dir='ltr'><strong>Psal-</strong></span> 
     </span>
     <span class='ocr_line' id='line_1_87' title="bbox 2744 4611 4303 4704; baseline 0.003 -25"><span class='ocrx_word' id='word_1_563' title='bbox 2744 4635 2859 4681; x_wconf 92' lang='lat' dir='ltr'><strong>mo</strong></span> <span class='ocrx_word' id='word_1_564' title='bbox 2912 4634 3144 4693; x_wconf 76' lang='lat' dir='ltr'><strong>cxvui,</strong></span> <span class='ocrx_word' id='word_1_565' title='bbox 3178 4611 3263 4680; x_wconf 78' lang='lat'><strong>67</strong></span> <span class='ocrx_word' id='word_1_566' title='bbox 3312 4631 3331 4681; x_wconf 75' lang='lat' dir='ltr'><strong>t</strong></span> <span class='ocrx_word' id='word_1_567' title='bbox 3377 4612 3807 4704; x_wconf 79' lang='lat' dir='ltr'><strong>Priusquam</strong></span> <span class='ocrx_word' id='word_1_568' title='bbox 3857 4613 4303 4696; x_wconf 71' lang='lat' dir='ltr'><strong>humiliarer,</strong></span> 
     </span>
     <span class='ocr_line' id='line_1_88' title="bbox 2741 4715 4309 4811; baseline 0.003 -24"><span class='ocrx_word' id='word_1_569' title='bbox 2741 4742 2864 4810; x_wconf 78' lang='lat' dir='ltr'><strong>eqo</strong></span> <span class='ocrx_word' id='word_1_570' title='bbox 2891 4717 3184 4811; x_wconf 84' lang='lat' dir='ltr'><strong>deliqui.</strong></span> <span class='ocrx_word' id='word_1_571' title='bbox 3236 4717 3322 4787; x_wconf 79' lang='lat' dir='ltr'><strong>Et</strong></span> <span class='ocrx_word' id='word_1_572' title='bbox 3360 4715 3493 4787; x_wconf 91' lang='lat' dir='ltr'><strong>hoc</strong></span> <span class='ocrx_word' id='word_1_573' title='bbox 3542 4743 3577 4786; x_wconf 70' lang='grc' dir='ltr'>ι</span> <span class='ocrx_word' id='word_1_574' title='bbox 3608 4720 3795 4810; x_wconf 80' lang='lat' dir='ltr'><strong>sorte</strong></span> <span class='ocrx_word' id='word_1_575' title='bbox 3821 4743 3846 4788; x_wconf 92' lang='lat'><strong>.·</strong></span> <span class='ocrx_word' id='word_1_576' title='bbox 3891 4745 3925 4785; x_wconf 73' lang='grc' dir='ltr'>ι</span> <span class='ocrx_word' id='word_1_577' title='bbox 3986 4731 4150 4790; x_wconf 84' lang='lat' dir='ltr'><strong>nota</strong></span> <span class='ocrx_word' id='word_1_578' title='bbox 4185 4731 4309 4792; x_wconf 85' lang='lat' dir='ltr'><strong>&#39;est</strong></span> 
     </span>
     <span class='ocr_line' id='line_1_89' title="bbox 2742 4828 4312 4910; baseline 0.003 -11"><span class='ocrx_word' id='word_1_579' title='bbox 2742 4830 2934 4899; x_wconf 88' lang='lat' dir='ltr'><strong>liberi</strong></span> <span class='ocrx_word' id='word_1_580' title='bbox 2977 4829 3268 4899; x_wconf 88' lang='lat' dir='ltr'><strong>arbitrii.</strong></span> <span class='ocrx_word' id='word_1_581' title='bbox 3324 4828 3538 4910; x_wconf 81' lang='lat' dir='ltr'><strong>Quasi</strong></span> <span class='ocrx_word' id='word_1_582' title='bbox 3596 4830 3856 4902; x_wconf 87' lang='lat' dir='ltr'><strong>diceret</strong></span> <span class='ocrx_word' id='word_1_583' title='bbox 3899 4854 3917 4900; x_wconf 85' lang='lat'>:</span> <span class='ocrx_word' id='word_1_584' title='bbox 3971 4860 4006 4896; x_wconf 71' lang='grc' dir='ltr'><strong>α</strong></span> <span class='ocrx_word' id='word_1_585' title='bbox 4041 4836 4312 4905; x_wconf 82' lang='lat' dir='ltr'><strong>Periis-</strong></span> 
     </span>
     <span class='ocr_line' id='line_1_90' title="bbox 2736 4941 4309 5023; baseline 0.003 -13"><span class='ocrx_word' id='word_1_586' title='bbox 2736 4966 2949 5021; x_wconf 78' lang='lat' dir='ltr'><strong>sem,»</strong></span> <span class='ocrx_word' id='word_1_587' title='bbox 3023 4964 3163 5010; x_wconf 90' lang='lat' dir='ltr'><strong>non</strong></span> <span class='ocrx_word' id='word_1_588' title='bbox 3216 4947 3521 5023; x_wconf 86' lang='lat' dir='ltr'><strong>coactus,</strong></span> <span class='ocrx_word' id='word_1_589' title='bbox 3580 4941 3700 5011; x_wconf 88' lang='lat' dir='ltr'><strong>sed</strong></span> <span class='ocrx_word' id='word_1_590' title='bbox 3766 4942 4156 5014; x_wconf 82' lang='lat' dir='ltr'><strong>voluntarie</strong></span> <span class='ocrx_word' id='word_1_591' title='bbox 4221 4946 4309 5014; x_wconf 84' lang='lat' dir='ltr'><strong>ad</strong></span> 
     </span>
     <span class='ocr_line' id='line_1_91' title="bbox 2742 5047 4305 5130; baseline 0.002 -12"><span class='ocrx_word' id='word_1_592' title='bbox 2742 5048 2999 5118; x_wconf 86' lang='lat' dir='ltr'><strong>malum</strong></span> <span class='ocrx_word' id='word_1_593' title='bbox 3056 5047 3447 5119; x_wconf 84' lang='lat' dir='ltr'><strong>inclinatus.</strong></span> <span class='ocrx_word' id='word_1_594' title='bbox 3518 5047 3726 5118; x_wconf 85' lang='lat' dir='ltr'><strong>Eccli.</strong></span> <span class='ocrx_word' id='word_1_595' title='bbox 3769 5072 3890 5130; x_wconf 82' lang='lat' dir='ltr'><strong>xv,</strong></span> <span class='ocrx_word' id='word_1_596' title='bbox 3940 5052 4022 5119; x_wconf 81' lang='lat'><strong>¹8</strong></span> <span class='ocrx_word' id='word_1_597' title='bbox 4065 5072 4083 5120; x_wconf 70' lang='grc' dir='ltr'>ι</span> <span class='ocrx_word' id='word_1_598' title='bbox 4126 5055 4305 5122; x_wconf 79' lang='lat' dir='ltr'><strong>Ante</strong></span> 
     </span>
     <span class='ocr_line' id='line_1_92' title="bbox 2738 5157 4303 5238; baseline 0.003 -10"><span class='ocrx_word' id='word_1_599' title='bbox 2738 5161 3081 5229; x_wconf 78' lang='lat' dir='ltr'><strong>hominem</strong></span> <span class='ocrx_word' id='word_1_600' title='bbox 3109 5161 3255 5228; x_wconf 85' lang='lat' dir='ltr'><strong>vita</strong></span> <span class='ocrx_word' id='word_1_601' title='bbox 3276 5168 3341 5227; x_wconf 89' lang='lat' dir='ltr'><strong>et</strong></span> <span class='ocrx_word' id='word_1_602' title='bbox 3368 5180 3577 5238; x_wconf 84' lang='lat' dir='ltr'><strong>mors,</strong></span> <span class='ocrx_word' id='word_1_603' title='bbox 3612 5157 3869 5228; x_wconf 88' lang='lat' dir='ltr'><strong>bonum</strong></span> <span class='ocrx_word' id='word_1_604' title='bbox 3897 5173 3964 5229; x_wconf 87' lang='lat' dir='ltr'><strong>et</strong></span> <span class='ocrx_word' id='word_1_605' title='bbox 3982 5161 4255 5231; x_wconf 87' lang='lat' dir='ltr'><strong>malum</strong></span> <span class='ocrx_word' id='word_1_606' title='bbox 4276 5186 4303 5232; x_wconf 92' lang='lat'><strong>.·</strong></span> 
     </span>
     <span class='ocr_line' id='line_1_93' title="bbox 2737 5264 4304 5359; baseline 0.002 -23"><span class='ocrx_word' id='word_1_607' title='bbox 2737 5268 2930 5359; x_wconf 85' lang='lat' dir='ltr'><strong>quod</strong></span> <span class='ocrx_word' id='word_1_608' title='bbox 2961 5267 3284 5343; x_wconf 83' lang='lat' dir='ltr'><strong>voluerit,</strong></span> <span class='ocrx_word' id='word_1_609' title='bbox 3317 5264 3606 5334; x_wconf 80' lang='lat' dir='ltr'><strong>dabitur</strong></span> <span class='ocrx_word' id='word_1_610' title='bbox 3648 5267 3736 5345; x_wconf 85' lang='lat' dir='ltr'><strong>ei,</strong></span> <span class='ocrx_word' id='word_1_611' title='bbox 3779 5265 3865 5335; x_wconf 82' lang='lat' dir='ltr'><strong>Et</strong></span> <span class='ocrx_word' id='word_1_612' title='bbox 3903 5265 4060 5347; x_wconf 91' lang='lat' dir='ltr'><strong>hoc,</strong></span> <span class='ocrx_word' id='word_1_613' title='bbox 4099 5293 4134 5336; x_wconf 70' lang='grc' dir='ltr'>ι</span> <span class='ocrx_word' id='word_1_614' title='bbox 4166 5271 4304 5339; x_wconf 73' lang='lat' dir='ltr'><strong>nisi</strong></span> 
     </span>
     <span class='ocr_line' id='line_1_94' title="bbox 2736 5372 4303 5468; baseline 0.003 -26"><span class='ocrx_word' id='word_1_615' title='bbox 2736 5377 2906 5468; x_wconf 83' lang='lat' dir='ltr'><strong>quia</strong></span> <span class='ocrx_word' id='word_1_616' title='bbox 2955 5375 3068 5443; x_wconf 76' lang='lat' dir='ltr'><strong>lea·</strong></span> <span class='ocrx_word' id='word_1_617' title='bbox 3131 5385 3258 5443; x_wconf 85' lang='lat' dir='ltr'><strong>tna</strong></span> <span class='ocrx_word' id='word_1_618' title='bbox 3305 5372 3665 5440; x_wconf 86' lang='lat' dir='ltr'><strong>meditatio</strong></span> <span class='ocrx_word' id='word_1_619' title='bbox 3720 5395 3876 5442; x_wconf 87' lang='lat' dir='ltr'><strong>mea</strong></span> <span class='ocrx_word' id='word_1_620' title='bbox 3922 5389 4046 5462; x_wconf 85' lang='lat' dir='ltr'><strong>est,</strong></span> <span class='ocrx_word' id='word_1_621' title='bbox 4085 5404 4120 5441; x_wconf 69' lang='lat' dir='ltr'><strong>n</strong></span> <span class='ocrx_word' id='word_1_622' title='bbox 4180 5378 4303 5448; x_wconf 87' lang='lat' dir='ltr'><strong>sed</strong></span> 
     </span>
     <span class='ocr_line' id='line_1_95' title="bbox 2736 5481 4293 5576; baseline 0.003 -25"><span class='ocrx_word' id='word_1_623' title='bbox 2736 5484 2883 5573; x_wconf 86' lang='lat' dir='ltr'><strong>ejus</strong></span> <span class='ocrx_word' id='word_1_624' title='bbox 2911 5481 3268 5551; x_wconf 88' lang='lat' dir='ltr'><strong>meditatio</strong></span> <span class='ocrx_word' id='word_1_625' title='bbox 3291 5502 3400 5548; x_wconf 87' lang='lat' dir='ltr'><strong>me</strong></span> <span class='ocrx_word' id='word_1_626' title='bbox 3429 5482 3868 5552; x_wconf 81' lang='lat' dir='ltr'><strong>conservavit</strong></span> <span class='ocrx_word' id='word_1_627' title='bbox 3894 5505 3935 5551; x_wconf 87' lang='lat' dir='ltr'><strong>a</strong></span> <span class='ocrx_word' id='word_1_628' title='bbox 3960 5485 4293 5576; x_wconf 85' lang='lat' dir='ltr'><strong>periculo.</strong></span> 
     </span>
     <span class='ocr_line' id='line_1_96' title="bbox 2732 5591 4305 5671; baseline 0.001 -9"><span class='ocrx_word' id='word_1_629' title='bbox 2732 5594 3274 5671; x_wconf 80' lang='lat' dir='ltr'><strong>Deuteron.v1n,</strong></span> <span class='ocrx_word' id='word_1_630' title='bbox 3324 5593 3405 5659; x_wconf 83' lang='lat'><strong>19</strong></span> <span class='ocrx_word' id='word_1_631' title='bbox 3448 5611 3466 5661; x_wconf 74' lang='grc' dir='ltr'><strong><em>ε</em></strong></span> <span class='ocrx_word' id='word_1_632' title='bbox 3498 5591 3583 5661; x_wconf 89' lang='lat' dir='ltr'><strong>Si</strong></span> <span class='ocrx_word' id='word_1_633' title='bbox 3617 5601 3850 5662; x_wconf 86' lang='lat' dir='ltr'><strong>autem</strong></span> <span class='ocrx_word' id='word_1_634' title='bbox 3878 5596 4141 5666; x_wconf 82' lang='lat' dir='ltr'><strong>oblitus</strong></span> <span class='ocrx_word' id='word_1_635' title='bbox 4160 5599 4305 5666; x_wconf 89' lang='lat' dir='ltr'><strong>Do-</strong></span> 
     </span>
    </p>
   </div>
   <div class='ocr_carea' id='block_1_10' title="bbox 2734 5702 4425 5792">
    <p class='ocr_par' dir='ltr' id='par_1_13' title="bbox 2734 5702 4425 5792">
     <span class='ocr_line' id='line_1_97' title="bbox 2734 5702 4425 5792; baseline 0.004 -22"><span class='ocrx_word' id='word_1_636' title='bbox 2734 5703 2938 5772; x_wconf 88' lang='lat' dir='ltr'><strong>imini</strong></span> <span class='ocrx_word' id='word_1_637' title='bbox 2961 5703 3097 5772; x_wconf 89' lang='lat' dir='ltr'><strong>Dei</strong></span> <span class='ocrx_word' id='word_1_638' title='bbox 3139 5702 3273 5782; x_wconf 87' lang='lat' dir='ltr'><strong>tui,</strong></span> <span class='ocrx_word' id='word_1_639' title='bbox 3313 5709 3586 5771; x_wconf 83' lang='lat' dir='ltr'><strong>secutus</strong></span> <span class='ocrx_word' id='word_1_640' title='bbox 3634 5703 3859 5792; x_wconf 75' lang='lat' dir='ltr'><strong>fueris</strong></span> <span class='ocrx_word' id='word_1_641' title='bbox 3920 5705 4082 5775; x_wconf 83' lang='lat' dir='ltr'><strong>deos</strong></span> <span class='ocrx_word' id='word_1_642' title='bbox 4128 5704 4309 5774; x_wconf 82' lang='lat' dir='ltr'><strong>alie-</strong></span> <span class='ocrx_word' id='word_1_643' title='bbox 4410 5773 4425 5787; x_wconf 86' lang='grc'>,</span> 
     </span>
    </p>
   </div>
  </div>
 </body>
</html>
