5008 6329
1842 345 2555 415 COMMENTARIUS
2603 345 2699 412 IN
2746 343 3179 413 PSALMUM
3230 343 3541 413 CXXVI.

1068 523 1251 590 enim
1283 518 1694 587 haereditas:
1753 520 1915 612 quia
1965 520 2410 613 condignum,
2471 517 2632 608 quia

1068 651 1351 697 merceS.

1155 735 1242 802 Et
1270 743 1591 804 construe
1630 738 1727 806 sic
1757 763 1772 805 ε
1808 736 1985 806 Cum
2055 736 2319 804 dederit
2370 732 2630 801 dilectis

1016 912 1022 915 Α
1066 865 1420 924 somnum,
1494 872 1529 908 α
1598 869 1767 926 ecce,
1819 871 1852 906 n
1928 852 2094 910 tunc
2174 865 2208 906 α
2269 839 2631 907 haereditas

1061 949 1229 1040 filii,
1268 976 1302 1017 ιι
1346 953 1516 1042 justi
1568 952 1853 1030 scilicet,
1915 951 2036 1041 qui
2068 956 2170 1017 est
2227 945 2407 1016 filius
2441 947 2565 1016 Dei
2607 969 2624 1015 τ

1067 1066 1133 1128 et
1162 1082 1317 1128 ecce
1350 1085 1384 1126 α
1426 1083 1701 1139 merces,
1738 1085 1774 1123 ›>
1835 1057 2221 1139 retributio,
2284 1080 2319 1122 α
2358 1059 2631 1147 fructus

1067 1171 1346 1251 ventris,
1373 1195 1407 1236 »
1468 1170 1540 1237 id
1598 1177 1726 1249 est,
1754 1169 1951 1258 justi,
2025 1167 2143 1257 qui
2208 1175 2309 1234 est
2372 1166 2629 1234 fructus

1062 1278 1322 1347 ventris
1344 1278 1689 1347 Ecclesiae.
1727 1276 1891 1345 Mali
1923 1278 2136 1362 enim,
2174 1275 2299 1344 etsi
2341 1298 2633 1343 nascan-

1062 1397 1174 1457 tur
1211 1387 1585 1480 aliquando
1613 1387 1696 1455 de
1734 1386 2066 1470 Ecclesia,
2099 1408 2240 1454 non
2291 1392 2451 1452 sunt
2494 1384 2633 1452 fru-

1061 1505 1235 1583 ctus,
1260 1497 1379 1565 sed
1404 1504 1674 1564 tanturn
1713 1495 1904 1573 boni,
1941 1505 2009 1563 et
2027 1495 2223 1584 justi,
2258 1495 2374 1584 qui
2403 1494 2474 1560 in
2515 1493 2633 1562 bo-

1061 1626 1154 1672 no
1184 1610 1650 1694 perseverant.
1703 1602 1789 1670 11i
1829 1610 1991 1670 sunt
2055 1599 2178 1668 filii
2221 1600 2459 1682 renati,
2520 1622 2631 1668 se-

1062 1712 1368 1781 cundum
1405 1712 1576 1780 illud
1634 1712 1841 1781 Joan.
1916 1732 2015 1789 111,
2080 1711 2120 1777 5
2175 1730 2193 1777 z
2256 1709 2415 1777 Nisi
2475 1710 2630 1798 quis

1062 1829 1345 1889 renatus
1377 1821 1600 1910 suerit
1642 1844 1729 1888 ex
1775 1840 1991 1910 aqua,
2028 1826 2092 1884 et
2139 1816 2417 1909 Spiritu
2462 1837 2630 1882 san-

1059 1938 1191 1996 cto.
1221 1925 1359 1996 Sed
1388 1926 1600 2020 aliqui
1631 1934 1873 2017 postea
1929 1931 2092 1992 sunt
2118 1922 2307 2002 mali,
2341 1923 2459 2013 qui
2487 1942 2628 1988 non

1060 2043 1224 2103 sunt
1260 2033 1529 2103 dicendi
1549 2033 1835 2102 fructus.
1871 2030 2120 2101 Genes.
2155 2052 2248 2114 ιν,
2279 2031 2308 2097 1
2346 2036 2414 2097 et
2448 2049 2624 2119 seq„

1058 2145 1231 2229 Eva,
1267 2167 1422 2237 quae
1451 2143 1580 2212 fuit
1619 2143 1911 2213 formata
1939 2142 2026 2212 de
2047 2140 2259 2210 latere
2282 2138 2449 2207 Adae
2475 2137 2631 2205 dor·

1058 2254 1403 2333 mientis¹,
1461 2254 1821 2346 generavit
1873 2250 2043 2321 Cain
2103 2250 2507 2342 pessimum,
2561 2254 2628 2314 et

1057 2361 1234 2430 Abel
1262 2362 1555 2451 justum.
1620 2359 1758 2429 Sed
1806 2360 1991 2428 veris
2051 2357 2236 2438 filiis,
2280 2356 2395 2448 qui
2465 2360 2627 2423 sunt

1056 2469 1345 2549 fructus,
1381 2468 1583 2538 datur
1618 2467 2005 2537 haereditas.
2068 2464 2313 2535 Genes.
2374 2485 2541 2544 xxv,
2584 2464 2624 2531 5

1057 2580 1186 2650 ete
1215 2601 1233 2644 ι
1264 2578 1478 2649 Dedit
1519 2576 1880 2647 Abraham
1919 2585 2165 2645 cuncta
2201 2597 2354 2667 quse
2387 2594 2630 2666 posse-

1061 2688 1259 2758 derat
1285 2692 1509 2767 Isaac,
1535 2687 1794 2757 scilicet
1814 2685 1957 2755 silio
1984 2707 2111 2754 suo
2145 2705 2162 2752 ε
2200 2682 2378 2774 filiis
2396 2691 2627 2750 autem

1059 2798 1605 2868 concubinarum
1668 2795 1973 2888 larqitus
2024 2802 2124 2863 est
2150 2814 2460 2861 munera.
2521 2788 2627 2857 Ad

1062 2906 1288 2978 Galat.
1325 2932 1418 2991 ιν,
1455 2907 1540 2976 30
1575 2932 1592 2975 z
1627 2908 1784 2977 Non
1814 2906 1999 2974 enim
2027 2902 2240 2972 haeres
2276 2902 2405 2970 erit
2429 2899 2629 2990 filius

1062 3015 1342 3086 ancillae
1378 3039 1537 3085 cum
1560 3014 1719 3105 filio
1753 3012 2010 3082 liberoe.
2053 3010 2180 3080 His
2227 3031 2390 3102 ergo
2429 3006 2627 3077 datur

1060 3123 1423 3196 haereditas
1453 3122 1735 3194 Christi.
1776 3120 1889 3192 Ad
1950 3120 2249 3190 Roman.
2294 3140 2441 3201 vm,
2481 3117 2559 3185 Π
2607 3138 2623 3185 :

1064 3236 1271 3324 Quod
1294 3236 1358 3304 si
1382 3234 1547 3325 filii,
1572 3244 1637 3302 et
1662 3232 1963 3302 haeredes
1983 3254 2007 3300 .·
2034 3229 2332 3300 haeredes
2351 3227 2628 3320 quidem

1059 3346 1217 3425 Dei,
1252 3344 1628 3414 cohaeredes
1667 3354 1900 3413 autem
1944 3341 2221 3413 Christi.

1150 3453 1279 3523 vel
1302 3455 1401 3522 sic
1418 3460 1647 3545 potest
1673 3451 1811 3544 legi
1865 3474 1943 3522 z«
1975 3451 2149 3520 Cum
2179 3447 2441 3517 dederit
2460 3442 2630 3512 dile·

1060 3564 1186 3632 ctis
1225 3563 1373 3631 suis
1407 3583 1760 3640 somnum,
1790 3585 1824 3626 »
1858 3567 2049 3644 tunc,
2092 3557 2225 3626 hoc
2254 3562 2381 3636 est,
2418 3583 2451 3617 «
2482 3575 2627 3621 ecce

1057 3669 1428 3740 haereditas
1472 3669 1789 3752 Domini,
1838 3667 2009 3757 filii,
2074 3691 2108 3732 »
2184 3664 2462 3734 venient
2540 3657 2626 3727 ad

1059 3779 1424 3873 praemium
1456 3787 1823 3861 aeternum,
1854 3774 2114 3846 scilicet
2158 3774 2328 3865 justi
2364 3796 2381 3841 ε
2444 3790 2622 3863 quae,

1061 3889 1373 3980 inquam,
1456 3883 1851 3963 haereditas,
1906 3883 1976 3953 id
2005 3890 2133 3965 est,
2176 3881 2293 3974 qui
2330 3885 2489 3948 sunt
2517 3878 2628 3968 ju·

1059 3998 1176 4084 sti,
1222 4007 1385 4066 sunt
1414 4024 1450 4063 ι
1486 4019 1738 4065 merces
1798 3997 2077 4085 fructus
2133 3990 2411 4069 ventris,
2457 4021 2493 4052 n
2556 3986 2625 4055 id

1058 4112 1186 4187 est,
1205 4103 1459 4174 Christi
1484 4101 1820 4185 hominis,
1855 4101 1974 4193 qui
2006 4100 2135 4169 ruit
2170 4098 2430 4168 fructus
2458 4116 2624 4164 ven·

1058 4214 1180 4281 tris
1233 4209 1619 4304 virginalis.
1681 4208 1865 4278 Psal.
1937 4231 2012 4290 ιι,
2083 4208 2168 4276 8:
2231 4203 2435 4275 Dabo
2493 4200 2627 4271 tibi

1063 4323 1306 4392 Gentes
1324 4319 1801 4389 haereditatem
1832 4329 2059 4387 tuam.

1151 4672 1189 4713 α
1226 4647 1424 4720 Sicut
1448 4646 1749 4737 saqittoe.
1789 4668 1823 4707 ι
1858 4640 1990 4712 llic
2027 4641 2372 4734 quintum,
2406 4646 2474 4707 et
2513 4635 2619 4706 ul-

1059 4753 1330 4830 timum,
1367 4754 1438 4821 in
1470 4774 1608 4844 quo
1650 4749 1953 4820 ostendit
1994 4771 2119 4840 per
2155 4769 2328 4840 quos
2364 4768 2620 4815 secun-

1056 4861 1222 4930 dum
1262 4883 1473 4931 uuam
1513 4860 1852 4930 lecturam
1884 4856 2145 4927 Glossae
2183 4856 2495 4926 venietur
2530 4852 2618 4924 ad

1051 4968 1241 5038 illam
1273 4967 1799 5039 retributionem
1836 4989 1854 5036 ε
1883 4974 1952 5036 et
1979 4974 2359 5058 tanguntur
2413 4961 2615 5055 quasi

1047 5077 1186 5146 duo
1213 5078 1461 5147 media.
1526 5076 1790 5154 Primo,
1850 5072 2190 5165 Apostoli.
2265 5069 2613 5151 Secunde,

1048 5186 1552 5277 Apostolorum
1585 5182 1981 5276 spirituales
2038 5179 2184 5261 filii,
2245 5181 2366 5263 ibi,
2444 5209 2477 5243 α
2502 5180 2617 5249 Ita

1044 5296 1193 5385 filii
1219 5319 1691 5366 excussorum.

1137 5404 1258 5473 Ait
1286 5403 1475 5474 enim
1511 5425 1528 5471 :
1567 5401 1684 5471 Sic
1722 5401 1904 5480 dico,
1950 5399 2137 5492 quod
2165 5399 2436 5469 dabitur
2461 5405 2618 5490 post

1052 5534 1380 5581 somnum
1412 5509 1805 5593 haereditas,
1839 5516 1907 5578 et
1959 5530 2243 5577 merces.
2310 5506 2397 5576 Et
2432 5503 2615 5575 unde

1124 5743 1146 5781 ¹
1172 5742 1253 5802 Cr.
1288 5743 1504 5801 cenes.
1536 5758 1601 5808 ιι,
1630 5743 1695 5800 2¹
1731 5747 1793 5799 et
1811 5757 1944 5815 seq.

4164 341 4294 424 373

2747 514 2929 583 hoc?
2968 514 3143 594 Quia
3184 541 3220 577 α
3245 515 3419 581 sicut
3446 516 3743 604 saqittae,
3776 538 3809 575 ι)
3844 511 3914 579 id
3944 519 4069 590 est,
4111 509 4296 577 acuti

2746 633 2809 690 et
2846 622 3293 712 penetrabiles
3357 620 3697 712 Apostoli,
3778 647 3812 684 «
3849 621 3920 686 in
3974 640 4214 696 manu,
4254 640 4288 681 ιι

2745 730 2811 796 id
2841 737 2963 806 est,
2998 752 3038 796 a
3070 752 3279 797 manu
3321 753 3352 794 α
3380 730 3700 819 potentis,
3729 753 3762 793 ι)
3796 727 3865 794 id
3904 735 4028 808 est,
4091 724 4294 792 Chri-

2744 839 2852 917 sti,
2874 837 3137 929 supple,
3170 845 3328 905 sunt
3357 858 3677 916 excussae,
3704 835 3772 903 id
3801 843 3926 915 est,
3962 857 4080 924 per
4102 855 4301 900 mun·
4363 873 4366 878 -

2745 944 2907 1012 dum
2944 946 3027 1012 ad
3075 944 3581 1036 praedicandum
3621 944 3870 1011 missae.
3925 941 4078 1010 Istae
4135 946 4295 1008 sunt

2744 1051 3002 1139 sagittae
3040 1049 3121 1118 de
3196 1050 3467 1141 quibus,
3511 1049 3855 1128 Habacuc,
3891 1072 3986 1135 ιιι,
4047 1049 4121 1114 11
4155 1070 4171 1114 :
4212 1046 4298 1114 In

2749 1156 2893 1224 luce
2917 1159 3338 1248 saqittarum
3369 1170 3677 1235 tuarum,
3713 1158 3910 1225 ibunt
3950 1159 4022 1224 in
4057 1155 4292 1247 splen-

2745 1263 2904 1331 dore
2926 1264 3370 1356 sulqurantis
3396 1267 3612 1334 lzastae
3650 1276 3807 1334 tuae.
3876 1264 3964 1331 Et
3992 1284 4291 1332 excussae

2744 1380 2901 1438 sunt
2938 1379 3006 1440 et
3035 1375 3286 1454 missae,
3330 1373 3538 1443 Marc.
3574 1397 3714 1460 xvx,
3755 1375 3833 1441 15
3863 1393 3878 1439 :
3931 1374 4193 1440 Euntes
4222 1370 4296 1436 in

2743 1481 3079 1550 mundum
3105 1485 3523 1563 universum,
3563 1483 3934 1576 praedicate
3970 1484 4297 1571 Evanqe-

2746 1587 2918 1655 lium
2949 1591 3138 1657 omni
3173 1602 3523 1660 creaturas.
3591 1591 3697 1675 Et,
3768 1589 4007 1659 Matth.
4045 1612 4116 1667 x,
4163 1588 4288 1655 16:

2741 1697 2911 1764 Ecce
2973 1721 3096 1787 eqo
3162 1701 3360 1768 mitto
3421 1722 3560 1768 vos.
3651 1697 3835 1766 Psal.
3897 1721 4063 1782 xvn,
4136 1696 4217 1764 15
4271 1715 4287 1762 ε

2739 1805 2934 1873 Misit
3054 1810 3350 1898 saqittas
3451 1832 3640 1893 suas,
3739 1818 3801 1877 et
3931 1804 4296 1897 dissipavit

2746 1933 2880 1982 eos.

2832 2050 2864 2086 «
2897 2024 3011 2091 lta
3048 2024 3192 2114 filii
3219 2049 3687 2107 excussorum,
3732 2050 3767 2093 ι
3799 2025 3870 2094 id
3901 2034 4027 2105 est,
4095 2024 4295 2116 Apo-

2738 2131 3096 2215 stolorum,
3129 2134 3395 2227 supple,
3427 2144 3589 2206 sunt
3642 2136 3933 2215 excussi,
3994 2144 4061 2204 et
4098 2135 4290 2203 missi

2736 2262 2856 2331 per
2904 2241 3239 2311 mundum
3309 2246 3732 2324 universum,
3790 2245 4189 2335 Dionysius,
4223 2249 4291 2311 et

2739 2346 3129 2429 Quintinus,
3159 2360 3224 2420 et
3255 2350 3624 2432 Firminus,
3667 2362 3735 2422 et
3800 2351 4289 2427 Praedicatores

2739 2454 2877 2522 alii.
2917 2457 3100 2527 Psal.
3134 2482 3317 2541 xmv,
3384 2462 3512 2529 17.-
3559 2464 3701 2530 Pro
3752 2459 4080 2553 patribus
4125 2460 4290 2541 tuis,

2734 2564 3079 2655 Apostolis
3107 2566 3385 2648 scilicet,
3417 2570 3573 2638 nati
3594 2578 3758 2637 sunt
3786 2567 3918 2636 tibi
3943 2566 4111 2659 filii,
4137 2588 4301 2636 suc-

2739 2693 3035 2742 cessores
3101 2675 3241 2744 alii.

2829 2779 2944 2850 Sic
2974 2784 3179 2853 etiam
3217 2793 3450 2875 posset
3484 2785 3620 2878 legi
3655 2808 3671 2853 :
3715 2814 3748 2848 α
3787 2786 3987 2856 Sicut
4020 2786 4294 2878 saqittoe

2739 2889 2809 2955 in
2848 2912 3060 2958 manu
3075 2895 3408 2985 potentis,
3461 2917 3496 2960 t
3556 2892 3818 2963 fortiter
3855 2896 4286 2980 emittuntur,

2740 3024 2773 3063 ι
2800 2999 2900 3066 ita
2924 2998 3071 3088 filii
3094 3023 3561 3081 excussorum,
3590 3027 3624 3068 ιι
3659 3003 3723 3072 id
3758 3011 3885 3086 est,
3915 3003 4289 3095 Apostolo-

2743 3128 2922 3183 rum,
2965 3108 3081 3199 qui
3150 3111 3416 3180 excussi
3454 3118 3615 3180 sunt
3655 3117 3719 3181 et
3757 3110 4067 3206 dispersi,
4108 3112 4286 3183 etde

2737 3216 3006 3285 civitate
3029 3219 3101 3286 in
3129 3218 3472 3289 civitatem
3495 3221 3762 3311 dejecti,
3785 3221 4052 3315 supple,
4079 3222 4290 3292 emit-

2738 3331 2887 3392 tunt
2907 3324 3171 3395 fortiter
3186 3328 3468 3419 sagittas
3494 3327 4026 3421 Scripturarum.
4052 3330 4290 3423 Scrip-

2736 3440 2888 3502 tura
2924 3435 3109 3504 enim
3128 3443 3230 3505 est
3251 3436 3539 3527 sagitta:
3575 3437 3645 3506 iu
3666 3439 3914 3530 sagitta
3942 3439 4123 3508 enim
4157 3440 4290 3508 tria

2742 3550 2899 3610 sunt
2932 3541 3257 3625 tremum,
3286 3544 3473 3636 quod
3503 3554 3604 3615 cst
3630 3547 4014 3616 constantia
4031 3546 4290 3615 volun-

2733 3652 2889 3719 tatis
2932 3673 2949 3722 τ
3011 3651 3231 3733 hasta,
3274 3654 3582 3746 operatio
3656 3654 3839 3724 bona
3890 3654 4281 3747 :pennulae,

2733 3759 3031 3851 cognitio
3062 3767 3131 3830 et
3182 3759 3474 3830 intentio
3505 3783 3655 3853 quae
3695 3768 3915 3831 totum
3954 3762 4281 3856 dirigunt.

2732 3864 2858 3935 vel
2889 3866 2986 3937 sic
3046 3867 3292 3937 melius
3330 3867 3503 3938 forte
3534 3878 3752 3940 totum
3795 3879 4025 3962 posset
4080 3869 4288 3940 intel-

2731 3976 2877 4068 ligi,
2909 3984 2987 4045 ut
3017 3985 3426 4047 monstraret
3472 3976 3754 4048 modum
3810 3978 4129 4048 veniendi
4197 3978 4286 4049 ad

2730 4082 3111 4174 praemium.
3150 4082 3361 4163 Quasi
3402 4082 3693 4155 diceret:
3740 4082 3856 4154 Sic
3883 4084 4051 4170 dixi,
4092 4084 4282 4178 quod

2729 4188 3000 4259 dabitur
3015 4212 3272 4261 merces
3291 4200 3449 4283 post
3462 4213 3786 4261 somnum
3812 4213 3829 4260 ε
3857 4198 3925 4261 et
3939 4190 4279 4283 numquid

2730 4300 2855 4368 erit
2874 4320 3071 4369 mora
3090 4296 3298 4392 longa
3312 4301 3348 4367 ¹?
3366 4298 3551 4380 Non,
3576 4300 3717 4370 imo
3738 4300 3914 4370 sicut
3940 4299 4186 4392 sagitta
4206 4299 4280 4369 in

2730 4430 2963 4488 manu,
3004 4406 3074 4476 id
3102 4414 3229 4488 est,
3263 4430 3304 4476 a
3333 4431 3545 4479 manu
3573 4408 3870 4501 potentis
3920 4407 4186 4479 fortiter
4211 4415 4282 4479 et

2726 4514 2922 4585 valde
2949 4515 3084 4586 cito
3122 4524 3189 4585 et
3217 4517 3413 4609 quasi
3442 4516 4068 4611 imperceptibiliter
4083 4527 4282 4586 tran-

2727 4623 2837 4706 sit,
2880 4623 2970 4692 ita
3010 4622 3130 4692 filii
3179 4647 3624 4697 excussorum
3689 4625 3888 4696 valde
3942 4625 4076 4696 cito
4114 4648 4280 4718 per-

2726 4730 3111 4801 transibunt
3135 4731 3223 4800 ad
3253 4735 3643 4825 praemium.

2814 5098 2848 5139 α
2879 5073 3136 5143 Beatus
3165 5075 3273 5143 vir
3293 5074 3420 5166 qui
3446 5072 3781 5168 implevit.
3805 5102 3838 5139 ιο
3877 5074 4004 5146 nie
4025 5098 4270 5148 secun-

2724 5181 2913 5265 dum,
2958 5182 3031 5250 in
3061 5205 3199 5275 quo
3238 5182 3582 5253 beatificat
3636 5186 3734 5253 sic
3796 5186 4271 5276 pervenientes

2722 5289 2808 5359 ad
2833 5291 3222 5383 praemium,
3281 5292 3457 5361 sicut
3511 5291 3766 5361 dictum
3825 5298 3949 5362 est.
4019 5292 4271 5364 Beatos

2721 5409 2948 5469 autem
2977 5420 3095 5469 eos
3122 5399 3469 5490 praedicat,
3505 5407 3573 5469 et
3607 5401 4063 5492 pronuntiata
4093 5401 4275 5472 duo-

2720 5503 2873 5574 bus.
2907 5504 3168 5585 Primo,
3212 5505 3298 5573 ab
3348 5504 3708 5597 adeptione
3745 5503 3935 5575 boni.
4001 5506 4270 5578 Secun-

4427 5075 4486 5147 ὅ
