5008 6329
1932 417 2645 487 COMMENTARIUS
2694 417 2788 483 IN
2835 415 3274 484 PSALMUM
3325 414 3631 483 CXXIV.
4262 396 4390 466 363

954 622 1010 686 ι
1257 585 1439 652 Dicit
1471 609 1678 678 ergo:
1720 614 1752 654 α
1791 591 1931 674 Qui
1986 591 2344 680 confidunt
2391 590 2462 654 in
2499 587 2739 655 Domi-
2847 613 2878 648 «
2915 595 3195 664 monleS,
3243 609 3274 649 n
3309 585 3518 651 sancti
3568 581 3821 650 scilicet
3866 579 4008 645 vita
4075 577 4389 642 eminen-

824 721 982 767 Prim·
1027 731 1141 777 pm
1168 714 1283 771 πο,
1312 716 1344 756 >)
1372 715 1511 760 non
1555 697 1622 762 in
1656 697 1945 780 mundo,
1981 696 2246 786 supple,
2283 703 2441 762 sunt
2473 695 2648 759 firmi
2673 700 2736 758 et
2843 694 3073 771 tioreS,
3114 717 3147 757 α
3183 694 3250 758 in
3290 693 3578 758 circuitu
3609 690 3787 778 ejus,
3835 714 3867 754 »
3905 687 3986 754 ad
4018 707 4191 775 quos
4218 703 4388 750 ocu-

888 774 1086 821 ¹³⁸⁸¹m⁵‘
1176 798 1478 880 stabileS,
1511 828 1544 868 α
1577 805 1759 872 sicut
1778 828 1973 872 mons
1997 805 2186 871 Sion.
2227 829 2261 864 »
2284 802 2539 869 Jerem.
2568 824 2730 877 xvu,
2842 801 2945 869 los
2973 802 3280 893 superius
3320 801 3592 882 levavit,
3619 821 3846 888 supra,
3882 793 4063 862 Psal.
4108 816 4260 870 cxx,
4303 793 4330 857 1
4362 811 4378 858 ε

1170 907 1208 972 7
1243 931 1258 974 z
1304 911 1725 980 Benedictus
1783 916 1891 980 vir
1942 914 2067 1002 qui
2124 911 2409 999 confidit
2466 912 2535 975 in
2588 913 2736 977 Do-
2840 914 3090 980 Levavi
3127 912 3356 979 oculos
3385 934 3566 977 meos
3609 911 3681 975 in
3745 916 4026 974 montes.
4099 900 4379 970 Zachar.

1169 1016 1381 1084 mino.
1428 1017 1723 1110 Propter
1800 1019 1986 1109 quod
2053 1018 2323 1101 dicitur,
2367 1016 2573 1084 Eccli.
2637 1040 2728 1095 xi,
2843 1043 2935 1104 1x,
2979 1020 3062 1087 8:
3102 1017 3553 1088 Circumdabo
3593 1016 3875 1082 domum
3914 1033 4138 1080 meam
4167 1033 4252 1078 ea:
4279 1008 4387 1075 his

1167 1124 1296 1191 22:
1337 1126 1629 1217 Confide
1667 1130 1740 1195 in
1762 1130 1935 1207 Deo,
1972 1137 2036 1195 et
2067 1149 2267 1194 mane
2309 1129 2380 1194 in
2414 1127 2558 1194 loeo
2588 1137 2730 1194 tuo.
2840 1128 2963 1217 qui
3000 1126 3309 1195 militant
3361 1127 3554 1192 milii.
3607 1120 3871 1201 Judith,
3931 1143 4049 1200 vn,
4084 1120 4168 1187 8:
4213 1116 4387 1186 Filii

1165 1229 1374 1299 Eccli.
1410 1257 1630 1313 xxxu,
1674 1236 1762 1302 28
1794 1257 1809 1300 z
1850 1236 1990 1320 Qui
2017 1235 2304 1323 confidit
2341 1236 2414 1302 in
2465 1258 2565 1314 eo,
2600 1237 2735 1301 sci·
2837 1233 3063 1300 Israel
3087 1256 3221 1300 non
3252 1235 3324 1299 in
3358 1233 3593 1298 lancea
3621 1252 3740 1296 nee
3797 1229 3870 1295 in
3916 1227 4177 1317 saqitta
4217 1246 4386 1291 eon-

1164 1338 1323 1410 licet
1351 1344 1422 1409 in
1452 1343 1782 1422 Domino,
1853 1368 1991 1411 non
2061 1343 2544 1422 minorabitur,
2615 1343 2729 1410 sed

1165 1447 1371 1516 stabit
1413 1448 1681 1519 firmuS.

1256 1581 1288 1621 α
1324 1557 1480 1623 Νοη
1509 1557 2073 1626 commovebitur.
2103 1585 2138 1621 »
2164 1560 2292 1627 Hic
2322 1556 2723 1627 secundum.

1164 1663 1375 1743 Quasi
1408 1665 1710 1734 diceret:
1748 1665 1880 1746 Qui
1914 1666 2221 1749 contidit,
2266 1665 2526 1733 stabilis
2557 1665 2721 1732 erit:

1160 1780 1226 1841 et
1261 1799 1293 1839 α
1338 1777 1464 1864 qui
1499 1774 1778 1844 habitat
1810 1778 1881 1844 in
1928 1777 2316 1844 Jerusalem
2358 1800 2391 1841 s
2436 1773 2552 1842 illa
2609 1797 2729 1841 su-

1158 1904 1372 1971 perna
1403 1904 1524 1972 per
1570 1905 1766 1974 spem
1799 1891 1867 1951 et
1933 1883 2443 1962 confidentiam,
2491 1906 2525 1948 α
2592 1904 2727 1948 non

1158 1987 1703 2056 commovebitur
1760 1990 1833 2056 in
1899 1999 2257 2057 aeternum.
2294 2012 2331 2053 ι
2391 1985 2720 2055 Proverb.

1154 2118 1273 2174 xu,
1321 2095 1401 2163 3:
1465 2095 1708 2164 Radix
1743 2094 2111 2185 justorum
2158 2119 2296 2164 non
2345 2117 2726 2163 eommove-

1157 2200 1368 2268 bitur.
1402 2200 1463 2266 11
1492 2199 1810 2269 Machab.
1858 2226 1930 2285 n,
1966 2204 2040 2270 6!
2087 2225 2103 2271 2
2146 2203 2393 2270 Omnes
2422 2202 2546 2291 qui
2580 2225 2724 2291 spe·

1153 2318 1314 2375 rant
1342 2309 1415 2375 in
1444 2330 1628 2391 eum,
1664 2308 1922 2378 scilicet
1989 2309 2056 2376 in
2122 2309 2525 2389 Dominum,
2585 2329 2721 2374 non

1154 2415 1629 2504 infirmantur.
1713 2415 2048 2485 Proverb.
2128 2439 2199 2494 x,
2262 2417 2346 2484 25
2400 2439 2416 2483 :
2476 2417 2721 2483 Justus

1150 2524 1354 2612 quasi
1407 2523 1955 2612 fundamentum
2019 2526 2537 2616 sempiternum.
2584 2522 2720 2590 Sed

1152 2632 1528 2720 opponitur
1569 2651 1586 2700 ε
1651 2629 1831 2711 Quia
1897 2632 2097 2701 multi
2137 2631 2526 2702 habuerunt
2563 2654 2721 2700 con-

1153 2737 1531 2821 fidentiam,
1578 2747 1643 2808 et
1722 2741 1792 2808 in
1850 2743 2124 2809 aeternis
2190 2764 2407 2833 spem,
2460 2741 2574 2832 qui
2622 2747 2720 2808 ta-

1151 2869 1308 2915 men
1349 2858 1590 2938 postea
1623 2849 1796 2917 moti
1827 2858 2011 2918 sunt.
2061 2850 2135 2917 Si
2188 2849 2473 2928 dicatur,
2534 2848 2718 2939 quod

1153 2953 1575 3041 conjunctim
1610 2953 2162 3046 intelligendum,
2199 2953 2330 3023 hoc
2387 2953 2557 3021 nihil
2588 2963 2712 3032 est,

1154 3064 1315 3152 quia
1347 3084 1489 3130 non
1529 3072 1710 3132 esset
1738 3062 1872 3132 hoc
1903 3086 2275 3155 magnum:
2310 3063 2475 3131 dum
2532 3063 2715 3131 enim

1159 3171 1465 3258 contidit,
1544 3183 1809 3243 certum
1868 3182 1972 3243 est
2041 3173 2228 3265 quod
2300 3196 2440 3241 non
2497 3171 2714 3241 cadet.

1152 3280 1446 3373 Propter
1483 3282 1616 3352 hoc
1646 3284 2043 3363 dicendum,
2080 3283 2261 3377 quod
2302 3282 2435 3352 hoc
2472 3282 2721 3353 dicitur

1148 3397 1431 3480 propter
1497 3388 1932 3474 charitatem,
1990 3414 2143 3483 quae
2220 3390 2564 3460 sufficiens
2620 3399 2719 3459 est

1151 3497 1341 3566 omni
1375 3498 1739 3566 tentationi
1805 3501 2144 3568 resistere.
2215 3497 2433 3568 Aliter
2490 3508 2717 3568 nutem

1150 3606 1611 3695 exponiturin
1644 3605 1915 3692 Glossa,
1948 3606 2311 3699 dupliciter
2341 3608 2717 3678 secundum

1149 3709 1491 3802 duplicem
1538 3712 1866 3782 litteram.
1918 3714 2067 3782 Una
2106 3711 2309 3783 habet
2349 3723 2717 3806 utrumque

1148 3818 1439 3888 verbum
1473 3820 1544 3889 in
1580 3820 1859 3913 plurali,
1902 3821 2288 3911 confidunt,
2320 3830 2387 3892 et
2422 3846 2719 3891 commo·

1153 3922 1518 4022 vehuntur.
1552 3925 1714 3995 Alia
1742 3924 1953 3996 habet
1982 3926 2054 3995 in
2096 3926 2424 4019 singulari
2456 3935 2718 3996 utrum·

1152 4054 1312 4124 que,
1349 4060 1384 4100 ι
1427 4035 1736 4113 contidit,
1784 4060 1818 4101 ι»
1852 4043 1921 4105 et
1954 4064 1990 4101 α
2022 4035 2597 4106 commovebitur.
2635 4062 2669 4102 ι

1251 4388 1283 4423 α
1312 4359 1583 4427 Montes
1658 4358 1731 4426 in
1778 4359 2076 4428 circuitu
2104 4358 2283 4450 ejus.
2333 4389 2366 4423 n
2425 4358 2553 4430 nic
2619 4369 2721 4431 est

1154 4466 1562 4552 secundum,
1600 4467 1670 4535 in
1700 4488 1839 4559 quo
1872 4468 2619 4537 monstratur.tirmitns
2648 4470 2718 4538 in

1153 4574 1514 4665 patiendiS.
1570 4572 1656 4642 Et
1710 4576 1961 4665 prim0.
2025 4576 2328 4668 tangitur
2380 4575 2720 4646 firmitatis

1152 4683 1401 4763 oratio,
1433 4684 1772 4774 protectio
1809 4681 2066 4751 scilicet
2098 4705 2136 4751 s
2180 4684 2353 4763 Dee,
2398 4692 2465 4753 et
2494 4708 2535 4753 a
2562 4707 2722 4753 ssu·

1150 4789 1299 4858 ctis.
1360 4786 1710 4873 Secund0,
1780 4812 1820 4857 a
1853 4812 1991 4881 quo
2067 4791 2153 4858 sit
2203 4790 2319 4858 illa
2347 4793 2714 4882 protectio,

1150 4896 1271 4977 ibi,
1302 4902 1368 4974 ᾖ.
1400 4898 1441 4966 3
1474 4918 1489 4965 :
1528 4924 1563 4960 α
1602 4897 1787 4981 Quia
1816 4920 1953 4964 non
1986 4898 2352 4990 relinquet.
2389 4927 2422 4962 »

1240 5004 1574 5097 lnfprima
1612 5004 1751 5072 duo
1782 5005 2162 5074 secundum
2204 5006 2545 5098 duplicem
2605 5031 2719 5076 rs-

1143 5115 1412 5183 tionem
1476 5113 1907 5205 protegendi.
1981 5112 2244 5194 Primo,
2323 5125 2717 5185 sanctorum

1147 5205 1488 5301 custodia,
1522 5218 1634 5289 vel
1676 5217 2073 5306 hominum,
2104 5221 2216 5290 vel
2260 5221 2711 5315 Angelorum.

1136 5316 1500 5409 Secundo,
1536 5327 1754 5418 ipsius
1785 5326 1939 5408 Dei,
1984 5326 2052 5394 iu
2094 5350 2231 5421 quo
2290 5338 2392 5399 est
2418 5338 2718 5422 potestas

1132 5433 1372 5527 'prima
1401 5434 1839 5528 protegendi,
1872 5434 1997 5516 ibi,
2034 5461 2068 5501 α
2109 5438 2207 5527 Et
2246 5439 2592 5531 Dominus
2648 5440 2716 5507 in

1138 5543 1467 5614 circuitu.
1505 5567 1542 5611 s

1242 5651 1421 5721 Dicit
1457 5674 1625 5743 ergo
1658 5673 1674 5719 :
1712 5650 1828 5720 Sic
1886 5652 2199 5721 firmatus
2229 5661 2333 5722 est
2378 5654 2495 5745 qui
2545 5678 2716 5726 cou-

1151 5760 1297 5829 tidit
1320 5761 1388 5828 in
1409 5758 1743 5843 Domine,
1771 5768 1845 5828 ut
1864 5757 2068 5829 faciat
2097 5761 2383 5842 bouum,
2410 5771 2476 5832 et
2506 5764 2708 5832 etiam

2833 1341 3089 1430 fidunt,
3121 1341 3242 1408 sed
3267 1349 3522 1407 montes
3551 1337 3929 1429 defendunt
3968 1334 4154 1401 illos.

2926 1586 2957 1621 «
3002 1561 3096 1626 Et
3116 1560 3478 1626 Dominus.
3517 1583 3550 1623 »
3585 1556 3713 1624 Hic
3742 1555 4149 1633 secundum,
4192 1551 4383 1620 scili-

2834 1674 2938 1735 cet
2973 1667 3303 1756 protectio
3333 1666 3416 1733 ab
3459 1667 3602 1755 ipso
3671 1665 3994 1732 Domino.
4039 1664 4126 1730 Et
4163 1659 4383 1751 tangi-

2832 1782 2942 1841 tur
2985 1776 3208 1865 primo
3239 1776 3589 1865 protectio.
3629 1772 3971 1849 Secundo,
4009 1769 4374 1861 protectio·

2834 1883 2937 1949 nis
2968 1883 3259 1964 duratio,
3294 1883 3412 1964 ibi,
3450 1910 3484 1947 «
3516 1884 3633 1950 Ex
3660 1882 3785 1949 Ιιοε
3811 1903 4019 1948 nunc.
4067 1904 4100 1944 n

2918 1989 3100 2058 Dicit
3163 2012 3364 2081 ergo:
3441 1989 3555 2058 Sic
3610 1989 3824 2057 sancti
3881 1988 4249 2056 existentes
4308 1985 4377 2051 in

2829 2098 3114 2165 circuitu
3135 2120 3251 2166 eos
3279 2104 3670 2189 protegunt,
3700 2124 3733 2159 α
3766 2105 3830 2162 et
3859 2121 3892 2161 n
3928 2095 4137 2163 etiam
4174 2118 4206 2158 α
4241 2094 4382 2160 Do-

2828 2207 3057 2274 minus
3089 2231 3123 2272 1»
3177 2215 3276 2274 est
3326 2235 3359 2271 «
3404 2209 3473 2273 in
3531 2207 3824 2274 circuitu
3859 2204 4115 2296 populi
4158 2202 4295 2270 sui.
4343 2225 4377 2266 ι»

2825 2312 3101 2382 Zachar.
3128 2336 3200 2394 11,
3221 2316 3259 2382 ὃ
3311 2335 3326 2382 :
3386 2317 3534 2404 qu
3565 2337 3677 2382 ero
3700 2314 3795 2381 eis
3822 2334 4066 2380 murus
4098 2311 4282 2401 iynis
4310 2309 4385 2374 in

2823 2420 3136 2487 circuitu.
3182 2416 3309 2486 Isa.
3376 2441 3565 2498 xxvi,
3603 2420 3629 2486 1
3681 2440 3697 2486 ε
3736 2416 3912 2486 Urbs
3946 2413 4387 2506 fortitudinis

2823 2538 3070 2595 nostroe
3089 2527 3293 2596 Sion:
3315 2550 3394 2595 sa
3403 2527 3625 2595 lvator
3632 2536 3930 2618 ponetur
3950 2526 4021 2590 in
4036 2547 4116 2591 ea
4139 2543 4383 2590 murus

2824 2642 2889 2701 et
2917 2634 3367 2701 antemurale.
3404 2633 3694 2702 Necesse
3735 2640 3839 2700 est
3885 2631 4069 2700 enim
4138 2629 4379 2696 Domi-

2826 2763 2993 2809 num
3015 2741 3352 2810 custodire
3383 2764 3568 2822 ευοε,
3594 2749 3661 2808 et
3681 2763 3799 2809 eos
3828 2739 4154 2808 circuire:
4192 2738 4381 2827 quis»

2822 2847 2848 2915 1
2886 2848 3068 2917 Petr.
3113 2872 3180 2935 v,
3215 2851 3280 2932 8,
3334 2848 3613 2917 dicitur:
3656 2847 4115 2917 Adversarius
4166 2853 4382 2912 vester

2822 2954 3147 3023 diabolus
3207 2964 3563 3047 tamquam
3619 2954 3721 3023 leo
3769 2955 4050 3046 ruqieus
4102 2951 4373 3030 circuit,

2820 3071 2948 3131 etc.
2981 3063 3068 3132 Et
3122 3063 3450 3142 membra,
3486 3063 3741 3132 scilicet
3771 3060 4029 3130 diaboli
4079 3061 4382 3130 circum-

2822 3180 3006 3239 eunt.
3070 3169 3249 3241 Pssl.
3307 3195 3400 3254 xi,
3433 3174 3501 3257 9,
3551 3193 3806 3263 supra:
3880 3171 3963 3239 In
4049 3169 4371 3249 circuitu,

2822 3278 3088 3370 supple,
3130 3280 3499 3369 justorum,
3562 3279 3763 3370 impii
3827 3275 4224 3359 ambulant,
4288 3273 4377 3342 ad

2820 3387 3338 3458 subversionem
3378 3388 3678 3457 illorum.

2914 3520 2948 3560 α
2975 3498 3092 3564 Ex
3117 3497 3242 3565 hoe
3268 3520 3449 3596 nutu:
3484 3507 3549 3565 et
3587 3518 3801 3587 usque
3840 3497 3910 3562 in
3966 3495 4303 3564 saeculum
4333 3522 4365 3557 n

2821 3604 3124 3673 futurum
3153 3614 3307 3697 post
3334 3605 3535 3674 istud.
3580 3605 3740 3673 llaec
3768 3614 3870 3673 est
3901 3603 4202 3682 durati0,
4237 3602 4371 3671 hoc

2821 3723 2922 3784 est
2974 3714 3153 3806 quod
3210 3715 3568 3807 promittit,
3639 3712 3881 3782 Matth.
3951 3734 4192 3796 xxvm,
4234 3714 4364 3779 20:

2822 3826 2997 3891 Ecce
3021 3844 3144 3914 eqo
3182 3818 3522 3889 vobiscum
3557 3843 3715 3889 sum
3782 3841 3996 3911 usque
4055 3818 4157 3887 ad
4206 3840 4372 3886 con-

2817 3929 3344 3999 summationem
3379 3928 3638 3998 saeculi.

2916 4273 2951 4316 ι
2988 4251 3171 4337 Quia
3233 4269 3367 4317 uon
3426 4248 3787 4340 relinquet.
3849 4274 3882 4310 ιο
3952 4245 4084 4316 llic
4121 4269 4373 4316 secun-

2824 4357 3015 4436 dum,
3058 4358 3127 4425 in
3168 4379 3303 4448 quo
3331 4355 3713 4426 ostenditur
3741 4378 3782 4424 a
3811 4377 3949 4448 quo
3992 4364 4375 4448 protegun-

2825 4474 2935 4534 tur
2978 4489 3018 4534 ει
3083 4466 3231 4535 Deo
3271 4474 3339 4534 et
3376 4488 3418 4534 a
3466 4464 3759 4534 Sanctis.
3823 4462 4085 4545 Primn,
4140 4466 4303 4556 quia
4332 4488 4374 4534 a

2822 4599 3025 4667 poenn
3045 4574 3244 4643 inalis
3272 4575 3551 4644 inflicta.
3581 4572 3928 4659 Secundo,
3963 4576 4122 4667 quia
4151 4599 4192 4644 a
4221 4576 4374 4645 cul-

2823 4708 2934 4777 pa,
2979 4708 3066 4754 ne
3093 4683 3339 4754 cadant
3365 4707 3485 4775 per
3520 4684 4043 4775 impatientiam,
4085 4684 4194 4754 vel
4237 4683 4372 4754 alio

2824 4792 3034 4862 modo
3078 4793 3145 4860 in
3186 4790 3324 4870 illa,
3360 4791 3478 4870 ibi,
3525 4817 3560 4857 ι
3607 4792 3697 4859 Ut
3722 4814 3858 4859 uon
3898 4792 4294 4865 extendant.
4336 4819 4373 4860 ι

2913 4899 3093 4968 Dicit
3131 4919 3335 4991 ergo:
3409 4897 3522 4967 Sic
3573 4897 3738 4978 dixi,
3786 4899 3974 4990 quod
4032 4900 4375 4970 Dominus

2821 5015 2920 5074 est
2988 5006 3058 5073 iu
3137 5006 3421 5074 circuitu
3487 5028 3773 5074 suorum
3817 5027 3834 5075 t
3899 5006 4082 5098 quod
4154 5014 4368 5099 patet,

2822 5146 2856 5182 «
2900 5117 3068 5209 quia
3096 5139 3229 5184 non
3260 5113 3600 5207 relinquet
3624 5117 3994 5197 Dominus,
4039 5142 4073 5182 ι
4109 5118 4226 5207 qui
4254 5139 4372 5186 au-

2820 5224 2995 5293 ferre
3034 5231 3279 5315 potest,
3318 5250 3353 5289 «
3382 5246 3591 5315 super
3622 5235 3875 5292 sortem
3893 5224 4286 5314 justorum,
4334 5256 4368 5291 ι»

2822 5332 2890 5400 id
2919 5341 3045 5413 est,
3086 5355 3292 5425 super
3327 5339 3627 5411 sanctos,
3662 5332 3778 5423 qui
3816 5341 3977 5399 suut
4005 5331 4153 5422 ejus
4189 5357 4366 5416 sors,

2818 5440 2926 5508 vel
2958 5439 3041 5509 de
3070 5447 3251 5509 sorte
3281 5440 3449 5529 ejus.
3486 5437 3595 5506 Ad
3643 5437 3908 5507 Coloss.
3966 5461 4011 5525 ι,
4069 5445 4149 5510 12
4179 5463 4196 5512 t
4232 5444 4372 5513 Di-

2816 5572 2989 5641 qnos
3011 5571 3135 5617 nos
3157 5550 3322 5640 fecit
3348 5549 3420 5615 in
3444 5555 3716 5640 partem
3741 5553 3947 5618 sortis
3973 5562 4369 5622 sanctorum

2820 5660 2891 5727 in
2941 5657 3225 5727 lumine.
3279 5682 3314 5722 ι
3373 5657 3650 5747 Virqam
3695 5670 4157 5751 peccatorum,
4204 5686 4238 5727 ι»
4299 5661 4369 5730 id

2821 5776 2949 5845 est,
2995 5764 3471 5857 potestativam
3511 5763 3950 5836 afflictionem
3986 5768 4369 5837 :Dominus
