5008 6329
783 327 912 395 466

1759 325 1843 396 D.
1919 326 2116 393 ALB.
2169 325 2386 393 MAG.
2440 324 2647 395 ORD.
2700 328 2973 396 PRAED

2026 851 2476 924 PSALMUS
2511 851 2730 922 CXL.

1488 1193 1691 1264 Petit
1724 1196 1883 1286 regi
1926 1216 1969 1262 a
2015 1193 2322 1263 Domino
2368 1203 2685 1285 tempore
2713 1191 3254 1281 persecutionis.

831 1558 886 1602 ι.
944 1534 1280 1601 Psalmus
1323 1530 1581 1600 David.

911 1640 1245 1724 Domine,
1324 1639 1626 1709 clamavi
1710 1641 1797 1709 ad
1875 1658 1970 1723 te,
2058 1638 2312 1707 exaudi

1036 1769 1153 1817 me
1188 1768 1204 1814 ε
1241 1745 1535 1816 intende
1565 1746 1721 1816 voci
1753 1768 1955 1825 meae,
1979 1767 2146 1815 cum
2168 1747 2314 1814 cla-

1039 1874 1333 1925 mavero
1364 1854 1454 1923 ad
1496 1872 1590 1924 te.

820 1985 886 2033 2.
942 1961 1312 2054 Dirigatur
1364 1962 1598 2031 oratio
1628 1983 1788 2031 mea
1835 1961 2020 2030 sicut
2066 1961 2316 2031 incen-

1036 2090 1202 2139 sum
1243 2067 1315 2138 in
1347 2086 1737 2161 conspectu
1781 2087 1956 2138 tuo:
2012 2067 2312 2138 elevatio

1035 2197 1391 2247 manuum
1471 2197 1800 2246 mearum
1886 2175 2312 2246 sacrificium

1036 2284 1554 2377 vespertinum.

817 2397 882 2466 3.
939 2395 1166 2479 Pone,
1192 2393 1529 2477 Domine,
1552 2393 1956 2464 custodiam
1977 2392 2083 2463 ori
2117 2415 2307 2473 me0‚

1036 2518 1104 2571 et
1152 2498 1426 2570 ostium
1488 2499 2046 2570 circumstantiae
2102 2500 2310 2570 labiis

1034 2608 1245 2679 meis.

812 2739 882 2806 4.
939 2717 1106 2787 Non
1147 2716 1464 2786 declines
1525 2737 1651 2786 cor
1696 2736 1941 2785 meum
1992 2715 2064 2784 in
2097 2714 2311 2784 verba

1034 2819 1358 2903 malitiae,
1398 2821 1489 2891 ad
1539 2822 1979 2892 excusandas
2021 2842 2311 2892 excusa-

1037 2929 1271 3000 tiones
1312 2929 1384 2999 in
1416 2928 1728 3020 peccatis

947 3033 1138 3107 Cum
1205 3034 1632 3106 hominibus
1670 3034 2133 3127 operantibus
2170 3034 2311 3106 ini-

1034 3141 1389 3235 quitatem
1422 3166 1439 3212 :
1473 3160 1544 3214 et
1584 3164 1728 3213 non
1759 3140 2310 3213 communicabo

1036 3269 1208 3320 cum
1255 3249 1503 3320 electis
1543 3271 1823 3321 eorum.

814 3362 881 3430 5.
938 3353 1304 3450 Corripiet
1344 3380 1462 3429 me
1519 3358 1754 3449 justus
1799 3358 1868 3429 in
1908 3356 2312 3428 misericor-

1031 3463 1176 3549 dia,
1237 3482 1306 3535 et
1365 3464 1765 3558 increpabit
1810 3486 1927 3535 me
1988 3488 2005 3533 :
2065 3464 2309 3535 oleum

1028 3589 1271 3642 autem
1305 3571 1700 3666 peccatoris
1729 3595 1874 3643 non
1904 3570 2309 3665 impinguet

1026 3696 1242 3772 caput
1279 3701 1560 3764 meum,

1126 4158 1222 4226 IN
1284 4157 1724 4230 PSALMUM
1771 4161 1946 4231 CXL

1258 4396 1764 4444 couxtmunms
1773 4430 1787 4445 .

1117 4720 1148 4753 α
1179 4691 1507 4759 Psalmus
1549 4692 1785 4761 David
1820 4695 1863 4761 ⁸.
1901 4722 1936 4757 n

843 5033 876 5072 ι
931 5009 1242 5086 Domine,
1275 5008 1577 5076 clamavi
1620 5011 1719 5078 ad
1778 5023 1862 5079 te.
1915 5041 1945 5073 n
2013 5011 2137 5082 1150
2189 5022 2291 5081 est

754 5112 1064 5180 psalmus
1121 5119 1530 5182 centesimus
1597 5118 2151 5209 quadragvsimus
2220 5120 2284 5186 iu

818 5374 839 5410 ¹
867 5374 909 5430 ll
939 5380 1031 5432 est
1057 5375 1426 5449 impossible.
1459 5378 1547 5435 dit
1578 5380 1647 5436 Μ.
1683 5379 1869 5436 l'abbe
1926 5382 2181 5448 Lesetre,
2210 5381 2283 5438 de

745 5462 1114 5520 determinet·
1139 5464 1455 5523 l'occasion
1479 5467 1581 5539 qui
1622 5468 1849 5541 inspira
1878 5486 1945 5525 ce
1978 5486 2218 5543 psaume
2247 5473 2284 5529 ὸ,

746 5549 945 5607 navid.
980 5550 1267 5609 Delilzsch
1298 5554 1421 5624 (qui
1451 5553 1505 5609 le
1531 5552 1638 5610 fait
1678 5572 1989 5630 composer
2029 5559 2221 5631 plutot
2247 5560 2282 5617 ὰ

745 5635 806 5693 la
835 5638 1098 5696 maniere
1128 5637 1201 5697 de
1234 5638 1414 5696 David
1436 5657 1551 5712 que
1580 5657 1690 5714 par
1716 5643 1895 5701 David
1943 5646 2281 5722 lui-meme)

2602 1533 2974 1622 Quoniam
3030 1533 3267 1602 adhuc
3320 1550 3388 1602 et
3437 1532 3672 1602 oratio
3703 1556 3863 1604 mea
3901 1534 3974 1601 in

2696 1638 3161 1730 beneplacitis
3209 1660 3490 1709 eorum.

2469 1750 2538 1819 6.
2591 1746 2939 1852 Absorpti
2981 1765 3152 1817 sunt
3184 1747 3408 1837 juncti
3443 1766 3662 1839 petrae
3703 1747 3979 1839 judices

2694 1874 2947 1924 eorum
3018 1874 3035 1922 ε

2600 1960 2923 2030 Audient
2971 1959 3188 2029 verba
3226 1982 3415 2041 mea,
3456 1961 3813 2054 quoniam
3844 1984 3981 2054 po-

2693 2083 3013 2137 tuerunt.
3058 2126 3065 2133 .

2470 2199 2538 2261 7.
2592 2173 2796 2246 Sicut
2843 2172 3247 2244 crassitudo
3306 2193 3518 2245 terrae
3566 2194 3821 2268 erupta
3869 2194 3977 2246 est

2692 2304 2910 2375 super
2958 2297 3250 2367 terram,

2607 2388 2971 2481 Dissipata
3012 2408 3180 2458 sunt
3242 2410 3407 2459 ossa
3467 2406 3712 2460 nostra
3769 2412 3975 2460 secus

2692 2495 3085 2565 infernum.

2467 2605 2537 2675 8.
2591 2602 2786 2694 Quia
2814 2603 2906 2672 ad
2938 2601 3388 2682 te‚Domine‚
3418 2603 3751 2690 Domine,
3779 2605 3975 2674 oculi

2690 2709 2833 2781 mei
2887 2729 2904 2777 ε
2942 2708 3013 2778 in
3045 2726 3114 2778 te
3154 2708 3464 2801 speravi,
3510 2730 3656 2778 non
3689 2707 3972 2780 auferas

2689 2816 3010 2887 animam
3038 2839 3303 2887 meam.

2463 2950 2533 3021 9.
2589 2924 2898 2998 Custodi
2999 2946 3118 2996 me
3215 2948 3258 2995 a
3359 2925 3648 3017 laqueo.
3742 2945 3966 3017 quem

2690 3047 3096 3103 statuerunt
3206 3030 3416 3110 milti,
3486 3048 3561 3101 et
3649 3053 3692 3100 a
3756 3052 3968 3100 scan-

2688 3138 2873 3210 dalis
3008 3136 3469 3232 operantium
3604 3137 3978 3234 iniquita·

2691 3263 2862 3317 tem.

2430 3378 2542 3426 to.
2592 3351 2875 3426 Cadent
2904 3352 2978 3424 in
3031 3351 3375 3424 retiaculo
3423 3350 3582 3442 ejus
3651 3370 3977 3446 peccato·

2688 3482 2827 3532 res.

2598 3566 3079 3663 singulariter
3105 3589 3273 3639 sum
3303 3589 3465 3662 ego,
3490 3567 3724 3638 donec
3746 3584 3975 3638 trans·

2686 3698 2868 3750 eam.

2404 4061 2550 4124 toto
2576 4047 2781 4126 libro,
2814 4048 2886 4115 in
2912 4047 3114 4114 tertia
3182 4068 3349 4114 vero
3417 4054 3612 4136 parte
3661 4043 3969 4136 quadra-

2404 4161 2733 4254 gesimus.
2770 4153 3161 4224 Secundum
3193 4154 3507 4222 Glossam
3534 4163 3793 4237 autem,
3820 4174 3963 4220 non

2403 4272 2673 4340 diversa
2700 4266 3025 4336 dicuntur
3051 4265 3121 4333 in
3152 4264 3285 4334 hoo
3324 4264 3608 4333 Psalmo
3657 4286 3866 4355 quam
3899 4265 3970 4331 in

2401 4376 2555 4445 aliis
2592 4370 3156 4467 praecedentibus,
3197 4371 3499 4440 maxime
3544 4370 3632 4439 ad
3707 4372 3973 4439 oratio-

2400 4508 2560 4553 nem
2592 4479 3111 4575 pertinentibus,
3146 4478 3265 4548 sed
3293 4478 3448 4548 aliis
3486 4477 3716 4547 verbis
3765 4500 3971 4571 repe-

2399 4592 2590 4670 titur,
2633 4588 2822 4681 quod
2856 4588 3171 4679 superius
3215 4587 3472 4657 dicium
3541 4595 3694 4656 est:
3775 4588 3962 4678 quia,

2398 4700 2572 4766 sicut
2600 4696 2764 4765 dicit
2791 4693 3057 4773 Glossa,
3107 4694 3355 4784 saepius
3428 4701 3701 4783 oportet
3761 4716 3963 4762 com-

2400 4809 2769 4878 memorari
2799 4805 2983 4898 quod
3019 4807 3205 4897 cogit
3260 4803 3559 4873 mundus
3593 4803 3939 4873 oblivisci.

2397 4914 2481 4983 Et
2528 4922 2887 5006 propterea
2926 4935 3066 4982 non
3095 4910 3345 4980 suflicit
3407 4911 3621 4980 semel
3696 4933 3955 4991 orasse,

2396 5022 2513 5090 sed
2548 5044 2818 5090 necesse
2848 5029 2950 5088 est
3007 5021 3074 5086 in
3114 5020 3425 5087 oratione
3491 5040 3952 5111 pet-severare.

2397 5129 2573 5196 sicut
2631 5127 2964 5195 Dominus
3030 5125 3262 5192 docuit
3319 5123 3694 5215 discipulos
3761 5147 3951 5201 suos,

2393 5390 2454 5441 et
2492 5388 2769 5444 Perowne
2803 5386 2861 5443 le
2901 5385 3136 5443 croient
3168 5386 3248 5446 du
3294 5395 3491 5462 temps
3536 5386 3696 5446 dela
3726 5389 3948 5446 revolte

2392 5474 2730 5532 d’Absalon.
2762 5476 2832 5531 u.
2868 5476 2942 5531 Le
2967 5475 3139 5533 liii-le
3169 5484 3449 5550 rapporte
3497 5479 3536 5536 a
3582 5478 3643 5535 la
3685 5486 3842 5536 mort
3869 5479 3946 5539 de

2391 5563 2552 5631 Saul,
2584 5572 2644 5621 et
2672 5564 2707 5621 ὰ
2733 5564 2794 5621 la
2821 5565 3097 5622 nouvelle
3126 5567 3228 5640 qui
3286 5583 3363 5624 en
3418 5565 3510 5623 fut
3562 5570 3875 5625 annoncee
3903 5568 3942 5625 a

2391 5651 2570 5709 David
2603 5650 2994 5723 3‘1'h60doret,
3022 5653 3175 5712 dans
3195 5671 3305 5712 son
3343 5655 3800 5725 commentaire,
3832 5654 3942 5712 fait
