5008 6329
682 3177 831 3227 Nullo
873 3180 952 3223 ent

688 3232 943 3333 0323&
1011 3228 1124 3305 tis,
1171 3250 1205 3291 ιι
1235 3225 1410 3293 sicut
1432 3222 1557 3301 illi,
1591 3221 1711 3313 qui
1749 3219 1985 3287 dicunt
2015 3222 2289 3307 peccata
2319 3223 2387 3283 et
2405 3213 2579 3281 tacta

1775 365 2488 439 COMMENTARIUS
2538 365 2634 433 IN
2681 366 3119 442 PSALMUM
3170 374 3367 446 CXL.

991 547 1107 607 tur
1143 562 1159 606 ε
1199 541 1361 631 quia
1399 563 1526 609 nec
1564 564 1833 632 semper
1889 548 2197 631 apertum
2249 560 2394 605 esse
2433 535 2559 601 de·-

993 645 1132 716 bet.
1169 646 1370 727 Quia,
1416 648 1749 718 Proverb.
1785 672 1956 725 xxv,
1994 647 2079 713 28
2117 668 2130 711 :
2166 646 2363 712 Sicut
2396 639 2560 707 urbs

987 765 1236 844 patens
1284 766 1348 825 et
1395 756 1651 847 absque
1696 774 2060 822 murorum
2100 749 2393 825 ambitu,
2458 749 2557 814 ita

993 865 1100 929 vir
1140 866 1425 954 quinon
1461 872 1684 953 potest
1729 865 1802 927 in
1873 858 2213 949 loquendo
2253 855 2560 923 cohibere

993 973 1321 1062 spiritum
1357 993 1588 1038 suum.
1617 967 1822 1036 Eccli.
1857 989 2099 1047 xxvui,
2126 965 2212 1032 28
2255 988 2271 1032 :
2316 966 2411 1032 E't
2454 966 2561 1030 ori

997 1090 1113 1148 tuo
1150 1083 1368 1171 facito
1400 1081 1602 1146 ostia.

1098 1407 1319 1476 «Non
1373 1403 1695 1473 declines.
1740 1427 1775 1464 ιι
1837 1399 1967 1466 Hic
2031 1395 2430 1472 secundum,
2491 1393 2561 1459 in

1000 1536 1140 1606 quo
1189 1510 1512 1588 ostendit,
1576 1507 1663 1576 ad
1714 1507 1878 1597 quid
1934 1503 2123 1571 illam
2181 1500 2561 1569 custodiam

998 1619 1301 1688 ordinari
1335 1615 1497 1684 velit
1532 1637 1546 1681 :
1583 1623 1652 1682 et
1706 1612 2026 1680 dicuntur
2080 1609 2240 1676 du0.
2299 1607 2561 1687 Primo,

998 1729 1160 1819 quia
1192 1726 1275 1793 ad
1306 1722 1438 1791 hoc
1468 1730 1545 1789 ut
1576 1720 1661 1788 ad
1682 1718 1894 1787 verba
1924 1715 2206 1785 malitiae
2238 1714 2568 1807 generali-

995 1843 1101 1903 ter
1150 1855 1293 1901 non
1336 1829 1681 1923 procedat.
1750 1824 2097 1901 Secunde,
2160 1823 2567 1892 determinat

996 1940 1386 2034 specialiter
1423 1938 1618 2026 cujus
1650 1933 1954 2010 malitiae,
1991 1932 2251 2000 scilicet
2282 1952 2569 1999 excusa-

995 2051 1208 2117 tionis
1240 2046 1484 2137 culpae‚
1519 2044 1639 2119 ibi,
1677 2066 1712 2108 ι
1753 2039 1871 2108 Ad
1902 2037 2359 2108 excusandas.
2398 2060 2432 2101 ι

1086 2157 1205 2222 Ait
1244 2175 1407 2245 ergo
1444 2175 1458 2219 :
1508 2150 1705 2242 Rogo
1745 2157 1823 2216 ut
1860 2170 1941 2215 os
1981 2145 2354 2226 custodias,
2389 2152 2455 2212 et
2482 2141 2570 2209 ad

998 2261 1134 2331 hoc
1152 2270 1231 2330 ut
1266 2283 1386 2330 cor
1407 2280 1666 2332 meum,
1701 2255 1784 2323 de
1826 2255 2026 2343 cujus
2049 2251 2473 2320 abundantia
2490 2271 2569 2319 os

1000 2367 1312 2458 loquitur
1341 2379 1389 2447 ¹,
1439 2391 1474 2427 (ι
1505 2384 1643 2430 non
1693 2359 1991 2427 declinet
2059 2359 2130 2424 in
2171 2354 2376 2424 verba
2416 2376 2572 2421 ma-

1007 2475 1200 2542 titioe.
1247 2497 1281 2538 ι
1329 2471 1586 2540 Jerem.
1648 2489 1830 2548 me,
1896 2466 1990 2533 4:
2054 2464 2292 2534 Nolite
2344 2467 2574 2553 lacere

1003 2583 1285 2651 verbum
1333 2577 1899 2648 abominationis,
1986 2570 2214 2641 Verba
2290 2570 2570 2639 malitiae

1003 2698 1165 2758 sunt
1207 2688 1432 2757 dicere
1483 2687 1666 2753 bona
1722 2681 1929 2759 mala,
2000 2689 2070 2749 et
2123 2677 2305 2745 mala
2360 2677 2566 2745 bona.

1004 2796 1137 2864 lsa.
1163 2817 1235 2875 v,
1269 2793 1355 2862 20
1383 2815 1399 2861 :
1441 2792 1547 2858 Vae
1574 2791 1699 2880 qui
1727 2787 1960 2856 dicitis
1988 2784 2261 2853 malum
2289 2782 2569 2857 bonum,

1005 2914 1070 2973 et
1100 2902 1356 2970 bonum
1385 2898 1680 2967 malum.
1720 2895 1807 2963 Et
1833 2894 1993 2976 hoc,
2044 2922 2075 2954 α
2116 2890 2213 2959 ad
2247 2913 2577 2959 excusan-

1006 3012 1134 3102 das
1162 3007 1660 3085 excusationes,
1698 3029 1731 3069 ιι
1765 3001 1898 3071 hoc
1919 3009 2045 3081 est,
2081 2999 2167 3068 ad
2188 2996 2575 3067 laciendum

1009 3127 1079 3189 et
1112 3113 1588 3186 fabricandum
1618 3110 2116 3189 excusationes,
2163 3131 2198 3174 ι
2240 3108 2310 3174 in
2343 3127 2578 3198 pecca·

1013 3358 1138 3404 sua
1167 3354 1316 3402 esse
1355 3353 1396 3400 a
1426 3351 1613 3407 casu,
1674 3327 1977 3396 dicentes
2035 3322 2203 3392 illud
2235 3320 2493 3389 Habac.
2529 3341 2577 3399 1,

1018 3442 1101 3509 14
1149 3463 1165 3510 :
1208 3439 1449 3508 Facies
1503 3434 1810 3503 homines
1854 3433 2032 3499 sicut
2078 3431 2298 3521 pisces
2338 3428 2577 3503 maris,

1014 3559 1079 3619 et
1125 3547 1331 3639 quasi
1376 3542 1623 3635 reptile
1665 3562 1802 3609 non
1872 3536 2128 3606 habens
2164 3535 2579 3628 principem.

1014 3656 1152 3725 Alii
1201 3661 1480 3746 propter
1544 3650 1846 3723 divitias,
1944 3654 2011 3714 et
2085 3651 2583 3735 paupertatem,

1019 3760 1355 3833 Proverb.
1419 3781 1582 3836 xxx,
1614 3758 1653 3825 8
1711 3764 1781 3824 et
1807 3757 1902 3823 9:
1955 3752 2475 3821 Mendicitatem
2527 3756 2591 3815 et

1021 3872 1307 3940 divitias
1342 3890 1429 3936 ne
1456 3865 1725 3934 dederis
1744 3862 2003 3930 milii...
2047 3881 2072 3929 .·
2102 3882 2186 3927 ne
2211 3859 2395 3949 sorte
2420 3880 2590 3924 sau-

1021 3981 1247 4049 ciatus
1275 3976 1561 4045 alliciar
1589 3971 1685 4041 ad
1724 3968 2150 4061 neqandum,
2192 3976 2257 4034 et
2295 3965 2523 4033 dicam
2565 3986 2588 4031 .·

1029 4088 1200 4173 Quis
1228 4094 1328 4154 est
1352 4083 1701 4153 Dominus
1730 4075 1772 4145 P
1799 4087 1925 4144 aut
1955 4083 2250 4165 eyestate
2285 4070 2595 4162 compul-

1022 4217 1168 4271 sus,
1198 4194 1425 4284 furer,
1468 4198 1531 4256 et
1552 4184 1911 4280 perjurem
1959 4203 2204 4251 nomen
2260 4181 2395 4248 Dei
2430 4178 2589 4248 mei.

1025 4300 1182 4380 Vel,
1243 4305 1530 4390 propter
1589 4294 1989 4362 societatem
2065 4287 2346 4366 malam,
2423 4288 2598 4355 sicut

1028 4407 1279 4483 Adam,
1313 4402 1563 4471 Genes.
1598 4421 1695 4481 ιιι,
1743 4398 1824 4465 12
1868 4418 1885 4463 :
1918 4394 2185 4464 Mulier
2229 4415 2441 4484 quam
2472 4391 2598 4460 de-

1030 4512 1200 4581 disti
1227 4508 1405 4578 milii
1428 4506 1713 4582 sociam,
1739 4503 2008 4591 decepit
2037 4523 2173 4577 me,
2207 4498 2399 4566 dedit
2423 4497 2599 4564 milii

1029 4620 1114 4690 de
1153 4619 1370 4709 liqno,
1414 4624 1478 4684 et
1504 4610 1790 4682 comedi.
1843 4608 1982 4676 Alii
2012 4629 2136 4698 per
2171 4604 2464 4673 aliorum
2503 4606 2596 4672 si·

1033 4725 1521 4801 militudinem,
1555 4720 1855 4789 dicentes
1904 4714 2074 4783 illud
2112 4713 2206 4780 ΙΙΙ
2242 4713 2413 4804 Ileg.
2449 4736 2593 4792 xix,

1033 4837 1074 4904 4
1110 4857 1126 4902 :
1161 4835 1300 4904 Nec
1336 4853 1460 4922 eqo
1492 4827 1741 4897 melior
1761 4846 1919 4892 sum
1939 4845 2150 4913 quam
2174 4831 2411 4913 patres
2437 4821 2593 4888 mei.

1032 4940 1171 5010 Alii
1204 4947 1483 5033 propter
1508 4932 1859 5028 propriam
1900 4928 2395 5003 conditionem,
2437 4950 2598 4995 con·

1033 5059 1140 5119 tra
1169 5067 1372 5140 quos,
1405 5042 1615 5112 Eccli.
1655 5062 1775 5121 κν,
1813 5038 1894 5105 12
1931 5059 1948 5105 :
1999 5037 2155 5106 Non
2187 5034 2380 5102 dicas
2403 5057 2426 5102 .·
2464 5034 2601 5102 Ille

1037 5180 1146 5227 me
1175 5151 1597 5246 implanavit
1627 5171 1649 5216 .·
1671 5169 1809 5216 non
1841 5145 2022 5213 enim
2048 5143 2415 5211 necessarii
2435 5151 2600 5209 sunt

1035 5260 1099 5334 ei
1152 5262 1459 5333 homines
1541 5256 1767 5348 impii.
1853 5252 2015 5329 Sed,
2079 5249 2543 5341 Hieronymus
2578 5271 2593 5316 ε

1039 5398 1074 5440 ι
1108 5370 1392 5443 Dimitte
1431 5362 1968 5438 excusationem,
1994 5380 2198 5427 nemo
2239 5367 2472 5448 peccat
2501 5355 2602 5423 iu·

1042 5507 1076 5549 ι
1109 5480 1321 5549 vitus.
1366 5500 1401 5542 ι

1111 5753 1131 5790 ¹
1159 5748 1367 5811 nauh.
1397 5765 1501 5821 ιιι,
1531 5748 1601 5803 34
1632 5761 1648 5803 :
1675 5743 1762 5801 Ec
1804 5740 2158 5800 abundantia
2203 5740 2388 5800 cordis
2415 5757 2474 5799 os
2502 5742 2595 5798 10-

4074 381 4202 447 469

2753 565 2785 603 «
2824 541 2993 608 Cum
3023 543 3417 613 hominibus
3444 547 3902 637 operantibus.
3940 571 3972 611 ιι
4000 546 4204 626 Nota,

2662 645 2844 731 quod
2902 644 3030 713 hoc
3086 650 3333 737 pendet
3408 675 3491 719 ex
3559 654 3989 744 praecedenti,
4052 655 4145 719 sic
4186 675 4200 720 :

2663 749 2815 816 Non
2846 750 3138 820 declinet
3159 777 3277 822 cor
3307 779 3535 824 meum
3570 761 3636 824 in
3671 759 3875 826 verba
3908 757 4205 841 malitia»,

2662 855 2747 921 ad
2787 858 3204 926 excusandas
3250 864 3723 930 excusationes
3782 866 3850 929 in
3887 865 4204 953 peccatis,

2667 992 2699 1032 α
2734 990 2888 1034 cum
2943 969 3338 1040 bominibus
3398 973 3837 1064 operantibus
3874 975 4215 1063 iniquita-

2666 1084 2820 1152 tem,
2868 1101 2901 1141 »
2946 1076 3013 1143 id
3055 1086 3179 1156 est,
3234 1080 3409 1147 sicut
3457 1080 3737 1159 faciunt,
3799 1089 3865 1149 et
3911 1080 4218 1150 fecerunt

2665 1183 2887 1262 multi,
2940 1188 3055 1275 qui
3113 1187 3507 1278 iniquitates
3563 1192 3873 1281 proprias
3932 1211 4219 1257 excusa-

2664 1301 2910 1360 verunt
2942 1317 2957 1360 ε
3000 1294 3247 1373 Adam,
3299 1298 3472 1365 sicut
3507 1307 3765 1366 tactum
3795 1306 3920 1382 est,
3964 1297 4209 1365 Genes.

2667 1425 2763 1484 111,
2823 1404 2953 1469 12:
3006 1411 3072 1471 et
3106 1401 3295 1480 Saul,
3344 1404 3369 1469 I
3421 1403 3591 1495 Reg.
3651 1428 3797 1483 xm,
3875 1407 3948 1471 11
3999 1427 4015 1472 :
4064 1404 4220 1472 Vidi

2668 1509 2856 1598 quod
2864 1510 3171 1600 populus
3191 1508 3676 1578 dilaberetura
3714 1534 3844 1592 me,
3885 1520 3948 1577 et
3976 1521 4053 1577 tu
4079 1534 4215 1577 non

2670 1637 2943 1682 veneras
2984 1615 3209 1705 juxta
3248 1616 3547 1708 placitos
3603 1617 3767 1684 dies.
3829 1616 3976 1684 Hoc
4031 1618 4215 1683 enim

2672 1729 2772 1788 est
2834 1730 3186 1812 peccatum
3235 1723 3400 1789 satis
3456 1723 3795 1813 generale.
3856 1721 4020 1790 Luc.
4075 1744 4215 1800 xlv,

2676 1827 2756 1894 18
2792 1851 2806 1894 :
2845 1830 2934 1895 Εἰ
2971 1840 3315 1920 coeperunt
3357 1830 3578 1897 simul
3602 1852 3831 1897 omnes
3868 1851 4215 1896 eaecusare.

2765 2067 2798 2103 α
2833 2043 2927 2108 Et
2989 2063 3125 2109 non
3181 2041 3719 2111 communicabo,
3767 2066 3799 2106 ιι
3860 2041 4221 2109 Praemissa

2674 2147 2998 2236 petitione
3034 2156 3110 2215 ut
3160 2159 3480 2217 caveatur
3534 2148 3630 2217 illi
3662 2171 3700 2216 a
3737 2157 4011 2238 peccato
4051 2149 4215 2226 oriS,

2674 2256 3107 2346 subjungitur
3160 2256 3416 2325 tructus
3472 2279 3759 2348 sequens
3831 2279 3916 2325 ex
3956 2279 4222 2347 praece-

2675 2364 2857 2433 denti
2889 2365 3070 2433 bono
3102 2367 3160 2432 si
3197 2366 3630 2434 concedatur.
3665 2366 3924 2444 Primo,
3961 2367 4028 2432 in
4071 2366 4220 2455 ipso

2677 2474 2790 2564 qui
2832 2473 3019 2563 petit.
3066 2470 3407 2550 Secundo,
3444 2473 3514 2540 in
3579 2473 3752 2555 aliie,
3805 2480 4033 2539 tamen
4074 2470 4224 2538 aliis

2676 2582 2896 2648 causis
2970 2582 3603 2658 intervenientibus,
3673 2579 3791 2659 ibi,
3857 2581 3925 2645 in
3992 2579 4219 2646 medio

2679 2695 2740 2762 5.
2785 2689 2825 2755 5
2868 2709 2884 2755 t
2925 2714 2956 2752 ι
2992 2689 3334 2773 Quoniam
3385 2687 3634 2754 adbuc.
3682 2712 3715 2749 n

2768 2791 2845 2859 ln
2877 2796 3092 2883 prima
3131 2795 3262 2861 tria
3306 2792 3679 2862 secundum
3714 2790 4050 2881 triplicem
4086 2793 4231 2858 uti-

2680 2900 2937 2970 litatem
2997 2925 3203 2993 quam
3254 2902 3496 2993 tangit.
3569 2901 3824 2981 Prima,
3885 2900 4225 2989 separatio

2681 3009 2785 3074 sui
2833 3031 2871 3076 a
2916 3010 3137 3080 malis.
3210 3007 3551 3091 Secunda,
3607 3008 3944 3097 susceptio
3991 3027 4229 3074 corre-

2682 3117 2947 3191 ctionis.
2992 3115 3112 3199 ibi,
3153 3124 3218 3193 5.
3252 3118 3292 3185 5
3337 3137 3353 3184 :
3404 3140 3437 3180 ι
3476 3114 3809 3206 Corripiet
3837 3135 3965 3181 me.
3996 3139 4029 3174 ι»
4074 3110 4234 3180 Ter-

2687 3226 2804 3305 tia,
2834 3224 3074 3291 vitatio
3113 3222 3550 3305 adulationis,
3586 3220 3702 3297 ibi,
3751 3246 3784 3286 α
3821 3219 4067 3290 Oleum
4101 3241 4240 3285 au-

2689 3344 2847 3401 lem.
2883 3359 2917 3394 ιι

2777 3440 2956 3508 Dicit
2979 3460 3141 3530 ergo
3175 3462 3192 3508 ε
3223 3437 3338 3507 Sic
3367 3460 3477 3506 me
3497 3437 3769 3528 pertice,
3794 3441 3868 3501 ut
3901 3456 3982 3503 os
4011 3454 4248 3500 meum

2695 3571 2830 3616 non
2852 3547 3172 3638 loquatur
3186 3545 3441 3638 peccati
3465 3542 3975 3613 excusationem
4010 3562 4027 3611 ε
4057 3568 4088 3603 α
4119 3548 4182 3607 et
4211 3565 4245 3600 ιι

2695 3665 2855 3722 tunc
2895 3682 2925 3716 ιι
2953 3676 3086 3721 non
3143 3650 3683 3724 communicabo,
3720 3675 3753 3715 ιι
3806 3650 3872 3716 ἰιι
3941 3655 4244 3738 peccate,

2707 3792 2737 3826 ιι
2773 3786 2928 3831 cum
2974 3761 3201 3830 electis
3255 3782 3517 3838 eorum,
3553 3787 3588 3822 n
3645 3758 4076 3848 operantium
4114 3755 4253 3822 sci-

2699 3872 2850 3939 licet
2879 3871 3337 3960 iniquitatem,
3396 3889 3535 3935 non
3595 3864 3770 3934 Dei:
3821 3865 3985 3955 quia
4034 3861 4243 3929 Eccli.

2698 4000 2843 4058 xm,
2893 3977 3006 4055 22,
3083 3975 3330 4044 dicitur
3388 3997 3404 4041 :
3487 3975 3653 4059 Quae
3716 3969 4244 4039 communicatio

2696 4104 2928 4163 sancto
2964 4093 3231 4161 homini
3266 4090 3367 4159 ad
3387 4111 3622 4159 canem
3649 4086 3691 4156 P
3710 4087 3794 4155 Et
3833 4106 4090 4162 rursus,
4126 4081 4254 4169 ibi·

2700 4204 2882 4280 dem,
2921 4210 2989 4279 5.
3036 4202 3078 4270 3
3112 4222 3128 4267 :
3175 4199 3368 4285 Quid
3397 4194 3929 4266 communicabit
3955 4191 4252 4262 cacabus

2704 4311 2800 4381 ad
2824 4311 3042 4379 ollam
3078 4306 3120 4376 P
3148 4308 3206 4376 ll
3255 4306 3342 4375 ad
3399 4303 3710 4375 Corinth.
3761 4326 3855 4380 vi,
3915 4302 3997 4369 14
4032 4322 4047 4368 :
4089 4301 4257 4385 Quae

2703 4416 3228 4487 communicatio
3261 4414 3437 4482 lucis
3463 4411 3562 4481 ad
3604 4408 3914 4481 tenebras
3939 4406 3981 4476 P
4009 4406 4095 4476 Et
4131 4406 4261 4475 hoc

2707 4529 2944 4598 faciam
2995 4525 3370 4595 secundum
3417 4520 3776 4591 consilium
3819 4516 4042 4594 Pauli,
4087 4515 4114 4582 1
4174 4513 4261 4583 ad

2704 4632 3001 4702 Timoth.
3050 4655 3119 4709 v,
3157 4632 3242 4698 22
3278 4652 3294 4697 τ
3338 4630 3442 4698 Ne
3476 4625 4086 4696 communicaveris
4108 4645 4263 4713 pec-

2707 4744 2876 4811 catis
2910 4740 3185 4809 alienis.
3249 4734 3580 4806 Proverb.
3616 4758 3664 4815 1,
3738 4734 3819 4801 15
3857 4753 3872 4799 :
3943 4730 4091 4798 Fili
4127 4730 4259 4807 mi,

2709 4873 2790 4917 ne
2822 4847 3130 4916 ambules
3167 4868 3322 4913 cum
3352 4844 3470 4911 eis.
3517 4841 3599 4911 Et
3638 4840 3824 4921 dicit,
3855 4837 4115 4907 Electis
4143 4858 4263 4902 eo-

2708 4978 2890 5035 rum,
2932 4956 3090 5046 quia
3145 4949 3516 5042 aliquando
3583 4948 3913 5041 pessimos
3952 4943 4264 5035 judicant

2710 5065 3030 5156 optimos.
3073 5059 3279 5130 Mich.
3338 5081 3460 5136 vn,
3508 5058 3549 5125 4
3593 5080 3608 5125 2
3675 5058 3813 5143 Qui
3852 5056 4155 5147 optimus
4187 5053 4258 5119 in

2710 5174 2803 5240 eis
2833 5180 2952 5249 est,
3010 5168 3214 5260 quasi
3269 5165 3599 5258 paliurus
3628 5187 3651 5231 .·
3705 5172 3770 5231 et
3832 5163 3952 5251 qui
4003 5169 4250 5241 rectus,

2711 5279 2912 5371 quasi
2945 5282 3145 5367 spina
3187 5275 3269 5341 de
3293 5297 3471 5365 sepe.

2705 5738 2916 5809 quiae.
