5008 6329
378 5388 508 5455 8⁴

642 345 765 412 126

639 514 823 606 quod
858 535 1146 604 sequens
1177 518 1299 586 est,
1339 515 1529 574 terrae
1561 501 1916 572 conversio
1947 502 2018 570 in
2045 502 2177 571 sal·

638 625 978 714 suginem,
1038 630 1281 686 utnon
1318 621 1549 704 posset
1585 612 2012 694 fructificare,
2056 612 2171 691 ibi,

631 740 696 806 δ’.
733 732 815 799 31
850 752 866 793 ι
914 753 947 792 ιι
987 728 1260 793 Terram
1297 722 1767 810 fructiferam.
1809 744 1841 782 »

728 838 806 905 In
837 834 1056 924 prima
1096 829 1258 896 du0.
1319 828 1580 908 Primo,
1632 825 1989 893 desiccatio
2050 824 2179 887 tlu-

633 945 901 1009 viorum
935 961 1016 1004 ex
1056 936 1302 1028 quibus
1341 934 1590 1002 humor
1619 955 1741 1023 per
1768 938 1982 997 totam
2036 937 2176 994 ter-

634 1071 780 1117 ram
821 1045 1345 1114 diffundebatur.
1400 1039 1741 1115 Secundo,
1804 1036 2171 1127 originum,

633 1154 754 1231 ibi,
801 1179 834 1214 «
874 1154 970 1220 E't
1007 1152 1253 1218 exitus.
1293 1172 1326 1212 »

722 1260 897 1327 Dicit
924 1278 1129 1347 ergo:
1168 1254 1279 1321 Sic
1326 1250 1628 1320 exaltent
1676 1271 1836 1317 eum
1880 1271 1893 1314 :
1957 1256 2023 1315 et
2071 1248 2177 1314 di-

631 1389 808 1459 gnus
838 1373 938 1433 est
967 1361 1272 1436 exaltari,
1308 1359 1467 1449 quia
1510 1382 1542 1422 α
1581 1358 1824 1448 posuit
1876 1355 2176 1443 flumina

632 1479 702 1544 in
741 1475 1102 1549 desertum,
1150 1494 1181 1531 ι)
1227 1467 1294 1534 id
1332 1474 1456 1544 est,
1502 1467 1571 1533 in
1613 1473 1803 1532 tanta
1851 1465 2172 1542 siccitate,

629 1590 882 1675 quanta
909 1587 1010 1646 est
1038 1577 1405 1645 desertum.
1453 1601 1485 1639 (ι
1528 1577 1623 1642 Et
1687 1574 1912 1639 exitus
1967 1594 2177 1661 aqua-

630 1713 805 1765 rum,
844 1713 876 1751 ι
909 1687 1204 1778 origines
1260 1681 1514 1750 scilicet
1581 1680 1878 1757 illarum,
1920 1684 2168 1767 repete,

629 1794 880 1885 posuit,
920 1821 951 1854 «
988 1792 1058 1856 in
1093 1789 1310 1870 sitim,
1356 1812 1388 1850 ι
1461 1788 1528 1851 ἰιι
1584 1793 1847 1852 tantam
1906 1783 2176 1850 siccita-

628 1913 794 1984 tem,
827 1909 901 1968 ut
932 1900 1090 1990 ipsae
1120 1897 1326 1964 etiam
1355 1894 1621 1961 sitirent
1647 1891 1899 1959 Jerem.
1935 1914 1996 1968 1.‚
2044 1890 2167 1956 38:

629 2012 916 2083 Siccitas
950 2026 1408 2098 super,aquas
1453 2000 1634 2090 ejuS,
1668 1998 1923 2068 scilicet
1953 1996 2175 2086 Baby·

628 2119 831 2195 loniS,
864 2118 1016 2192 erit,
1052 2114 1118 2182 id
1165 2121 1289 2189 est,
1335 2110 1487 2178 loca
1534 2130 1869 2199 aquarum
1895 2128 1912 2173 ε
1938 2115 2001 2173 et
2031 2128 2175 2173 are-

625 2235 832 2304 scent,
864 2224 1028 2315 quia
1067 2230 1248 2288 terra
1310 2217 1752 2308 sculptilium
1798 2225 1920 2295 est,
1980 2222 2044 2280 et
2104 2214 2173 2279 in

621 2332 954 2425 portentis
966 2328 1387 2419 qloriantur.

719 2438 1175 2532 Spiritualiter
1269 2443 1498 2502 autem
1583 2430 1920 2522 sculptilia
2017 2437 2175 2496 sunt

627 2549 899 2617 Praelati
932 2544 1203 2614 inutiles
1232 2551 1298 2611 et
1328 2541 1497 2609 muti
1537 2548 1603 2608 et
1632 2540 1788 2608 caeci
1820 2538 1993 2606 sicut
2022 2560 2172 2605 scu-

621 2655 837 2747 ptilia.
871 2650 1145 2720 Zachar.
1181 2673 1276 2725 xi,
1327 2649 1447 2714 17:
1509 2647 1570 2714 Ο
1605 2655 1874 2737 pastor,
1931 2653 1993 2711 et
2034 2643 2177 2709 ido-

626 2764 775 2831 lum
813 2767 843 2828 Ι
873 2760 1092 2850 Super
1147 2768 1396 2826 terram
1464 2753 1739 2828 horum.
1803 2750 2172 2820 Ecclesiam

622 2869 899 2943 scilicet.
988 2866 1305 2933 immittet
1405 2863 1741 2930 Dominus
1804 2860 2172 2927 siccitatem

624 2997 971 3067 magnam,
1057 2970 1374 3039 siccando
1461 2968 1744 3035 flumina
1828 2964 2174 3032 doctrina-

624 3107 803 3152 rum.
871 3080 999 3149 isa.
1054 3101 1211 3156 xm,
1288 3079 1366 3144 ¹5
1419 3097 1436 3145 z
1509 3077 1779 3143 Ponam
1840 3072 2167 3161 flumina,

623 3193 909 3260 fluentes
946 3189 1281 3264 doctores,
1341 3195 1408 3254 et
1459 3186 1528 3251 in
1594 3182 1901 3250 doctrina
1951 3177 2173 3247 abun-

622 3300 886 3376 dantes,
928 3302 998 3365 in
1032 3296 1324 3375 insulas,
1359 3301 1433 3361 ut
1497 3288 1910 3360 tribulentur
1937 3296 2003 3356 et
2039 3310 2167 3354 un·

621 3409 827 3500 dique
854 3405 1330 3475 concutiantur
1356 3402 1533 3470 sicut
1614 3395 1880 3466 insula:
1913 3406 1978 3463 et
2035 3407 2172 3464 sta·

617 3540 761 3609 qna
789 3514 1194 3604 arefaciam,
1216 3533 1366 3602 quae
1395 3506 1818 3599 collegerunt
1843 3526 2057 3596 aquas
2086 3503 2168 3572 de

621 3622 948 3701 fontibus,
1005 3616 1424 3692 doctoribus.
1491 3623 1569 3682 ut
1632 3614 1701 3681 in
1758 3613 1924 3705 ipsis
1956 3611 2169 3702 pisces

620 3732 775 3801 fidei
817 3730 1223 3800 nutriantur.
1259 3727 1327 3793 in
1387 3725 1600 3802 sitim,
1651 3721 1990 3790 defectum
2035 3720 2172 3789 sci-

617 3841 773 3910 licet
801 3837 1148 3906 doctrinae.
1186 3836 1424 3911 Amos,
1483 3853 1630 3907 vui,
1705 3831 1828 3897 n:
1888 3829 2168 3896 Mittam

615 3949 878 4036 samem
951 3944 1021 4009 in
1077 3952 1332 4009 terram
1383 3961 1405 4005 .-
1473 3959 1610 4004 non
1664 3936 1903 4025 lamen
1935 3934 2165 4026 panis,

618 4077 834 4146 neque
858 4050 1045 4119 sitim
1085 4071 1310 4141 aquae,
1353 4045 1478 4114 sed
1518 4042 1853 4113 audiendi
1892 4041 2168 4111 verbum

621 4162 925 4232 Domini.
961 4158 1089 4226 lsa.
1143 4180 1280 4233 xix,
1315 4157 1354 4223 ἰ’
1402 4178 1417 4223 :
1489 4150 1892 4223 Nudabitur
1935 4149 2172 4218 alvens

620 4271 755 4338 rici
781 4292 825 4336 a
850 4270 1043 4357 sonte
1076 4287 1227 4342 suo,
1267 4273 1333 4330 et
1375 4262 1598 4329 omnis
1642 4259 1959 4327 sementis
2008 4258 2173 4325 irri-

615 4400 761 4467 qua
787 4371 1180 4452 siccabitur,
1211 4378 1489 4445 arescet,
1540 4377 1606 4435 et
1639 4389 1774 4434 non
1824 4367 1978 4433 erit.
2035 4364 2170 4433 Sed

621 4484 897 4578 quando
930 4479 1190 4549 l‘raelati
1217 4477 1375 4546 b'oni
1409 4485 1474 4545 et
1515 4474 1730 4543 sancti
1776 4483 1963 4554 sunt,
2009 4482 2169 4542 tunc

623 4614 862 4661 eorum
895 4598 1139 4656 terram
1197 4584 1536 4656 Dominus
1600 4579 1865 4648 fortiter
1910 4580 2166 4670 irrigat.

628 4700 756 4768 lsa.
792 4721 971 4772 κων.
1003 4698 1088 4765 3:
1137 4692 1526 4787 Effundam
1566 4711 1786 4782 aquas
1819 4711 2026 4781 super
2069 4690 2173 4756 si-

625 4808 924 4882 tientem,
992 4812 1055 4870 et
1103 4803 1371 4892 fluenta
1432 4820 1640 4891 super
1688 4793 1989 4863 aridam.
2060 4794 2169 4874 Et,

627 4937 791 4990 xxx,
850 4914 937 4982 23
987 4934 1006 4981 ε
1072 4908 1379 4981 Dabitur
1432 4905 1684 5000 pluvia
1726 4905 1975 4972 semini
2022 4912 2168 4984 tuo,

628 5020 1036 5114 ubicumque
1058 5015 1519 5086 seminaveris.

720 5379 754 5415 α
802 5350 1070 5419 Terram
1106 5346 1574 5438 fructiferam.
1617 5369 1652 5405 κ
1707 5342 1875 5412 Ecce
1930 5363 2174 5412 secun·

629 5459 820 5536 dum,
861 5455 1112 5526 scilicet
1139 5463 1335 5523 terrae
1363 5451 1723 5522 conversio
1762 5452 1832 5519 in
1879 5450 2175 5541 salsugi-

631 5590 815 5645 nem,
850 5564 916 5634 id
945 5571 1069 5641 est,
1111 5564 1181 5631 in
1210 5560 1662 5631 sterilitatem.
1709 5556 1827 5627 Sal
1869 5558 2054 5627 enim
2117 5557 2173 5626 si

630 5695 1069 5765 conspersum
1128 5670 1350 5764 fuerit,
1421 5667 1672 5736 inducit
1723 5665 2170 5748 sterilitatem,

1617 334 1699 399 D.
1757 332 1952 399 ALB.
2004 331 2219 398 MAG.
2272 330 2475 397 ORD.
2528 331 2823 396 PRAED.

2291 509 2354 569 et
2383 507 2656 592 propter
2685 498 2814 565 hoc
2853 523 2973 588 pro
3006 499 3358 566 sterilitate
3390 502 3665 591 salsugo
3726 523 3844 568 ac-

2285 613 2550 700 cipitur.
2584 609 2834 676 Jerem.
2870 630 2952 683 m,
2994 608 3115 672 43:
3155 610 3382 674 Factae
3401 619 3563 674 sunt
3591 613 3841 676 cirita-

2286 728 2378 784 tes
2416 718 2569 806 ejus
2599 719 2669 784 in
2696 726 3068 806 stuporem,
3141 724 3324 781 terra
3358 716 3841 783 inhabitabilis

2284 834 2346 889 et
2376 825 2659 902 deserta,
2714 836 2896 891 terra
2956 826 3027 889 in
3075 846 3216 914 qua
3256 823 3500 890 nullus
3546 824 3832 905 habitet,

2284 954 2399 996 nec
2426 912 2726 1006 transeat
2749 954 2871 1020 per
2901 954 3050 997 eam
3080 931 3277 1020 filius
3313 931 3636 998 hominis.

2375 1036 2455 1101 Et
2483 1034 2611 1103 hoc
2642 1045 2888 1113 totum,
2935 1064 2965 1096 «ι
3030 1062 3073 1103 α
3140 1038 3442 1117 malitia,
3479 1065 3510 1101 »
3573 1038 3640 1106 id
3708 1048 3834 1119 est,

2283 1154 2556 1236 propter
2596 1143 2950 1220 malitiam,
3003 1175 3035 1206 α
3064 1147 3533 1215 habitantium
3557 1150 3629 1215 in
3662 1173 3768 1231 ea,
3797 1176 3828 1209 »

2285 1253 2350 1319 in
2393 1253 2741 1344 Babylone
2771 1252 3047 1321 scilicet.
3092 1252 3170 1320 In
3212 1253 3342 1321 hoc
3390 1278 3552 1346 ergo
3604 1260 3837 1348 tangi-

2285 1370 2393 1427 tur
2470 1369 2674 1427 tantae
2746 1360 3117 1427 sterilitatis
3189 1383 3415 1428 causa.
3494 1362 3834 1430 Dominus

2283 1468 2463 1535 enim
2531 1468 2614 1535 ad
2679 1467 2970 1535 litteram
3032 1477 3285 1536 terram
3335 1470 3624 1538 fertilem
3676 1472 3836 1539 facit

2282 1574 2576 1643 sterilem
2607 1585 2884 1666 propter
2906 1575 3436 1645 inhabitantium
3469 1579 3828 1659 malitiam,

2280 1684 2440 1772 quia
2479 1682 2654 1749 male
2691 1691 2976 1749 utuntur
3006 1683 3207 1750 bonis
3251 1693 3473 1765 terrae,
3510 1709 3636 1754 nec
3683 1687 3831 1755 Deo

2280 1793 2564 1860 reddunt
2595 1790 2779 1881 quod
2830 1790 3101 1868 debent,
3161 1791 3414 1860 scilicet
3465 1795 3829 1883 primitias,

2279 1910 2344 1968 et
2373 1901 2691 1968 decimas.
2725 1899 2986 1989 Aggaei,
3020 1922 3094 1976 u,
3143 1902 3223 1968 17
3259 1922 3275 1967 :
3325 1902 3498 1969 Cum
3555 1905 3832 1971 accede-

2280 2010 2437 2076 retis
2478 2009 2575 2076 ad
2621 2031 2935 2075 acervum
2999 2010 3254 2099 viqinti
3316 2011 3732 2090 modiorum,
3768 2026 3831 2081 et

2276 2118 2515 2206 fieren!
2550 2116 2795 2192 decem,
2875 2125 3002 2186 etc.
3049 2116 3156 2198 Et,
3202 2117 3491 2186 Malach.
3555 2144 3652 2205 ιιι,
3705 2124 3825 2190 1οε

2279 2225 2535 2311 Inserta
2563 2245 2827 2289 omnem
2858 2223 3196 2290 decimam
3236 2226 3307 2291 in
3372 2226 3721 2303 horreum,
3768 2239 3829 2295 et

2275 2335 2364 2399 sit
2392 2332 2580 2399 cibus
2619 2335 2686 2398 in
2718 2332 2919 2399 domo
2951 2356 3220 2401 mea....·
3257 2336 3321 2401 si
3347 2358 3481 2403 non
3500 2360 3829 2427 aperuero

2279 2440 2462 2509 cobis
2497 2451 2878 2508 cataractas
2906 2441 3085 2519 coeli,
3128 2442 3394 2532 supple,
3446 2466 3827 2535 numquam

2277 2551 2520 2618 credite
2553 2548 2742 2617 mihi.

2367 2657 2543 2726 Nota
2575 2681 2737 2748 ergo
2793 2657 3235 2747 spiritualiter
3286 2658 3397 2727 hic
3462 2662 3825 2751 pulchrum

2278 2765 2607 2833 ordinem.
2675 2764 2956 2853 Propter
3039 2762 3403 2833 hominum
3491 2769 3825 2837 malitiam

2275 2875 2611 2940 siccantur
2640 2872 2921 2938 {lumina
2948 2871 3442 2941 doctrinarum.
3485 2875 3823 2944 Ezechiel.

2274 3004 2370 3059 111,
2421 2984 2507 3048 26
2560 3003 2575 3046 ε
2628 2981 2972 3069 Linquam
3032 2991 3230 3049 tuam
3304 2983 3654 3053 adhaerere
3702 2988 3828 3074 la-

2273 3090 2446 3155 ciam
2462 3086 2707 3179 palato
2736 3097 2878 3164 tua,
2930 3098 2995 3154 et
3030 3089 3166 3156 eris
3192 3098 3449 3168 mutus,
3484 3115 3604 3159 nec
3621 3094 3830 3184 quasi

2278 3198 2378 3264 vir
2407 3194 2815 3284 objurqans,
2866 3197 3035 3285 quia
3109 3196 3354 3264 domus
3411 3221 3828 3290 exasperans

2272 3313 2392 3371 est.
2432 3302 2873 3369 Postmodum
2913 3301 3205 3372 desiccat
3253 3307 3512 3372 exitum
3563 3308 3825 3397 gratia-

2275 3433 2450 3490 rum,
2502 3433 2652 3501 quae
2709 3410 3025 3479 meliores
3071 3434 3267 3502 aquae
3316 3422 3498 3482 sunt.
3557 3414 3736 3491 soei,
3772 3439 3821 3497 ι,

2275 3525 2358 3588 20
2400 3544 2414 3588 ε
2487 3522 2833 3588 Exsiccati
2910 3531 3075 3589 sunt
3136 3524 3362 3613 sontes
3443 3547 3817 3615 aquarum,

2276 3628 2568 3718 Spiritus
2612 3635 2907 3702 sanctus,
2959 3625 3083 3693 Dei
3145 3625 3377 3706 Filius,
3448 3637 3514 3696 et
3579 3629 3820 3706 Maria,

2273 3734 2355 3802 de
2394 3734 2640 3825 quibus
2689 3733 2818 3801 lsa.
2869 3756 2990 3814 ιιι,
3042 3736 3141 3802 3:
3194 3737 3550 3805 Ilaurietis
3604 3761 3828 3828 aquas

2275 3847 2343 3912 in
2370 3843 2630 3934 qaudio
2660 3843 2744 3912 de
2792 3843 3106 3933 [auctibus
3160 3845 3574 3915 Salvatoris.
3659 3848 3825 3916 Post

2275 3951 2417 4020 baec
2459 3951 2760 4020 redditur
2793 3959 2973 4019 terra
3014 3951 3208 4020 liberi
3236 3951 3496 4020 arbitrii
3535 3956 3826 4024 omuino

2272 4058 2518 4127 sterilis
2557 4068 2830 4149 propter
2864 4057 3204 4126 defectum
3266 4060 3604 4130 bonorum
3654 4085 3829 4155 ope-

2276 4190 2453 4242 rum,
2484 4165 2667 4257 quod
2697 4166 3005 4257 sequitur
3031 4188 3119 4234 ex
3160 4165 3319 4234 illis.
3351 4168 3610 4238 Jerem.
3652 4193 3822 4250 xxn,

2277 4278 2360 4341 3⁰
2392 4298 2407 4343 :
2440 4274 2674 4344 Scribe
2701 4277 2923 4343 virum
2957 4277 3168 4345 istum
3223 4277 3554 4356 steritem,
3597 4281 3824 4348 virum

2274 4385 2398 4474 qui
2450 4384 2520 4449 in
2577 4380 2816 4449 diebus
2865 4384 3014 4450 suis
3087 4406 3225 4470 non
3267 4385 3826 4476 prosperabitur.

2278 4491 2580 4580 sapient.
2615 4511 2732 4568 xu,
2776 4491 2839 4556 ll
2875 4511 2892 4556 ε
2953 4491 3177 4557 Vacua
3206 4501 3306 4558 est
3330 4513 3482 4581 spes
3505 4492 3825 4573 illorum,

2274 4607 2337 4662 et
2385 4595 2647 4663 labores
2715 4597 2863 4662 sine
2924 4598 3191 4684 fructu.
3250 4596 3410 4677 Job,
3452 4620 3693 4677 xxvm,
3736 4601 3822 4668 5:

2284 4705 2504 4778 Terra.
2547 4703 2630 4770 de
2653 4725 2791 4793 qua
2851 4700 3206 4771 oriebatur
3261 4706 3493 4796 panis,
3537 4708 3607 4774 in
3678 4706 3826 4775 loco

2273 4836 2398 4880 suo
2426 4812 2574 4903 iqni
2605 4808 2926 4878 subversa
2952 4819 3072 4880 est.

2369 5158 2403 5194 α
2454 5129 2697 5198 Posuit
2762 5128 3127 5197 desertum.
3167 5153 3202 5194 ι
3262 5128 3390 5197 Hic
3445 5126 3825 5197 secuudum
3961 5150 4086 5221 35

2275 5238 2483 5304 totius
2512 5234 2715 5325 hujus
2741 5234 3359 5328 partis.1‘ostquam
3388 5235 3574 5303 enim
3603 5236 3828 5326 tetigit

2276 5365 2483 5434 opera
2559 5341 2804 5411 divinas
2886 5342 3172 5431 justitiae
3256 5340 3512 5409 inflicta
3597 5342 3824 5423 malis,

2279 5448 2673 5542 Babyloniis
2702 5448 2979 5524 scilicet,
3021 5454 3301 5539 propter
3328 5470 3480 5538 quae
3511 5447 3697 5518 Deus
3726 5456 3832 5517 est

2277 5556 2679 5636 laudandus,
2718 5554 2831 5624 hic
2884 5552 3238 5647 subjungit
3287 5577 3497 5648 opera
3553 5554 3833 5625 miseri-

2278 5664 2522 5734 cordia·
2561 5662 2858 5731 exhibita
2893 5660 3118 5744 bonis,
3178 5661 3431 5732 scilicet
3472 5661 3824 5734 Hebraeis:
