5008 6329
1851 225 2569 295 COMMENTARIUS
2620 224 2715 291 IN
2764 221 3206 290 PSALMUM
3261 221 3534 291 CXVll.

1123 399 1538 483 sempiterna
1578 398 1900 465 misertus
1935 421 2092 466 sum
2128 400 2253 466 tui.
2297 397 2549 463 Thren.
2589 417 2683 471 111,

1129 508 1211 572 22
1257 528 1270 571 :
1337 508 1489 572 Non
1539 507 1935 595 defecerunt
1983 508 2454 574 miserationes
2502 503 2680 591 ejus.

1226 854 1258 887 «
1295 828 1502 894 Dicat
1532 850 1714 895 nunc
1761 828 2007 894 domus
2052 827 2313 892 Aaron.
2351 850 2384 887 »
2422 823 2549 891 Hie
2586 824 2688 889 in-

1130 935 1366 1001 vitatio
1398 945 1789 1003 sanctorum
1825 955 1840 1001 ε
1877 940 1945 1000 et
1979 931 2297 999 dicuntur
2326 930 2485 999 duo.
2531 930 2687 997 Pri-

1129 1065 1270 1124 mo,
1304 1043 1616 1110 invitatio
1657 1044 1966 1129 ipsorum
1997 1040 2082 1108 ad
2110 1039 2412 1119 laudem,
2446 1038 2556 1108 vel
2596 1037 2681 1105 ad

1126 1149 1416 1217 aliorum
1483 1149 1984 1217 invitationem.
2075 1147 2418 1225 SecundO,
2506 1146 2680 1212 ratio

1125 1281 1335 1348 quare
1365 1257 1937 1346 acquiescendum
1977 1257 2097 1337 ibi,
2136 1281 2169 1322 α
2224 1255 2570 1339 Quoniam
2609 1254 2681 1319 in

1121 1364 1475 1431 soecntum.
1515 1387 1546 1427 ιι

1212 1473 1325 1537 Ait
1374 1473 1582 1538 enim.
1654 1470 1768 1539 Sic
1807 1471 1972 1552 dixi,
2035 1468 2220 1561 quod
2275 1468 2506 1536 laudet
2568 1468 2676 1536 vel

1121 1579 1291 1647 alios
1323 1580 1565 1647 invitet
1602 1578 1848 1647 domus
1889 1577 2121 1667 Israel,
2157 1585 2225 1645 et
2251 1578 2456 1645 etiam
2492 1601 2527 1641 (ι
2561 1576 2680 1642 do-

1122 1712 1273 1756 mus
1321 1692 1580 1768 Aaron,
1627 1716 1661 1751 n
1723 1688 1838 1779 qui
1888 1686 2204 1755 sacerdos
2240 1686 2393 1765 fuit,
2446 1694 2515 1754 et
2556 1708 2679 1775 per

1120 1797 1249 1865 hoc
1281 1798 1593 1888 superior
1630 1803 1731 1863 est
1777 1796 1860 1864 de
1901 1797 2084 1886 jure,
2154 1820 2183 1858 α
2228 1794 2438 1873 dicat,
2486 1818 2520 1858 ιι
2566 1794 2676 1860 vel

1119 1905 1290 1973 alios
1321 1905 1672 1972 invitando
1704 1904 1790 1971 ad
1818 1904 2090 1972 laudern
2122 1903 2274 1984 Dei,
2316 1901 2425 1969 vel
2451 1901 2674 1992 ipsum

1120 2017 1188 2081 in
1220 2036 1291 2080 se
1321 2012 1690 2095 laudando,
1736 2021 1805 2081 et
1844 2038 1878 2078 α
1923 2034 2128 2091 nunc,
2180 2036 2213 2077 ι
2256 2011 2403 2078 sine
2451 2033 2669 2077 mora.

1121 2121 1385 2189 Daniel.
1445 2145 1541 2200 ιιι,
1593 2122 1679 2187 84
1748 2143 1763 2188 :
1828 2120 2241 2203 Benedicite,
2296 2118 2677 2187 sacerdotes

1118 2232 1432 2307 Domini,
1475 2231 1800 2297 Domina.
1846 2228 1978 2308 Qui
2030 2230 2212 2296 enim
2264 2230 2483 2319 magis
2534 2226 2679 2293 lau-

1120 2338 1279 2405 dare
1366 2336 1614 2405 debent
1690 2359 1898 2428 quam
1964 2336 2341 2415 Aaronitae‚
2418 2335 2675 2402 scilicet

1116 2446 1551 2513 sacerdotes?
1617 2445 1741 2537 ipsi
1797 2446 2006 2512 enin»
2040 2450 2198 2511 sunt
2263 2442 2538 2533 Angeli,
2610 2448 2675 2509 et

1116 2554 1244 2621 hoc
1284 2562 1386 2621 est
1415 2553 1712 2620 osticium
1756 2551 2205 2644 Angelorum.
2260 2548 2551 2618 Malach.
2596 2572 2669 2631 ιι,

1116 2664 1153 2728 ἰ’
1181 2683 1196 2729 :
1238 2660 1456 2729 Labia
1480 2661 1853 2727 sacerdotis
1878 2658 2261 2726 custodient
2283 2659 2667 2735 scientiam,

1114 2784 1177 2839 e!
1232 2772 1446 2860 leqem
1506 2772 1849 2862 requirent
1914 2792 2000 2836 ea:
2075 2791 2189 2835 ore
2259 2766 2440 2858 ejuS,
2503 2766 2673 2857 quia

1119 2881 1428 2971 Anqelus
1467 2880 1756 2948 Domini
1821 2878 2245 2945 exercituum
2305 2885 2424 2943 est.
2500 2872 2529 2939 l
2586 2873 2672 2941 ad

1116 2988 1421 3057 Corinth.
1461 3011 1555 3070 xi,
1608 2991 1685 3055 lt)
1732 3010 1746 3054 ε
1800 2985 2016 3054 Debet
2063 2985 2317 3052 mulier
2364 2991 2673 3074 potesta-

1113 3109 1244 3166 tem
1284 3097 1533 3164 habere
1576 3118 1793 3187 supra
1840 3101 2075 3186 caput,
2119 3090 2185 3158 id
2243 3100 2368 3171 est,
2412 3090 2668 3169 velare,

1107 3216 1390 3299 propter
1446 3203 1776 3295 ,inm-los.
1825 3202 1905 3268 Et
1952 3200 2364 3292 presbyteris
2409 3205 2669 3289 septem

1117 3312 1568 3380 licclesiarum
1619 3309 1924 3377 scribens
1976 3307 2306 3385 ⁸loannes,
2367 3305 2672 3394 Angelos

1115 3441 1233 3487 eos
1269 3423 1465 3485 vocat
1501 3419 1544 3485 ⁸.
1582 3415 1691 3496 Et,
1743 3415 1769 3482 1
1812 3413 2038 3481 l’aral.
2071 3434 2213 3494 15⁹1,
2265 3410 2331 3489 4,
2368 3411 2616 3478 dicitur
2651 3433 2667 3479 ε

1117 3524 1487 3595 Constituit
1517 3520 1733 3589 David
1781 3543 2012 3588 coram
2062 3541 2227 3586 arca
2273 3518 2563 3586 Domini
2590 3517 2674 3586 de

1118 3633 1394 3705 Levitis,
1438 3630 1562 3720 qui
1618 3628 2094 3694 ministrarent
2130 3632 2194 3691 et
2230 3623 2671 3691 recordaren-

1113 3750 1230 3805 tur
1292 3758 1573 3828 operum
1651 3732 1831 3823 ejus,
1893 3729 2149 3799 scilicet
2235 3729 2539 3807 Domini,
2607 3739 2671 3797 et

1108 3846 1581 3936 ylarificarent
1629 3853 1836 3932 atque
1876 3839 2245 3907 laudarent
2289 3838 2667 3905 Dominum

1116 3958 1335 4024 Deum
1385 3949 1625 4020 Israel.
1683 3947 1944 4015 Thema
1991 3949 2061 4014 in
2111 3943 2420 4036 Synodo,
2483 3953 2553 4013 et
2598 3946 2669 4012 in

1114 4059 1413 4152 capitulo
1453 4059 1736 4126 fratrum
1768 4053 2327 4129 l‘raedicatorum,
2359 4050 2471 4120 vel
2502 4075 2672 4144 pro-

1116 4163 1422 4243 vinciali,
1463 4162 1571 4232 vel
1604 4161 1935 4254 generali.

1208 4409 1241 4443 «
1287 4379 1628 4464 Quoniam
1696 4377 1768 4443 iu
1823 4374 2174 4444 saeculum.
2223 4399 2255 4437 ι
2319 4373 2447 4441 llic
2494 4374 2668 4442 ratio

1114 4509 1322 4579 quare
1372 4484 1647 4552 laudare
1695 4481 1971 4560 debent,
2014 4503 2164 4573 quae
2211 4483 2496 4572 ponitur
2533 4504 2671 4549 una

1114 4606 1406 4668 tantum.
1462 4592 1714 4660 scilieet
1780 4591 2049 4658 bonitas
2107 4588 2259 4665 Dei,
2318 4590 2670 4679 operativa

1111 4703 1388 4778 scilicet,
1432 4710 1502 4767 ut
1544 4708 1644 4767 est
1676 4699 1763 4767 ad
1794 4720 1919 4766 nos
1956 4695 2293 4765 ordinata.
2329 4695 2466 4763 Sed
2495 4718 2669 4788 qua-

1114 4838 1183 4881 re
1241 4833 1380 4880 non
1428 4816 1778 4901 ponuntur
1832 4806 1994 4884 duo,
2048 4808 2221 4873 sicut
2284 4805 2355 4871 in
2420 4826 2671 4895 praeoe-

1109 4921 1299 4988 ‹lenti
1355 4919 1608 4986 versu?
1678 4914 2110 5006 llespondeo.
2182 4913 2415 4981 Potest
2488 4935 2664 4997 esse,

1113 5030 1295 5123 quod
1365 5030 1551 5120 prius
1630 5024 2039 5118 loquebatur
2120 5022 2201 5090 ml
2279 5025 2661 5114 peritioreS,

1112 5139 1304 5229 quasi
1335 5133 1931 5224 contemplativo&
1966 5152 2261 5222 quorum
2309 5137 2411 5198 est
2460 5130 2670 5221 respi-

1108 5267 1259 5314 cere
1299 5251 1363 5311 et
1414 5243 1660 5310 intueri
1720 5240 2022 5309 divinam
2072 5237 2478 5323 bonitatem,
2524 5260 2664 5305 non

1108 5351 1332 5421 solum
1363 5350 1432 5416 in
1462 5350 1605 5416 suis
1633 5346 2013 5429 ellectibu5‚
2045 5343 2165 5413 sed
2192 5345 2401 5413 etiam
2429 5344 2502 5412 in
2534 5365 2608 5413 ae
2643 5365 2662 5412 ε

1182 5583 1201 5619 ¹
1233 5581 1319 5637 Ct'.
1352 5577 1598 5652 apocal.
1630 5594 1672 5644 ι,
1703 5580 1795 5642 20,
1820 5594 1880 5646 ιι,
1916 5580 1968 5645 ¹,
2000 5582 2111 5634 etc.

4218 221 4347 288 223

2805 390 2915 460 hie
2937 401 3168 461 autem
3208 394 3294 462 ad
3323 395 3668 461 ministros
3711 392 4052 472 Ecclesiae,
4097 391 4352 460 scilicet

2805 502 3214 586 sacerdoteS,
3250 525 3541 592 quorum
3575 510 3674 569 est
3721 504 3988 591 proprie
4036 500 4353 568 conside-

2804 631 2952 676 rare
2981 609 3290 675 divinam
3337 608 3736 687 bonitatem,
3773 630 4009 674 eorum
4050 609 4352 674 ministe-

2802 713 2902 779 rio
2947 714 3016 778 in
3069 710 3241 778 alios
3285 711 3708 795 influentem,
3758 733 4050 801 quorum
4099 720 4202 778 est
4245 711 4353 778 di-

2802 843 2951 888 cere
2984 820 3129 887 Deo
3181 819 3349 887 illud
3393 842 3408 888 :
3457 821 3704 888 Oleum
3754 823 4047 910 effusum
4103 843 4347 887 nomen

2799 941 2998 997 tuum
3040 936 3086 995 ².

2890 1283 2923 1320 «
2957 1256 3216 1323 Dicant
3241 1278 3423 1323 nunc
3451 1258 3573 1347 qui
3602 1258 3860 1324 timent.
3909 1284 3939 1318 υ
3994 1256 4120 1324 Hie
4158 1257 4346 1324 oolli-

2796 1365 2894 1455 git
2944 1367 3247 1432 minores
3294 1388 3451 1432 cum
3508 1366 3879 1454 majoribus
3926 1366 4051 1432 sub
4111 1365 4342 1433 condi-

2795 1473 2982 1540 tione
3012 1472 3429 1550 timentium,
3465 1474 3776 1562 quamvis
3823 1472 3953 1540 hoc
3996 1475 4215 1565 magis
4256 1473 4341 1541 ad

2794 1583 3098 1650 minores
3128 1583 3346 1672 possit
3391 1583 3729 1672 pertinere
3764 1604 3778 1647 ε
3830 1588 3897 1649 et
3931 1582 4154 1651 divide
4184 1607 4344 1651 ver-

2793 1712 2946 1756 sum
3014 1692 3189 1759 sicut
3245 1692 3654 1781 superioreS‚
3706 1698 3772 1758 et
3826 1691 4066 1759 eodem
4135 1691 4340 1759 modo

2790 1795 2965 1888 lege.
3033 1797 3168 1867 Sed
3211 1798 3512 1881 adverte,
3556 1798 3740 1890 quod
3796 1800 4112 1890 quamvis
4158 1801 4343 1868 Deus

2793 1904 3076 1997 repellat
3140 1904 3412 1973 laudem
3455 1913 3911 1996 peccatorum,
3969 1905 4176 1974 Eeeli.
4219 1929 4337 1985 xv,

2790 2018 2831 2081 9
2867 2036 2883 2080 :
2928 2014 3082 2081 Nan
3112 2022 3210 2080 est
3245 2015 3548 2104 speciosa
3589 2014 3743 2081 laus
3782 2016 3851 2081 in
3891 2036 4005 2081 ore
4025 2024 4344 2104 peccato-

2793 2125 2888 2189 ris
2919 2147 2941 2189 .·
2992 2131 3083 2202 et,
3119 2122 3187 2188 in
3222 2121 3405 2189 l‘sul.
3441 2146 3620 2204 xmx,
3664 2125 3741 2189 ¹6
3776 2145 3790 2190 ε
3827 2125 4179 2191 Peccatori
4209 2147 4345 2189 au-

2792 2240 2925 2295 tem
2958 2229 3141 2296 dixit
3169 2231 3359 2297 Deus
3388 2252 3410 2296 .·
3447 2234 3675 2314 Quare
3699 2239 3773 2295 tu
3803 2252 4082 2296 enarras
4109 2227 4151 2296 ?
4180 2239 4339 2309 etc.,

2791 2343 3022 2404 tamen
3082 2357 3222 2403 non
3283 2334 3548 2426 repellit
3606 2335 3873 2404 laudem
3942 2336 4026 2403 ab
4084 2358 4202 2404 ore
4255 2340 4346 2404 ti-

2791 2446 3066 2522 mentis,
3100 2443 3220 2511 sed
3247 2451 3576 2534 acceptat.
3600 2445 3748 2511 Act.
3785 2468 3851 2522 x,
3882 2446 4006 2512 33:
4042 2446 4123 2511 In
4155 2448 4347 2513 amm·

2787 2564 2992 2641 qente
3011 2555 3137 2645 qui
3160 2554 3354 2620 timet
3374 2575 3554 2633 mem,
3579 2553 3829 2621 scilicet
3855 2553 4070 2621 Deum
4085 2566 4172 2636 ,et
4193 2578 4347 2647 ope-

2791 2670 2995 2727 ratur
3010 2660 3407 2750 justitiam,
3440 2671 3753 2752 acceptus
3780 2670 3876 2727 est
3914 2661 4340 2753 illi.Quippe

2789 2777 2857 2837 et
2888 2770 3215 2850 minoreS,
3251 2770 3365 2861 qui
3400 2772 3470 2837 in
3500 2777 3678 2838 statu
3710 2770 4096 2837 timentium
4153 2779 4340 2851 sunt,

2788 2884 2852 2944 et
2894 2876 3214 2966 majoreS,
3250 2877 3366 2968 qui
3401 2879 3469 2944 in
3500 2884 3677 2943 statu
3707 2876 4161 2967 diligentium,
4196 2877 4340 2969 ipse

2787 2983 2966 3051 fecit.
3005 2982 3313 3075 Sapient.
3357 3006 3452 3062 vt,
3487 2985 3529 3050 8
3572 3005 3587 3049 :
3634 2984 3987 3052 Pusillum
4025 2993 4090 3050 et
4137 3007 4345 3078 maq-

2785 3113 2957 3158 mem
2986 3092 3130 3183 ipse
3163 3093 3355 3182 lecit,
3398 3101 3461 3158 et
3488 3092 3851 3184 &qualiter
3886 3115 4052 3160 cura
4081 3102 4180 3159 est
4228 3094 4343 3161 illi

2787 3200 2873 3266 de
2898 3199 3240 3268 omnibus.
3286 3200 3572 3291 Propter
3608 3199 3739 3267 boc
3776 3202 4030 3292 optime
4069 3201 4339 3287 dicitur,

2787 3307 3072 3398 Apocal.
3108 3330 3251 3384 xix,
3297 3310 3338 3375 5
3372 3327 3389 3377 ε
3434 3309 3740 3376 Laudem
3771 3309 3977 3376 dicite
4032 3312 4173 3377 Deo
4211 3334 4342 3377 uo-

2783 3425 2952 3496 stra,
2987 3438 3220 3483 amnes
3273 3417 3500 3483 sancti
3552 3415 3731 3504 ejus,
3786 3425 3851 3483 et
3905 3418 4029 3507 qui
4083 3419 4337 3484 timetis

2784 3527 3036 3604 Deum,
3065 3523 3325 3616 pusilli
3360 3534 3426 3591 et
3461 3526 3725 3617 maqm'.

2875 3869 2910 3904 α
2957 3843 3059 3908 De
3104 3839 3560 3909 tribulatione
3605 3843 3936 3909 invocavi.
3982 3869 4016 3906 ι
4070 3841 4197 3909 llio
4233 3867 4335 3910 se-

2782 3944 3084 4013 cundum
3170 3947 3408 4036 primae
3490 3947 3700 4036 partis
3763 3947 3972 4015 totius
4050 3945 4329 4015 Psalmi.

2786 4051 3164 4144 Postquam
3204 4054 3388 4121 enim
3430 4054 3741 4121 invitavit
3780 4053 3866 4121 ad
3890 4053 4012 4122 Dei
4037 4053 4332 4134 laudem,

2783 4160 3130 4230 reddendo
3157 4183 3433 4252 semper
3459 4162 3790 4230 rationem
3819 4183 4029 4252 quare
4058 4160 4340 4230 laudan-

2782 4267 2937 4349 dus,
2999 4267 3112 4336 hic
3176 4267 3367 4335 addit
3434 4268 3715 4337 rationis
3779 4266 4333 4354 declarationem,

2782 4375 3209 4445 ostendendo
3266 4376 3337 4444 in
3401 4376 3654 4466 seipso,
3724 4385 3791 4444 et
3851 4397 3975 4468 per
4032 4378 4334 4468 seipsum

2784 4484 2908 4553 Dei
2943 4484 3480 4553 misericordiam
3526 4493 3594 4552 et
3631 4485 4148 4576 benignitatem,
4200 4511 4335 4579 qua

2784 4616 2857 4661 se
2889 4593 3205 4662 liberavit
3238 4613 3255 4661 ε
3299 4592 3479 4662 unde
3509 4592 3828 4661 dicuntur
3863 4593 4025 4661 duo.
4071 4593 4331 4674 Primo,

2783 4703 3153 4770 confltetur
3177 4701 3284 4769 aui
3318 4700 3785 4769 liberationem
3809 4723 3847 4768 a
3868 4700 4329 4771 tribulatione.

2786 4810 3133 4884 Secundo.
3166 4808 3452 4877 modum
3472 4808 3893 4877 liberationis
3912 4813 4332 4902 exsequitur,

2781 4919 2901 4999 ibi,
2933 4924 2999 4995 5.
3049 4920 3130 4985 10
3166 4940 3182 4985 :
3224 4945 3254 4982 ι
3301 4921 3549 4994 Omnes
3564 4929 3794 5006 ρωπίας
3820 4919 4259 4988 circuierunt.
4298 4948 4332 4984 n

2875 5025 2949 5092 ln
3007 5025 3229 5115 prima
3268 5034 3644 5114 tanguntur
3688 5024 3847 5092 «luo.
3910 5024 4168 5102 Primo,
4226 5028 4337 5094 in-

2786 5136 3099 5201 vocantis
3147 5132 3485 5200 liberatio.
3550 5131 3893 5210 Sec-undo,
3954 5156 4076 5224 per
4129 5158 4333 5226 quem

2779 5239 2955 5308 facta
3009 5239 3239 5321 fuerit,
3284 5237 3405 5318 ibi,
3445 5244 3509 5315 ὴ.
3564 5239 3605 5306 ’1
3677 5261 3692 5304 :
3767 5240 4105 5307 Dominus
4160 5242 4336 5310 mihi

2779 5349 3096 5441 adjutor.
3111 5375 3143 5413 ι

2854 5574 2879 5612 ⁸
2916 5573 3147 5633 Cautio.
3179 5590 3218 5641 ι,
3250 5575 3306 5633 2.
