5008 6329
751 285 879 352 496

1757 260 1852 352 n.
1892 282 2094 353 ALB.
2144 283 2362 353 MAG.
2405 283 2611 352 ono.
2664 284 2961 353 PRAED.

750 463 832 520 te.
880 452 1112 521 lPetr.
1152 475 1198 530 1,
1246 453 1324 519 18
1357 459 1425 518 et
1466 454 1544 519 19
1583 475 1599 519 :
1641 453 1792 519 Non
1831 452 2294 543 corruptibili·
2387 456 2701 546 jungitur
2741 456 2986 524 horum
3028 457 3390 549 descriptio
3423 481 3462 525 a
3524 457 3766 524 tribus.
3807 456 3954 522 Pri·

752 561 874 628 bus
903 583 1069 628 auro
1128 559 1236 626 vel
1291 569 1572 649 arqento
1628 560 1963 652 redempti
2018 564 2172 629 estis
2211 562 2293 628 de
2397 585 2538 643 nlo,
2598 587 2636 630 a
2702 566 3001 631 vanitate
3044 565 3433 635 locutioniS.
3501 564 3841 640 Secundo,
3912 585 3952 629 a

747 695 925 738 vana
955 680 1176 737 vestra
1204 673 1710 739 conversatione
1729 680 2037 762 paternae
2065 672 2291 739 tradi-

749 779 976 857 tioniS,
1014 777 1137 843 sed
1151 780 1450 868 pretioso
1485 780 1847 870 sanquine,
1883 789 2007 846 etc.

847 1131 881 1172 «
914 1107 1014 1173 De
1036 1104 1278 1194 qladio
1311 1106 1354 1171 ¹.
1384 1129 1417 1169 ι)
1457 1103 1580 1171 Hic
1607 1103 2006 1181 secundum,
2033 1105 2101 1171 in
2140 1126 2274 1195 quo

751 1213 1178 1304 subjungitur
1214 1211 1558 1302 petitionis
1600 1210 1933 1299 repetitiO,
1965 1219 2043 1279 ut
2098 1234 2288 1279 mon-

746 1331 990 1390 stretur
1018 1322 1186 1389 ratio
1243 1321 1612 1410 petitionis.
1639 1319 1793 1387 Duo
1843 1342 2004 1410 ergo
2045 1320 2284 1387 dicun-

742 1438 874 1501 tur.
914 1430 1165 1510 Primo,
1202 1431 1435 1519 petitio
1460 1428 1826 1519 ereptionis
1856 1426 1941 1495 ab
1971 1428 2281 1496 adversa·

742 1541 879 1607 riis.
901 1536 1240 1616 SecundO,
1265 1536 1552 1628 diligens
1583 1537 1855 1604 illorum
1888 1534 2274 1626 descripti0,

737 1646 856 1725 ibi,
901 1675 936 1710 α
981 1650 1288 1733 Quorum
1318 1668 1391 1714 os
1423 1645 1728 1713 locutum
1756 1655 1873 1713 est.
1924 1670 1956 1711 ι

821 1760 904 1828 Et
941 1759 1008 1826 in
1049 1758 1266 1849 prima
1309 1755 1469 1854 duos.
1533 1755 1792 1836 Primo,
1831 1757 1993 1845 petit
2039 1756 2207 1846 eripi
2235 1779 2275 1823 a

733 1865 1068 1957 malignis».
1131 1861 1472 1938 Secundo,
1565 1858 1652 1928 ab
1718 1864 2078 1940 extraneis»,
2150 1861 2267 1941 ibi,

728 2004 760 2037 κ
797 1977 890 2043 Et
918 1995 1070 2041 erue
1097 1995 1225 2040 me.
1263 1995 1296 2036 ι

814 2084 989 2151 Dicit
1028 2103 1188 2173 ergo
1224 2101 1239 2146 ε
1279 2078 1390 2147 Sic
1443 2078 1752 2169 promisi,
1788 2086 1853 2146 et
1894 2086 1994 2156 tu,
2037 2078 2268 2147 Domi-

721 2216 833 2271 ne,
870 2217 904 2258 «
943 2191 1025 2259 de
1049 2189 1293 2280 qladio
1332 2187 1670 2277 maliyno,
1705 2214 1737 2247 υ
1793 2185 1860 2253 id
1898 2195 2025 2265 est,
2063 2188 2264 2255 mali-

721 2300 863 2393 gni,
901 2324 933 2364 c
975 2299 1156 2388 eripe
1183 2319 1312 2364 me.
1353 2320 1385 2361 ι
1421 2294 1546 2362 Hic
1575 2301 1678 2362 est
1704 2291 1971 2384 gladius
1992 2293 2073 2362 de
2096 2317 2258 2385 quo,

717 2408 874 2489 Job,
916 2428 1126 2486 xxvu,
1192 2406 1272 2471 14
1304 2425 1320 2472 t
1354 2404 1435 2472 Si
1490 2402 1948 2493 multiplicati
1999 2404 2262 2491 suerint

714 2516 857 2606 filii
893 2515 1072 2605 eJ'uS,
1117 2515 1184 2580 in
1211 2510 1455 2604 qladio
1494 2520 1717 2578 erunt.
1755 2509 2032 2579 Gladius
2065 2510 2256 2578 mali-

714 2648 888 2717 gnus
925 2633 1025 2692 est
1063 2622 1405 2714 iniquitas.
1468 2619 1673 2689 Eccli.
1723 2642 1864 2697 xxi,
1909 2620 2000 2688 4:
2049 2621 2261 2705 Quasi

714 2731 1055 2822 romphaea
1105 2727 1204 2796 bis
1251 2736 1456 2795 acuta
1494 2728 1716 2794 omnis
1774 2727 2124 2817 iniquitas,
2175 2726 2257 2795 Et

711 2840 954 2908 dicitur
990 2838 1365 2928 maliqnus,
1416 2833 1501 2902 ad
1550 2833 1998 2903 differentiam
2047 2833 2249 2926 gladii

708 2944 898 3024 boni,
930 2944 1010 3012 de
1050 2967 1212 3035 qno,
1260 2940 1499 3011 Matth.
1552 2965 1621 3021 x,
1676 2941 1761 3009 34
1796 2964 1812 3008 :
1862 2942 2098 3010 Nolite
2133 2965 2254 3009 ar-

708 3052 955 3121 bitrari
990 3052 1157 3144 quia
1202 3071 1444 3141 pacem
1498 3051 1795 3117 venerim
1856 3051 2122 3118 mittere
2177 3052 2245 3117 in

703 3174 954 3232 terram
979 3186 1001 3231 .·
1031 3184 1163 3229 non
1195 3160 1347 3228 veni
1366 3181 1607 3252 pacem
1629 3159 1919 3238 mittere,
1949 3158 2072 3227 sed
2083 3158 2249 3252 yla-

700 3272 919 3340 dium.
969 3269 1048 3337 Et
1075 3269 1158 3337 de
1223 3290 1387 3358 quo,
1431 3265 1515 3334 ad
1558 3264 1805 3357 Ephe&
1867 3289 1914 3344 1,
1977 3268 2054 3335 17
2099 3289 2114 3334 :
2153 3270 2247 3336 Et

695 3378 1013 3472 qladium
1068 3376 1378 3469 spiritus,
1421 3373 1609 3465 quod
1656 3383 1754 3441 est
1781 3372 2056 3442 verbnm
2085 3376 2237 3444 Dei.

699 3487 804 3555 Ad
833 3486 1277 3556 differentiam
1317 3482 1522 3576 gladii
1552 3483 1749 3572 justi,
1792 3481 1875 3550 de
1905 3503 2041 3573 quo
2072 3483 2242 3552 dici-

695 3604 829 3676 tur,
859 3592 1016 3670 snb,
1050 3614 1190 3668 xix,
1225 3592 1310 3658 29
1346 3612 1362 3657 :
1416 3589 1669 3679 Fuqiee
1695 3611 1739 3656 a
1773 3590 1957 3678 jacie
1980 3587 2234 3679 qladii,

692 3704 1022 3794 quoniam
1063 3701 1252 3768 ultor
1296 3699 1748 3789 iniquitatum
1803 3706 1902 3766 est
1924 3698 2231 3789 qladias.

695 3810 801 3893 Εἰ,
849 3807 1128 3900 Apocal.
1179 3831 1227 3886 ι,
1276 3807 1355 3875 to
1391 3827 1409 3876 ε
1454 3808 1556 3875 De
1599 3828 1715 3873 ore
1756 3805 1912 3895 ejus
1952 3805 2237 3897 gladius

692 3930 979 4012 utraque
998 3927 1201 4010 parte
1227 3925 1469 3985 acutus
1514 3912 1769 3983 exibat.

780 4057 813 4096 ι
843 4031 938 4098 Et
972 4049 1130 4096 erue
1156 4048 1284 4093 me.
1317 4051 1345 4088 ι
1407 4022 1537 4091 llic
1591 4022 1988 4091 secundum.
2023 4023 2229 4105 Quasi

688 4136 984 4206 diceret:
1022 4133 1136 4203 Sic
1174 4153 1333 4202 erue
1372 4130 1455 4200 de
1492 4129 1721 4224 gladio
1753 4131 2078 4224 maligno,
2111 4137 2226 4226 qni

684 4245 739 4312 si
773 4242 1119 4311 familiaris
1151 4248 1351 4317 esset,
1380 4238 1552 4308 forte
1582 4229 1910 4331 parceret:
1935 4249 1999 4309 et
2028 4265 2228 4334 prop-

683 4357 786 4418 ter
822 4347 952 4417 hoc
982 4369 1175 4439 rogo,
1213 4370 1248 4411 a
1280 4346 1472 4413 Erue
1518 4365 1625 4411 me
1661 4343 1746 4412 de
1792 4367 2005 4414 manu
2029 4347 2224 4437 filio-

681 4479 836 4525 rum
874 4455 1257 4524 alienorum
1303 4481 1336 4516 ι»
1393 4451 1758 4541 (filiorum,
1816 4475 1940 4544 pro
2003 4454 2218 4524 nihilo

678 4564 992 4652 sumitur)
1023 4561 1196 4630 sicut
1216 4560 1587 4651 promittiS,
1614 4559 1868 4629 Jerem.
1901 4583 2013 4640 xv,
2048 4564 2132 4631 20
2153 4572 2218 4632 et

678 4671 757 4737 21
797 4691 813 4735 :
854 4671 1122 4739 Eruam
1153 4676 1240 4751 te,
1289 4669 1459 4737 dicit
1505 4669 1849 4737 Dominus
1877 4692 1901 4738 .·
1938 4680 2004 4739 et
2052 4668 2218 4739 libe-

675 4774 843 4845 rabo
881 4785 944 4843 te
972 4775 1056 4844 de
1081 4797 1297 4844 manu
1318 4775 1795 4869 pessimorum.
1822 4775 2019 4860 Osee,
2049 4778 2166 4860 v,7
2194 4802 2211 4847 ε

672 4886 756 4953 In
789 4885 1159 4954 Dominum
1170 4885 1612 4977 praevaricati
1625 4893 1812 4967 sunt,
1843 4887 2010 4977 quia
2025 4886 2214 4977 filios

669 4990 932 5059 alienos
953 5000 1358 5082 qenaerunt.

762 5230 796 5271 «
842 5207 1149 5291 Quorum
1196 5226 1272 5274 os
1305 5205 1606 5273 locutum
1644 5214 1766 5274 est.
1803 5231 1838 5270 n
1873 5204 2000 5276 Hic
2042 5204 2209 5276 sub-

638 5504 646 5512 ·
732 5469 754 5508 ¹
785 5468 953 5545 vulg.
999 5467 1181 5529 habet
1208 5484 1228 5529 ε
1255 5470 1366 5539 Qui
1409 5470 1510 5528 das
1555 5467 1789 5528 salutem
1823 5468 2066 5543 renibus,
2106 5470 2208 5547 qui

659 5551 938 5620 redemisti
962 5558 1164 5631 David,
1211 5575 1428 5618 servam
1481 5565 1656 5628 tunm,
1705 5558 1775 5618 de
1817 5559 2013 5634 eladio
2039 5561 2198 5619 mali·

659 5662 790 5726 ano.
813 5653 986 5726 Eripe
1000 5666 1107 5722 me,
1123 5657 1178 5709 et
1205 5668 1337 5710 erue
1354 5669 1442 5711 me
1459 5651 1529 5710 cle
1542 5669 1712 5710 manu
1728 5651 1971 5727 filiorum
1990 5652 2200 5711 alieno·

2394 673 2833 758 perversitate
2909 673 3134 762 operis
3183 672 3302 752 ibi,
3358 702 3389 735 α
3426 676 3521 741 Et
3570 672 3874 739 dextera.
3915 695 3946 734 ιο

2392 774 2646 854 Tertio,
2672 799 2706 843 a
2732 776 3021 844 falsitate
3051 779 3543 868 prosperitatis,
3595 778 3709 854 ibi,
3734 784 3795 853 ᾗ.
3832 777 3942 841 12;

2397 903 2428 943 α
2477 881 2785 962 Quorum
2813 883 2978 970 filii.
3026 909 3060 944 »

2483 990 2840 1080 Exponere
2881 1002 3108 1060 autem
3154 1014 3291 1059 non
3333 998 3602 1081 oportet
3639 989 3774 1057 duo
3805 989 3950 1080 pri-

2392 1119 2527 1173 ma,
2573 1097 2686 1164 sed
2727 1121 2995 1189 expone
3034 1099 3208 1165 sicut
3262 1098 3446 1165 fuere
3487 1121 3691 1188 supra
3731 1118 3946 1185 expo-

2388 1205 2539 1279 sita,
2583 1213 2646 1280 ἵ.
2684 1206 2751 1272 8.

2477 1572 2507 1607 «ι
2551 1546 2854 1628 Quorum
2884 1547 3048 1635 filii.
3090 1571 3122 1612 ι
3167 1547 3292 1614 Hic
3350 1547 3650 1626 tertium,
3687 1547 3755 1613 in
3797 1567 3934 1636 quo

2382 1650 2856 1720 describuntur
2884 1676 2920 1720 a
2954 1652 3309 1744 temporali
3349 1653 3664 1720 felicitate
3701 1675 3715 1719 :
3753 1661 3817 1719 et
3839 1652 3936 1717 di-

2380 1769 2627 1828 cuntur
2667 1763 2817 1829 tria.
2872 1761 3133 1839 Primo,
3184 1760 3674 1829 abundantiam
3708 1758 3933 1826 bono-

2379 1890 2530 1934 rum
2606 1890 2889 1935 suorum
2948 1868 3287 1936 describit.
3346 1867 3693 1947 Secundo,
3753 1864 3931 1933 hanc

2375 1974 2863 2042 abundantiam
2940 1974 3238 2044 ostendit
3323 1997 3469 2043 esse
3540 1974 3927 2041 felicitatem

2373 2081 2638 2173 vulgari
2685 2082 3034 2172 opinione,
3088 2080 3207 2158 ibi,
3255 2089 3317 2158 ᾗ.
3369 2083 3501 2149 15:
3551 2108 3584 2142 α
3629 2081 3923 2147 Beatum

2371 2188 2720 2256 clia-erunt.
2762 2214 2793 2253 ιο
2825 2188 3079 2266 Tertio,
3118 2188 3360 2257 diffinit
3378 2188 3540 2279 quid
3577 2187 3731 2255 inde
3761 2209 3927 2254 sen-

2369 2299 2471 2375 tit,
2508 2295 2625 2377 ibi,
2669 2327 2698 2358 a«
2730 2299 2988 2364 Beatus
3007 2297 3345 2388 populus.
3384 2324 3416 2356 υ

2455 2406 2534 2473 ln
2586 2408 2802 2496 prima
2859 2406 3022 2474 duo.
3071 2406 3327 2483 Primo,
3373 2405 3670 2473 ostendit
3710 2403 3923 2472 abun-

2365 2513 2663 2580 dantiam
2716 2517 2785 2581 in
2844 2513 3057 2604 prole.
3114 2512 3460 2593 Secundo,
3519 2513 3588 2578 in
3646 2534 3922 2601 posses-

2363 2622 2579 2702 sione,
2642 2620 2759 2699 ibi,
2819 2629 2884 2697 ᾗ.
2957 2622 3037 2688 13
3101 2643 3116 2687 :
3154 2650 3186 2682 «
3247 2621 3747 2711 Promptum-ia
3805 2641 3921 2687 eo-

2361 2749 2542 2795 rum.
2581 2755 2613 2788 ὓ

2454 2833 2626 2902 vicit
2665 2857 2829 2927 ergo
2866 2858 2881 2900 z
2920 2834 3097 2903 Erue
3127 2856 3237 2903 me
3281 2834 3364 2902 de
3406 2856 3611 2901 manu
3645 2856 3912 2913 eorum,

2357 2965 2649 3033 quorum
2674 2966 2753 3012 os
2783 2942 3088 3034 loquitur
3113 2945 3517 3019 vanitatem,
3542 2952 3611 3010 et
3635 2941 3915 3011 dextera

2355 3059 2676 3140 operatur
2722 3051 3173 3142 iniquitatem.
3212 3078 3245 3117 ι
3292 3051 3602 3135 Quorum
3639 3075 3670 3114 ιο
3704 3051 3909 3118 etiam

2355 3185 2390 3226 a
2430 3159 2597 3249 filii,
2634 3185 2667 3226 ι
2701 3168 2860 3229 sunt
2910 3188 2940 3224 α
2967 3161 3147 3230 sicut
3198 3159 3486 3228 novella.-
3518 3159 3914 3250 plantatio-

2351 3293 2490 3350 nes,
2517 3296 2549 3331 n
2575 3269 3051 3346 constabilitae,
3086 3279 3154 3338 et
3183 3269 3393 3337 firmae
3418 3295 3451 3334 ι
3485 3270 3556 3336 in
3568 3268 3909 3359 juventu-

2351 3387 2414 3444 te
2429 3401 2581 3445 sua.
2613 3402 2648 3444 ι
2679 3377 2838 3456 Job.
2876 3400 3017 3453 xm.
3054 3380 3121 3445 11
3158 3400 3172 3444 :
3201 3378 3676 3470 Eqrediuntur
3705 3380 3909 3470 quasi

2344 3508 2584 3576 qreqes
2613 3486 2902 3577 parvuli
2938 3508 3199 3562 eornm,
3242 3494 3306 3553 et
3340 3486 3643 3575 infantes
3669 3506 3905 3552 eorum

2346 3592 2698 3659 exsultant
2765 3589 3053 3660 lusibus.
3126 3590 3252 3659 vel
3335 3590 3584 3659 melius
3641 3591 3905 3682 legatur

2343 3699 2439 3767 sic
2474 3721 2490 3766 ε
2537 3726 2567 3761 σι
2599 3698 2910 3782 Quorum
2947 3697 3093 3787 filii
3126 3723 3156 3761 ιι
3199 3707 3359 3766 sunt
3398 3726 3430 3757 α
3467 3698 3540 3765 in
3558 3697 3904 3787 juventu-

2343 3818 2409 3874 te
2440 3830 2567 3874 sua
2595 3809 2775 3875 sicat
2803 3806 3092 3875 novella.-
3130 3807 3629 3897 plantationes,
3673 3834 3706 3868 »
3744 3827 3897 3897 quae

2340 3916 2474 3984 cito
2506 3916 2957 3984 eradicantur.
3004 3915 3313 4007 Sapient.
3371 3936 3466 3995 w,
3500 3916 3540 3981 3
3583 3934 3600 3983 t
3634 3916 3911 4007 Spuria-

2337 4024 2757 4091 vitulnmma
2812 4046 2948 4091 non
3013 4021 3281 4091 dabunt
3354 4023 3619 4091 radices
3678 4021 3891 4101 altas,

2334 4153 2454 4197 nec
2469 4130 2722 4197 stabile
2743 4130 3281 4222 fundamentum
3301 4128 3763 4198 collocabunt.
3792 4128 3893 4198 Ne

2333 4240 2668 4330 discrepat
2696 4263 2735 4307 a
2774 4237 3040 4308 Glossa.
3077 4238 3282 4307 Eccli.
3315 4261 3423 4314 xx..
3474 4241 3554 4308 ¹5
3597 4257 3615 4309 ε
3662 4241 3896 4333 Nepo-

2332 4358 2429 4415 tes
2475 4349 2851 4440 impiorum
2925 4370 3063 4416 non
3125 4345 3699 4438 multiplicabunt
3771 4370 3894 4417 ra-

2329 4477 2478 4523 mos
2511 4479 2536 4524 .·
2573 4456 2707 4524 cito
2747 4455 2930 4524 enim
2971 4454 3425 4536 eradicantur,
3467 4455 3594 4522 etsi
3631 4453 3715 4522 ad
3745 4477 3893 4524 mo·

2327 4561 2556 4630 dicum
2621 4560 2878 4653 aliquid
2945 4561 3192 4629 viroris
3256 4559 3577 4629 habeant.
3640 4559 3883 4630 Matth.

2325 4688 2443 4749 xv,
2481 4666 2564 4734 ¹3
2597 4687 2613 4734 τ
2645 4666 2886 4735 Omnis
2905 4665 3259 4758 plantatio
3286 4688 3498 4757 quam
3520 4687 3655 4733 non
3677 4664 3888 4758 plan-

2327 4775 2500 4842 tavit
2540 4775 2752 4843 Pater
2774 4794 2965 4841 meus
3000 4770 3495 4841 eradicabitur.

2416 5011 2450 5052 «
2494 4985 2699 5054 Filiae
2744 5007 2981 5054 eorum
3018 4985 3431 5077 compositae.
3470 5013 3504 5048 u
3563 4985 3694 5055 llic
3729 4986 3883 5056 feli-

2322 5093 2491 5162 citas
2521 5101 2853 5185 quantum
2887 5091 2972 5161 ad
3012 5111 3248 5161 sexum
3288 5090 3723 5161 foemininum
3758 5114 3774 5161 ε
3814 5101 3884 5162 et

2321 5210 2698 5293 tanguntur
2733 5200 2896 5270 duo.
2949 5199 3208 5281 Primo,
3261 5200 3558 5269 filiarum
3587 5222 3879 5294 compo-

2314 5488 2460 5543 νυνι,
2491 5479 2606 5532 etc.
2637 5470 3117 5532 Commentarius
3164 5475 3234 5543 D,
3263 5473 3494 5534 Alberti
3539 5492 3664 5537 non
3704 5486 3877 5538 curat

2314 5558 2387 5618 de
2416 5567 2662 5636 puncto,
2693 5568 2752 5618 et
2769 5560 2975 5637 jungit
3001 5562 3129 5621 hoc
3175 5562 3355 5622 verba
3382 5565 3453 5624 de
3473 5568 3669 5641 alodio
3694 5573 3868 5633 mali.

2310 5671 2444 5731 ano,
2473 5671 2611 5714 cum
2640 5655 2835 5715 verbis
2865 5657 3255 5735 sequentibus
3281 5661 3436 5735 eripe
3460 5679 3572 5726 ms.
