5008 6329
863 1064 1047 1140 18⁰

1915 339 2621 410 COMMENTARIUS
2675 339 2763 406 ΙΝ
2819 340 3244 409 PSALMUM
3301 339 3541 408 cvm.

1136 511 1652 600 conspiciuntur
1694 534 1716 578 .·
1754 514 2167 605 sempiterna
2223 535 2489 603 qnoque
2542 511 2696 598 ejus

1137 619 1383 697 virtus,
1453 628 1516 683 et
1565 618 1916 690 divinitas.
1998 619 2196 700 Quod
2241 628 2469 686 autem
2538 618 2696 683 dicit

1140 727 1407 804 anima,
1443 735 1636 795 notat
1711 728 2134 819 diligentiam
2189 728 2258 793 in
2298 724 2687 793 scrutando.

1233 1071 1267 1110 α
1303 1046 1700 1115 Declaratio
1727 1067 2138 1114 sermonum.
2177 1068 2210 1109 n
2237 1042 2363 1111 Hie
2394 1044 2691 1120 tertium,

1141 1144 1213 1219 in
1253 1177 1389 1244 quo
1421 1151 1776 1244 subjungit
1829 1173 1971 1219 suae
2036 1151 2498 1242 inquisitionis
2552 1150 2698 1216 fru-

1141 1270 1352 1330 c-tum.
1406 1262 1669 1342 Primo,
1714 1268 2044 1352 quantum
2076 1259 2159 1327 ad
2213 1282 2284 1328 se
2325 1259 2696 1350 singulari-

1138 1379 1263 1439 ter.
1313 1369 1659 1451 Secundo,
1689 1377 2022 1458 quantum
2060 1368 2146 1436 ad
2177 1368 2348 1435 alios
2387 1368 2499 1456 qui
2536 1390 2697 1457 prae-

1135 1479 1354 1569 parati
1387 1485 1547 1544 sunt
1584 1475 2014 1567 generaliter,
2072 1476 2188 1554 ibi,
2255 1500 2289 1541 α
2347 1477 2443 1541 Et
2488 1475 2696 1541 inlel-

1041 1633 1055 1645 ·
1143 1585 1421 1654 lectum.
1470 1609 1504 1649 ιι

1226 1696 1348 1764 Ait
1374 1695 1559 1763 enim
1598 1719 1613 1763 :
1653 1694 1765 1763 Sic
1797 1697 2027 1763 anima
2059 1717 2211 1762 mea
2243 1701 2541 1761 scrutata
2569 1701 2693 1770 est,

1137 1804 1672 1882 hocinvenienS,
1729 1803 1911 1895 quod
1954 1831 1989 1866 «
2039 1801 2439 1881 declaratio,
2482 1830 2513 1862 »
2547 1824 2697 1868 ma-

1135 1914 1378 1983 nifesta
1409 1912 1690 1991 seilicet,
1728 1938 1762 1979 α
1785 1934 2200 1991 sermonum,
2229 1937 2263 1976 ιι
2296 1919 2450 1978 ante
2482 1910 2695 2001 inqui·

1133 2023 1462 2092 sitionem
1568 2020 2019 2101 occultorum,
2099 2045 2132 2086 ι
2223 2020 2584 2087 illuminat
2652 2044 2681 2080 ιι

1071 2112 1095 2133 ”
1137 2133 1355 2225 ipsam
1395 2154 1410 2197 :
1450 2132 1728 2223 quippe,
1768 2129 2095 2198 l‘roverb.
2160 2153 2251 2208 vr,
2288 2132 2372 2197 23
2427 2150 2443 2198 ε
2486 2132 2698 2197 Man-

1136 2241 1381 2308 datum
1425 2240 1708 2307 lucerna
1741 2248 1861 2314 est,
1905 2250 1965 2306 et
2011 2238 2122 2305 lea·
2153 2240 2301 2306 lux.
2350 2237 2431 2305 Et
2463 2260 2692 2328 supra,

1138 2350 1209 2417 in
1247 2348 1491 2416 eodem
1530 2347 1807 2415 Psalmo
1839 2369 2067 2427 cxvm,
2117 2348 2241 2414 105
2314 2367 2330 2414 :
2392 2349 2696 2413 Lucerna

1138 2456 1433 2550 pedibus
1471 2457 1641 2523 meis
1717 2455 1993 2523 verbum
2037 2464 2259 2535 luam,
2320 2464 2382 2521 et
2437 2454 2692 2533 lumen,

1134 2573 1263 2633 ete.
1302 2561 1746 2631 Declarantur
1797 2569 2026 2630 autem
2078 2559 2341 2629 occulta
2384 2559 2697 2649 Scriptu-

1144 2697 1439 2743 rarum:
1488 2675 1739 2764 primo,
1808 2696 1927 2764 per
1985 2673 2496 2764 inquisitionem
2555 2670 2700 2737 dili-

1132 2793 1411 2875 gentem
1451 2791 1757 2874 :postea,
1835 2805 1957 2874 per
2011 2780 2568 2872 publicationem,
2636 2787 2698 2845 et

1129 2913 1250 2982 per
1280 2888 1839 2980 adimpletionem
1862 2888 2034 2957 sieut
2062 2888 2128 2955 in
2161 2887 2464 2979 figuratis
2506 2909 2522 2954 ε
2559 2895 2698 2953 ter-

1130 2996 1254 3075 tio,
1298 3019 1420 3087 per
1448 2994 2389 3087 promissorumsolutionem,
2425 2995 2494 3062 in
2541 3016 2705 3085 pro-

1123 3105 1592 3182 missionibus,
1638 3114 1700 3174 et
1739 3103 2413 3174 commonitionibus,

1231 3345 1265 3381 α
1309 3321 1402 3386 ΕΙ
1445 3316 1893 3384 intellectum.
1965 3342 1999 3382 ιι
2068 3315 2236 3383 Ecce
2294 3314 2694 3383 secundun..

1138 3425 1355 3508 Quasi
1438 3426 1751 3496 diceret:
1808 3424 1924 3493 Sic
1988 3423 2329 3492 illuminat
2398 3423 2698 3491 animam

1137 3556 1365 3602 meam
1397 3541 1840 3609 scrutantem,
1875 3540 1942 3599 et
1974 3533 2177 3599 etiam
2222 3556 2255 3597 e
2289 3529 2412 3597 da!
2430 3551 2703 3621 parru-

1136 3641 1252 3719 tis,
1318 3665 1352 3705 ι
1434 3638 1811 3708 humilibus
1891 3636 2181 3716 seilicet,
2251 3637 2366 3727 qui
2438 3634 2696 3702 malitia

1140 3752 1409 3843 parvuli
1488 3756 1673 3830 sunt,
1717 3745 2089 3815 secundum
2151 3745 2317 3812 illud
2358 3744 2696 3835 Apostoli,

1140 3860 1167 3930 l
1209 3860 1292 3927 ad
1332 3858 1647 3927 Corinth.
1719 3881 1859 3941 xiv,
1939 3859 2023 3924 20
2083 3876 2100 3924 t
2193 3855 2429 3924 Nolite
2498 3856 2703 3948 pueri

1139 3970 1330 4060 effici
1363 3967 1697 4046 sensibus,
1745 3966 1869 4033 sed
1902 3964 2180 4033 malilia
2209 3965 2501 4058 parvuli
2525 3976 2697 4031 eslo-

1140 4089 1227 4146 le.
1277 4106 1310 4140 κ
1374 4076 1836 4145 Intellectum.
1874 4099 1905 4140 ι
1943 4071 2185 4143 Matth.
2218 4096 2315 4148 xi,
2359 4075 2444 4141 25
2480 4096 2495 4140 z
2534 4075 2701 4142 Con-

1135 4185 1338 4275 fiteor
1394 4183 1551 4262 tibi,
1640 4183 1962 4266 I’aler,...
2033 4182 2200 4273 qnia
2285 4179 2702 4248 abscondisti

1139 4292 1283 4359 lia-c
1338 4287 1832 4384 asapientibns
1859 4298 1923 4355 e!
1962 4285 2448 4379 prudentibus,
2500 4297 2566 4353 et
2604 4308 2702 4354 re·

1143 4399 1393 4468 velasti
1420 4422 1500 4466 ea
1540 4396 1891 4490 parvulis.
1925 4394 2132 4463 Mare.
2177 4416 2246 4472 x,
2290 4394 2367 4460 il
2420 4416 2435 4461 :
2504 4394 2701 4460 Sini-

1141 4519 1207 4577 te
1229 4508 1568 4600 parvulos
1597 4507 1823 4574 venire
1858 4504 1954 4572 ad
1987 4526 2116 4572 me.
2179 4501 2507 4570 l‘roverh.
2554 4526 2695 4581 vm,

1142 4618 1184 4686 5
1218 4638 1238 4685 ε
1276 4614 1681 4704 tutelli-que,
1720 4611 2030 4704 parvuli,
2071 4611 2426 4687 astutiam,
2460 4620 2549 4689 et,
2602 4612 2701 4677 in·

1142 4722 1492 4814 sipientes,
1553 4718 2102 4787 animadvertite.

1245 5073 1280 5109 α
1328 5045 1420 5113 Os
1475 5065 1703 5111 meum
1733 5044 2000 5135 aperui.
2042 5071 2074 5103 υ
2112 5042 2240 5112 llic
2291 5042 2692 5120 secundum,

1149 5154 1221 5222 in
1256 5176 1394 5245 quo
1433 5159 1799 5244 postquam
1829 5149 2176 5219 confessus
2213 5157 2312 5218 est
2349 5173 2420 5216 se
2489 5151 2701 5241 inqui·

1148 5262 1391 5329 sivisse
1456 5258 1843 5351 diligenter,
1931 5256 2292 5328 confitetur
2345 5281 2416 5326 se
2469 5281 2699 5327 orasse

1149 5368 1540 5438 ferventer:
1585 5375 1654 5436 et
1679 5365 1998 5435 dicuntur
2050 5365 2373 5456 quinque.
2439 5365 2697 5449 l‘rimo,

1151 5476 1485 5546 orationis
1543 5474 1792 5544 fervor.
1829 5471 2170 5553 Secundo,
2233 5473 2488 5542 utilitas
2548 5475 2700 5544 inde

1229 5713 1247 5751 ¹
1288 5708 1374 5771 Cf.
1407 5708 1588 5767 etiam
1620 5709 1820 5767 unuh.
1879 5726 1974 5783 vn,
2023 5713 2055 5764 7
2094 5713 2154 5765 et
2216 5726 2334 5784 xxi,
2372 5713 2482 5784 22;
2525 5710 2699 5770 Marc.

4229 335 4358 402 313

2799 518 3184 585 consecuta,
3248 507 3368 585 ibi,
3407 536 3440 570 «
3484 510 3581 575 Et
3620 508 3888 575 auras-i
3933 506 4282 596 spiritum.
4321 530 4355 567 »

2796 617 3044 699 Tertio,
3090 617 3376 684 fervoris
3408 639 3637 695 eausa,
3683 616 3799 693 ibi,
3882 645 3910 677 «
3958 616 4138 700 Quia
4168 635 4362 678 man-

2799 725 2989 792 data.
3036 754 3068 787 n
3126 725 3413 804 Quarto,
3484 727 3796 803 materia,
3881 725 4137 791 seilicet
4193 721 4359 812 quid

2796 836 3012 901 oravit
3045 843 3183 901 tam
3216 835 3579 912 ferventer,
3634 834 3757 918 ibi,
3792 840 3855 909 ἵ.
3900 834 4023 899 132
4060 856 4073 900 z
4124 860 4157 894 «
4199 831 4355 899 Ad-

2796 943 2972 1032 spice
3005 943 3074 1009 in
3139 965 3266 1009 nze.
3308 968 3342 1007 ιο
3409 941 3665 1022 Quinto
3700 949 3767 1008 et
3815 939 4084 1017 ultimo,
4120 946 4359 1006 osten-

2797 1048 2895 1114 dit
2943 1051 3009 1114 in
3050 1051 3359 1116 oratione
3380 1072 3503 1115 sua
3533 1048 3921 1116 devotionis
3970 1053 4034 1114 et
4092 1046 4353 1114 ardoris

2799 1154 3333 1236 vehementiam,
3386 1154 3509 1235 ibi,
3570 1162 3636 1232 5'.
3738 1156 3916 1223 136:
3983 1181 4017 1218 α
4094 1156 4360 1221 Exitus

2800 1287 3167 1356 aquaruna
3220 1289 3251 1329 n

2888 1373 3070 1440 Dicit
3122 1394 3285 1463 ergo
3348 1393 3363 1437 ε
3423 1372 3537 1440 Sic
3603 1371 3968 1461 diligenter
4033 1368 4357 1437 mandata

2799 1480 2918 1547 Dei
2951 1488 3289 1547 scrutatus
3320 1503 3504 1559 sum,
3560 1489 3626 1547 et
3692 1481 3900 1547 etiam
3937 1506 3969 1541 «
4004 1481 4247 1569 aperui
4278 1500 4353 1543 os

2800 1612 3048 1668 nwnm,
3089 1614 3120 1654 n
3166 1587 3483 1672 litterale,
3528 1589 3789 1655 scilieet
3810 1588 4140 1678 corporis,
4176 1585 4360 1676 quod

2797 1702 3099 1791 aperitur
3128 1700 3300 1768 bene
3333 1702 3400 1766 in
3432 1700 3888 1767 confessione.
3924 1697 4032 1764 Ad
4063 1696 4356 1764 Roman.

2796 1832 2865 1886 x,
2909 1809 3032 1877 10:
3071 1808 3203 1876 Ore
3235 1808 3570 1895 consessio
3624 1807 3711 1895 fit
3763 1806 3861 1872 ad
3898 1805 4223 1873 salutem.
4277 1802 4365 1870 Et

2798 1915 2867 1980 in
2911 1912 3031 1980 l)ei
3072 1911 3272 1979 laude
3309 1934 3324 1979 ε
3386 1911 3594 1992 unde,
3640 1912 3710 1978 in
3755 1910 3941 1980 Psal.
3979 1934 4038 1991 ι,
4078 1911 4184 1987 17,
4237 1931 4361 1976 su-

2796 2044 2970 2112 pra:
3028 2021 3349 2097 Domine,
3403 2021 3650 2110 inquit,
3717 2017 3909 2086 labia
3984 2040 4135 2085 mea
4205 2040 4366 2107 ape-

2800 2128 2954 2194 ries.
2999 2126 3083 2193 Et
3129 2126 3347 2215 quid?
3388 2154 3421 2187 «
3479 2128 3575 2193 Ec
3603 2148 3678 2192 os
3708 2147 3933 2192 meum
3975 2125 4363 2191 amnuntia-

2801 2230 2896 2298 bit
2939 2231 3216 2298 lnmlem
3275 2239 3493 2297 tuam.
3558 2254 3591 2295 n
3668 2229 3744 2298 ln
3785 2228 4266 2319 praedieatione
4297 2237 4365 2295 et

2801 2338 3245 2406 instructione
3304 2338 3624 2405 aliorum.
3687 2335 3894 2405 Eceli.
3956 2358 4074 2416 xv,
4124 2337 4364 2403 13:122

2799 2447 3024 2513 medio
3062 2445 3390 2513 Ecclesia.-
3420 2446 3682 2536 aperiet
3719 2468 3793 2510 os
3826 2443 4006 2533 ejus.
4072 2442 4201 2509 Isa.
4238 2466 4356 2523 xv,

2806 2556 2884 2621 14
2923 2577 2937 2621 ε
2982 2555 3133 2622 Non
3161 2554 3307 2644 snit
3354 2556 3479 2644 qni
3516 2553 3816 2645 aperiret
3861 2575 3961 2635 OS,
3995 2561 4058 2619 et
4114 2552 4362 2642 (sanni-

2801 2674 2922 2732 rel.
2988 2662 3067 2729 lit
3122 2664 3187 2729 in
3247 2662 3773 2752 investigatione
3833 2661 4167 2738 veritatis,
4241 2684 4364 2750 per

2801 2775 3290 2843 discussionem
3348 2798 3506 2842 cum
3556 2774 3980 2864 sapientiori.
4024 2771 4356 2842 Ezechiel.

2804 2909 2901 2971 m,
2934 2891 2974 2954 2
3019 2909 3034 2952 ;
3077 2888 3368 2978 Aperuit
3397 2910 3471 2953 os
3536 2907 3793 2967 meum,
3854 2894 3921 2952 et
3948 2882 4202 2951 cibavi-t
4257 2906 4365 2949 me

2804 2995 3153 3063 volumine
3196 2993 3352 3062 ille.
3434 2993 3518 3061 Et
3568 2994 3636 3060 in
3704 2991 4016 3060 oratione
4056 2991 4141 3058 ad
4180 2990 4364 3059 litte-

2806 3128 2977 3188 ram,
3020 3106 3189 3173 sieut
3222 3102 3332 3172 hic
3363 3104 3637 3183 dieitur,
3680 3109 3745 3172 et
3813 3100 4002 3182 alibi,
4064 3100 4131 3168 in
4173 3098 4354 3168 Psal.

2804 3235 3006 3290 Lxxx,
3086 3214 3147 3279 ll
3202 3231 3219 3282 z
3283 3212 3532 3280 Dilala
3569 3234 3645 3278 os
3711 3220 3937 3289 tunm,
3983 3210 4052 3276 in
4116 3208 4362 3276 devota

2805 3320 3139 3398 oratioue,
3171 3329 3236 3385 et
3267 3318 3566 3410 implebo
3617 3315 3830 3385 illud.

2894 3561 2928 3602 α
2964 3538 3057 3603 Et
3104 3538 3376 3604 aurati
3408 3537 3766 3628 spiritum,
3810 3564 3841 3596 υ
3914 3534 3981 3602 id
4032 3542 4160 3615 est,
4206 3533 4373 3625 Spi-

2803 3645 2971 3712 ritus
3004 3645 3214 3711 sancti
3247 3646 3570 3734 gratiam,
3593 3643 3678 3710 ad
3709 3641 3886 3712 hene
3922 3641 4372 3735 operandum.

2798 3752 2957 3832 sot»,
2992 3775 3228 3834 xxxiv,
3294 3754 3424 3821 14:
3479 3753 3563 3822 Si
3617 3751 3953 3819 dire-terit
4017 3752 4116 3819 ad
4183 3774 4366 3831 enm,

2801 3859 3053 3927 scilicet
3091 3858 3333 3936 Deum,
3368 3880 3486 3924 cor
3508 3880 3744 3934 snum,
3797 3856 4067 3949 supple,
4104 3858 4171 3924 in
4202 3879 4366 3925 ora-

2803 3970 3015 4049 tione,
3046 3968 3368 4059 spiritum
3404 3966 3607 4035 illins
3652 3976 3718 4035 et
3770 3967 4059 4057 flatum,
4101 3967 4359 4036 seilicet

2804 4075 2990 4154 (idei,
3021 4074 3119 4141 ad
3149 4098 3222 4142 se
3249 4075 3499 4144 traleet.

2891 4182 2976 4250 Et
3030 4179 3163 4250 hoe
3213 4188 3435 4250 totum
3492 4182 3647 4262 feei,
3684 4211 3717 4243 «
3786 4182 3953 4273 qnia
4019 4181 4362 4269 mandata

2802 4300 2927 4359 tna
2992 4288 3468 4358 desiderabam
3539 4312 3563 4358 .·
3606 4316 3642 4354 ιι
3704 4289 4118 4359 desiderium
4170 4291 4359 4359 enim

2802 4396 3281 4465 mandatorum
3364 4396 4007 4489 cognoscendorum
4093 4405 4159 4465 et
4227 4398 4366 4465 im-

2802 4504 3212 4596 plendorum
3244 4504 3532 4593 urgebat
3587 4528 3698 4574 me
3763 4506 3859 4573 sic
3925 4528 4004 4573 os
4070 4505 4357 4594 aperire.

2805 4611 3110 4702 Sapient.
3144 4633 3264 4689 vn,
3289 4611 3328 4677 7
3364 4632 3380 4678 τ
3412 4612 3692 4701 Optavi,
3735 4619 3801 4678 et
3828 4611 4037 4677 danes
4063 4619 4161 4678 est
4189 4612 4368 4678 milei

2799 4740 3035 4786 sensns
3062 4741 3085 4786 .·
3118 4718 3454 4796 invocavi,
3508 4726 3572 4785 et
3646 4717 3866 4785 datus
3902 4727 4001 4785 est
4031 4717 4208 4786 milii
4228 4719 4369 4810 spi-

2802 4831 2978 4896 ritns
3002 4827 3380 4918 sapienu‘ae.
3415 4826 3625 4896 Ecoli.
3698 4850 3795 4909 vt,
3830 4828 3913 4897 3¹1
3984 4849 4001 4895 ε
4080 4828 4363 4919 Coqila·

2805 4947 2949 5004 tnm
3007 4944 3204 5002 enum
3246 4935 3424 5004 babe
3473 4936 3544 5004 in
3585 4938 3952 5029 praeceptis
4008 4939 4252 5018 Dei,...
4296 4944 4361 5005 et

2800 5044 3337 5135 concupisc-enlin
3425 5045 3803 5136 sapientise
3857 5043 4145 5113 dabitur
4213 5044 4367 5114 tibi.

2807 5153 2968 5220 Luc.
2996 5175 3091 5230 xi,
3133 5154 3173 5221 9
3211 5174 3227 5220 τ
3270 5154 3517 5232 Petite,
3559 5163 3625 5222 et
3653 5152 3942 5221 dabitur
3971 5151 4185 5237 vobis,
4218 5162 4349 5224 ete.

2806 5257 3284 5328 mandatorum
3340 5260 3466 5328 Dei
3500 5259 3978 5352 intelligentia,
4039 5259 4203 5329 dum
4260 5269 4361 5330 ta·

2806 5390 2961 5436 men
3014 5369 3419 5459 quoesieritis
3472 5391 3595 5459 per
3621 5366 4079 5459 diligentiam,
4121 5377 4187 5438 et
4218 5367 4366 5462 pul-

2803 5474 3117 5542 saveritis
3167 5496 3288 5565 per
3326 5473 3727 5542 instantiam
3758 5477 3802 5540 ¹.

2803 5723 2885 5778 xi,
2916 5709 2984 5763 24
3009 5723 3024 5775 ς
3053 5706 3222 5765 Joan.
3254 5720 3369 5777 xiv,
3404 5708 3507 5776 ¹33
3536 5704 3740 5765 Jacob.
3771 5722 3811 5778 ι,
3838 5709 3893 5763 5.
