5008 6329
408 2643 535 2709 Ιθ

354 2745 577 2789 Secund!

307 2809 422 2856 par·
433 2799 624 2844 inimi.

665 381 788 448 186

662 569 968 638 regnum,
1030 559 1098 618 et
1164 552 1545 629 introitum,
1623 550 1950 618 Proverb.
2003 569 2195 626 xvut,

664 657 745 724 16
780 679 795 725 ε
841 661 1117 724 Donum
1144 658 1443 726 hominis
1472 658 1729 728 dilatat
1777 661 1961 727 viam
2018 655 2197 746 ejus,

659 773 722 830 et
758 774 914 830 ante
933 765 1278 855 principes
1321 768 1623 859 spatium
1673 770 1735 835 ei
1778 768 1978 858 facit.
2019 764 2203 830 Tan-

1655 382 1740 447 n.
1796 379 1989 446 ALB.
2042 373 2260 443 MAG.
2315 349 2521 440 om).
2573 373 2869 441 PRAED.

2408 544 2809 611 «Dentibus
2837 545 2985 611 suis
3009 546 3278 633 fremet,
3336 573 3369 608 »
3422 571 3560 637 prae
3607 549 3866 640 invidia

2312 649 2394 718 de
2467 650 2807 719 bonorum
2873 651 3163 743 gaudiiS,
3238 675 3389 742 quae
3460 658 3711 723 amisit.
3785 655 3863 722 ln

2310 756 2490 823 Psal.
2568 782 2801 837 xxxvi,
2868 761 2947 824 12
2995 783 3009 826 :
3076 759 3476 828 observabit
3544 772 3861 850 peccator

660 874 813 941 dem
869 875 1335 945 intromissum
1385 878 1680 947 exaltare
1735 876 1957 955 faciet,
1990 872 2194 940 Eccli.
2294 862 2604 951 justum,
2646 877 2710 931 et
2745 867 3059 932 stridebit
3093 890 3299 958 super
3335 890 3490 935 eum
3545 867 3862 934 dentibus

657 1002 772 1055 XX,
817 978 899 1045 30
951 1000 967 1046 z
1041 982 1181 1066 Qui
1235 995 1559 1074 operatur
1608 983 1999 1072 justitiam,
2059 979 2200 1068 ipse

657 1087 1103 1157 exaltabitur.
1161 1092 1343 1160 Psal.
1392 1114 1614 1172 Lxxrv,
1675 1093 1750 1157 11
1799 1111 1814 1157 ε
1892 1087 2197 1156 Eaealta-

658 1194 914 1263 buntur
966 1220 1221 1265 cornua
1300 1199 1510 1287 justi.
1571 1197 1658 1264 Et
1756 1195 1940 1274 alibi,
2012 1193 2192 1261 Psal.

656 1327 921 1391 chvm,
969 1306 1050 1372 14
1093 1327 1109 1372 ε
1151 1304 1522 1374 Eoealtavit
1547 1328 1756 1374 cornu
1777 1304 2032 1396 populi
2055 1304 2190 1370 sui.

654 1412 826 1481 Ecce
853 1413 1062 1480 verba
1090 1412 1384 1481 multum
1439 1437 1819 1506 pauperum
1849 1421 1917 1481 et
1963 1411 2197 1502 largo-

656 1545 805 1588 rum
843 1520 1319 1590 consolatoria.
1365 1523 1780 1615 Pauperum,
1813 1521 1973 1613 quia
2009 1529 2197 1588 tanta

654 1628 1142 1719 promittuntur
1196 1630 1337 1699 suis
1392 1631 1893 1724 largitoribus:
1961 1628 2197 1718 largo-

656 1759 831 1816 rum,
894 1737 1052 1827 quia
1124 1761 1248 1829 pro
1338 1739 1624 1809 modicis
1704 1734 2195 1828 temporalibus

655 1852 906 1912 aeterna
932 1843 1345 1913 tribuuntur.

744 1951 891 2020 Hoc
920 1961 1339 2021 monstratur
1365 1953 1437 2020 in
1483 1953 1721 2022 litteris
1760 1978 1883 2022 rm:
1910 1956 2030 2052 (D
2054 1959 2105 2046 ),
2130 1961 2197 2021 et

658 2082 820 2127 corn
872 2060 1012 2203 (Ρ)
1072 2082 1089 2129 :
1148 2061 1679 2153 interpretantur
1732 2065 1919 2132 enim
1987 2063 2197 2130 disci-

648 2166 874 2258 plina,
951 2169 1353 2251 consolatio,
1409 2173 1631 2263 potio.
1673 2171 1773 2239 Ac
1841 2174 1898 2239 si
1945 2170 2123 2239 dicat
2174 2193 2189 2240 ε

656 2275 814 2344 llaec
846 2286 947 2345 est
984 2277 1338 2370 disciplina
1369 2279 1786 2361 consortum,
1821 2288 1886 2347 et
1922 2288 2188 2370 potans.

744 2622 778 2661 α
846 2597 1169 2666 Peccator
1230 2598 1508 2667 videbit.
1573 2626 1607 2663 ιο
1649 2599 1778 2668 Hic
1824 2600 2193 2668 secundum

653 2703 860 2770 totius
890 2703 1168 2784 Psalmi,
1203 2704 1273 2772 in
1313 2727 1450 2796 quo
1481 2707 1703 2796 agitur
1731 2706 1813 2775 de
1856 2707 2196 2774 malorum

657 2811 1028 2901 punitione.
1071 2810 1157 2879 Et
1187 2812 1435 2903 primo,
1469 2812 1551 2882 de
1581 2814 1951 2884 inflictione
2003 2814 2189 2882 mali.

656 2915 993 3003 Secundo,
1026 2917 1110 2986 de
1141 2921 1489 2988 amotione
1517 2919 1708 3003 boni,
1741 2920 1862 3007 ihi,
1905 2948 1939 2987 ι
1997 2923 2195 2990 Desi-

652 3025 917 3093 derium
941 3036 1400 3114 peccatorum.
1435 3051 1471 3094 ι

738 3132 815 3202 ln
872 3133 1092 3225 prima
1159 3132 1477 3205 dicuntur
1531 3143 1845 3229 quatuor.
1927 3137 2188 3220 Prima,

645 3241 880 3331 gloriae
926 3241 1271 3313 bonorum
1325 3245 1653 3337 cognitio,
1703 3253 1773 3316 et
1808 3239 1946 3315 suae
1984 3248 2192 3315 mise-

645 3349 786 3418 riae.
840 3347 1181 3432 Secundo,
1234 3351 1605 3422 commotio
1654 3361 1720 3421 et
1765 3353 1865 3421 ira
1931 3353 2012 3422 de
2067 3374 2190 3422 sua

645 3457 1033 3543 afflictione,
1066 3459 1187 3542 ibi,
1230 3488 1265 3524 α
1311 3463 1410 3530 Et
1456 3462 1809 3530 irascetur.
1847 3488 1880 3528 u
1932 3462 2186 3544 Tertio,

644 3564 896 3634 invidia
952 3565 1034 3635 de
1116 3565 1464 3637 bonorum
1535 3567 1970 3653 exaltatione,
2067 3569 2181 3650 ibi,

645 3698 679 3737 ι
719 3672 1052 3744 Dentibus
1085 3676 1234 3744 suis
1256 3678 1528 3766 fremet.
1564 3700 1600 3743 a
1642 3675 1928 3758 Quarto,
1969 3699 2190 3769 perse·

640 3784 943 3852 vorantia
983 3785 1054 3853 in
1083 3781 1219 3871 his,
1254 3782 1377 3873 ibi,
1411 3815 1445 3849 α
1478 3788 1575 3855 Et
1609 3784 1919 3856 tabescet.
1959 3813 1994 3850 ι

728 3889 905 3959 Dicit
958 3913 1120 3983 ergo
1162 3914 1180 3962 ε
1236 3890 1351 3962 Sic
1387 3892 1617 3983 justus
1657 3893 2087 3973 exaltabitur,
2119 3902 2185 3962 et

644 4026 675 4061 κ
714 4010 1030 4090 peccator
1064 3998 1347 4085 videbit,
1381 4025 1417 4068 ι
1449 4001 1604 4081 hoc,
1667 4011 1734 4072 et
1789 4026 1984 4072 suam
2034 4025 2187 4094 pro·

640 4107 859 4196 priam
900 4109 1273 4191 miseriam,
1326 4136 1364 4175 α
1403 4121 1469 4179 et
1506 4112 1863 4195 irascetur,
1909 4137 1945 4176 ιο
1991 4134 2187 4179 com-

640 4223 888 4293 motus,
932 4225 998 4286 et
1025 4216 1470 4287 conturbatus
1497 4227 1775 4310 propter
1802 4217 2013 4287 illam.
2050 4219 2184 4286 Sa-

638 4323 851 4412 pient.
887 4345 956 4403 v,
990 4325 1031 4391 2
1065 4346 1083 4392 ε
1139 4323 1447 4394 Videntes
1483 4324 1952 4395 turbabuntur
1977 4329 2181 4395 timo·

641 4451 714 4496 re
737 4428 1082 4499 horribili.
1129 4429 1262 4504 lsa.
1289 4454 1436 4512 vm,
1468 4433 1547 4501 21
1586 4454 1607 4503 2
1643 4433 1812 4504 Cum
1840 4435 2177 4513 esurierit,

640 4542 889 4605 {eterna
925 4535 1102 4607 fame
1126 4545 1194 4607 et
1234 4538 1533 4620 miseria,
1568 4541 1920 4610 irascetur.
1978 4540 2064 4610 Et
2111 4542 2180 4609 in

2305 970 2472 1036 suis.
2519 969 2759 1038 Matth.
2796 994 2940 1054 xm,
2982 973 3066 1038 42
3111 998 3127 1040 ε
3172 974 3285 1041 Ibi
3330 976 3462 1043 erit
3506 975 3743 1064 fletus,
3798 984 3863 1042 et

2303 1078 2562 1146 stridor
2589 1078 2925 1149 dentium.

2397 1213 2433 1250 «
2472 1189 2570 1254 Εἰ
2608 1187 2917 1266 tabescet,
2967 1214 3000 1254 w
3040 1188 3299 1256 malum
3331 1190 3611 1257 invidiae
3669 1193 3740 1258 in
3788 1214 3860 1259 se

2304 1297 2630 1378 retinens,
2664 1304 2730 1364 et
2758 1298 3101 1387 impotens
3129 1298 3475 1389 complere
3505 1300 3692 1390 quod
3739 1300 3861 1368 de-

2302 1402 2577 1472 siderat.
2611 1404 2855 1474 Ezech.
2907 1429 2998 1485 w,
3049 1409 3181 1475 17:
3236 1407 3738 1477 Contabescant
3787 1409 3857 1475 in

2305 1511 2790 1601 iniquitatibus
2815 1516 2982 1591 suis,
3020 1522 3087 1581 et
3119 1516 3187 1581 in
3217 1517 3524 1584 maxima
3573 1515 3850 1584 invidia.

2306 1616 2611 1709 Sapient.
2655 1643 2749 1705 vr,
2785 1623 2868 1688 25
2906 1644 2921 1689 ε
2964 1623 3199 1712 Neque
3234 1644 3393 1689 cum
3452 1623 3717 1690 invidia
3758 1634 3860 1690 ta-

2304 1726 2601 1796 bescente
2629 1731 2758 1796 iter
2809 1729 3092 1797 habebo.
3136 1730 3383 1812 AmOS,
3426 1754 3520 1810 ix,
3587 1734 3627 1800 5
3664 1753 3680 1800 ε
3720 1732 3859 1817 Qui

2302 1835 2531 1923 tan-ait
2576 1845 2856 1923 terram,
2913 1844 3252 1905 terrenam
3311 1838 3643 1919 animam,
3680 1837 3858 1905 afssi-

2301 1940 2526 2031 gendo
2566 1964 2740 2021 eam,
2785 1953 2848 2011 et
2877 1943 3187 2012 tabescet.
3224 1944 3408 2013 Psal.
3454 1967 3670 2031 num,
3710 1946 3789 2012 12
3833 1968 3850 2013 ε

2299 2048 2398 2114 Et
2425 2045 2756 2117 tabescere
2788 2051 3019 2140 fecisti
3069 2053 3248 2119 sicut
3303 2072 3641 2119 araneam
3706 2052 3856 2118 ani-

2300 2172 2488 2219 mam
2528 2177 2705 2242 ejus.

2393 2391 2427 2430 α
2461 2367 2920 2436 Desiderium.
2960 2394 2993 2434 u
3046 2368 3218 2438 Ecce
3264 2372 3568 2438 carentia
3624 2372 3849 2441 omnis

2299 2472 2489 2542 boni.
2542 2473 2752 2554 Quasi
2817 2474 3103 2545 diceret:
3189 2475 3305 2545 Sic
3362 2476 3715 2570 affligitur,
3785 2487 3854 2548 et

2302 2608 2336 2647 α
2381 2582 2794 2653 desiderium
2824 2595 3266 2677 peccatorum
3329 2586 3613 2678 peribit,
3651 2613 3687 2652 n
3762 2588 3846 2657 ab

2300 2691 2421 2771 eis,
2466 2700 2542 2760 ut
2586 2691 2755 2761 nihil
2813 2695 3097 2764 omnino
3138 2694 3680 2764 desideraturum
3721 2694 3855 2764 ha-

2297 2799 2457 2868 bere
2494 2801 2781 2892 possint.
2817 2802 3230 2894 Apocalyps.
3276 2825 3472 2882 xvin,
3541 2804 3664 2870 14:
3709 2805 3856 2873 Po-

2298 2930 2417 2976 ma
2445 2908 2768 2977 desiderii
2822 2911 3075 2978 animae
3111 2921 3247 2978 tuae
3299 2909 3755 2979 discesserunt
3811 2936 3855 2978 a

2298 3028 2363 3084 te
2390 3040 2414 3086 .·
2444 3027 2510 3086 et
2537 3019 2771 3088 omnia
2796 3021 3104 3112 pinquia
3131 3030 3197 3088 et
3236 3020 3587 3113 praeclara
3619 3021 3855 3112 perie-

2296 3136 2464 3197 runt
2507 3151 2552 3196 a
2625 3140 2711 3197 te.
2769 3128 2929 3209 Job,
2963 3153 3071 3211 χι,
3116 3130 3234 3199 28:
3277 3131 3455 3199 Ecce
3496 3152 3649 3222 spes
3694 3127 3852 3219 ejus

2291 3235 2756 3324 frustrabitur
2815 3259 2994 3304 eum.
3060 3235 3197 3305 Sed
3255 3236 3628 3315 bonorum,
3677 3258 3846 3305 non.

2295 3340 2624 3410 Proverb.
2675 3366 2744 3423 x,
2798 3344 2882 3412 28
2928 3367 2944 3412 :
2995 3345 3441 3435 Est-spectatio
3485 3342 3851 3433 justorum

2295 3447 2566 3529 letitia,
2614 3460 2766 3543 spes
2828 3462 3061 3519 autem
3127 3450 3506 3544 impiorum
3551 3448 3839 3542 peribit.

2294 3555 2419 3626 Illa
2445 3556 2682 3627 laetitia
2729 3581 2935 3628 omne
2973 3558 3235 3628 bonum
3291 3567 3417 3628 est.
3453 3558 3534 3627 In
3573 3558 3843 3640 eodem,

2291 3688 2386 3743 xi,
2421 3666 2543 3735 23:
2605 3665 3048 3736 Desidet-ium
3072 3665 3441 3756 justorum
3489 3689 3690 3736 omne
3718 3664 3846 3735 bo-

2278 3788 2460 3845 num
2490 3786 2612 3862 est,
2644 3778 2820 3846 sicut
2858 3774 3017 3858 illis,
3061 3797 3266 3844 omne
3297 3774 3590 3843 malum.

2380 3884 2530 3954 Iloc
2576 3892 2996 3954 monstratur
3031 3883 3103 3951 in
3131 3880 3350 3952 tribus
3379 3881 3651 3964 litteris,
3686 3903 3842 3974 quoe

2289 3992 2402 4063 hic
2430 4001 2805 4084 tanguntur
2841 4011 2860 4062 ε
2931 4013 3049 4060 ans
3106 3982 3276 4077 (Ἶ),
3302 3987 3490 4082 quod
3519 3990 3845 4081 iuterpre-

2288 4110 2473 4170 tatur
2526 4110 2736 4193 caput
2764 4121 2789 4169 .·
2854 4122 2957 4168 sm
2997 4090 3622 4191 (w),eqrediens:
3658 4118 3839 4165 man

2290 4200 2451 4299 (Π)
2487 4230 2651 4276 vero
2694 4208 3219 4276 consummatio.
3260 4206 3363 4274 Ac
3418 4207 3477 4273 si
3536 4204 3833 4273 diceret:

2286 4314 2627 4385 Malorum
2656 4323 2861 4407 caput
2888 4312 3202 4383 diabolus
3230 4313 3382 4392 erit,
3416 4311 3775 4405 egrediens
3802 4333 3843 4379 a

2285 4424 2431 4495 Deo
2493 4424 2883 4517 egressione
2937 4429 3443 4508 consummata,
3504 4418 3638 4489 hoc
3703 4427 3837 4506 est,

2285 4530 2543 4623 repleta
2587 4530 2776 4601 omni
2828 4528 3126 4599 miseria.
3159 4530 3220 4598 A
3261 4550 3399 4620 qua
3440 4527 3837 4620 egressione

638 4642 877 4713 codem
946 4665 964 4714 ε
1025 4646 1393 4727 Irascetur,
1469 4656 1534 4716 et
1607 4647 1969 4717 maledicet
2033 4651 2182 4739 reqi
2282 4640 2485 4710 nobis
2522 4648 2757 4710 caveat
2784 4639 3151 4722 Dominus,
3181 4637 3551 4729 praemium
3608 4634 3837 4704 bono-

635 4771 786 4830 suo,
817 4761 882 4820 et
908 4754 1051 4822 Deo
1076 4775 1232 4822 suo.
1268 4752 1462 4824 Sicut
1491 4777 1528 4822 e
1564 4758 1904 4826 contrario
1934 4756 2179 4824 dicitur

637 4857 720 4926 de
765 4860 980 4948 justo,
1041 4860 1111 4929 in
1160 4859 1343 4930 Psal.
1388 4886 1547 4943 wn,
1594 4865 1668 4933 11
1719 4886 1737 4932 :
1799 4864 2180 4934 Laetabitur

643 4966 867 5045 iustus
891 4994 1047 5042 cum
1086 4974 1339 5044 viderit
1366 4975 1764 5056 vindictam,
1796 4984 1924 5046 etc.

2285 4773 2464 4829 rum,
2499 4750 2615 4843 qui
2653 4758 2755 4819 est
2805 4748 3202 4818 benedictus
3228 4770 3354 4840 per
3397 4745 3668 4816 infinita
3705 4766 3840 4813 εω-

2282 4857 2436 4927 cula
2475 4857 2905 4929 saeculorum.
2947 4858 3195 4926 Amen.
