5008 6329
643 374 767 441 310

646 573 680 609 α
720 569 871 613 sum
902 568 1044 635 eqo,
1093 567 1125 608 n
1164 542 1472 633 Sapient.
1519 567 1607 626 ix,
1638 547 1675 611 4
1704 548 1825 614 et5
1855 568 1869 615 3
1894 546 2064 614 Noli
2084 569 2190 614 me

645 657 998 749 reprobare
1035 678 1076 720 a
1109 656 1348 744 pueris
1379 658 1543 736 tuis,
1589 660 1918 747 quoniam
1956 680 2189 725 servus·

644 777 801 834 tuus
829 763 948 851 eqo
976 785 1156 842 sum,
1197 774 1260 830 et
1306 764 1505 852 filius
1562 765 1836 833 ancillae
1885 776 2041 833 tuoe.
2109 765 2190 830 Et

643 873 773 939 hoc
811 891 947 936 non
1006 878 1106 936 est
1161 894 1430 961 parum,
1476 870 1604 938 Isa.
1657 894 1832 947 xcix,
1880 873 1918 938 6
1973 894 1987 937 :
2044 874 2190 939 Pa-

646 998 798 1043 rum
827 985 922 1042 est
948 977 1120 1043 milei
1161 988 1236 1045 ut
1270 980 1366 1044 sis
1394 978 1568 1043 milei
1594 1000 1826 1043 servus
1864 978 1961 1043 acl
1983 980 2193 1044 susci-

644 1083 889 1151 tandas
916 1083 1134 1152 tribus
1160 1083 1399 1165 Jacob,
1443 1092 1508 1149 et
1543 1085 1741 1171 saeces
1770 1084 1992 1151 lsrael
2040 1108 2191 1151 con-

643 1190 990 1257 vertendas
1015 1188 1055 1255 ‚9
1084 1189 1230 1255 lmo
1274 1211 1628 1279 magnum,
1676 1190 1770 1255 111
1803 1190 1971 1281 lleg.
2008 1214 2076 1277 x,
2103 1192 2184 1259 8:

642 1298 842 1365 Beati
867 1296 1041 1361 servi
1070 1295 1194 1359 tui.

736 1427 770 1468 α
810 1404 922 1469 Da
977 1399 1150 1469 milii
1208 1401 1653 1471 intellectum.
1704 1429 1735 1468 n
1798 1405 1968 1473 Ecce
2030 1403 2193 1496 quid

645 1510 832 1601 petit.
915 1509 1073 1577 Luc.
1163 1534 1354 1591 xvm,
1425 1513 1499 1578 41
1561 1535 1576 1580 :
1636 1513 1822 1596 Quid
1890 1511 2018 1579 tibi
2093 1515 2192 1580 vis

644 1617 970 1708 faciam?
1017 1621 1335 1701 Domine,
1372 1631 1449 1688 ut
1515 1620 1808 1687 videam.
1870 1621 1972 1689 Da
2023 1619 2191 1688 mihi

646 1721 781 1791 mel
811 1720 1184 1791 dulcedinis
1225 1734 1356 1792 tuae
1402 1726 1470 1791 in
1527 1726 1919 1794 summitate
1953 1726 2187 1816 virgae,

646 1828 926 1896 rationis
1003 1828 1256 1897 scilicet
1328 1852 1522 1912 meze,
1593 1839 1668 1898 ut
1724 1829 2193 1898 illuminentur

648 1934 825 2004 oculi
865 1937 997 2004 mei
1037 1936 1077 2002 ¹.

736 2072 772 2109 α
812 2047 898 2114 Ut
922 2046 1134 2112 sciam
1174 2048 1564 2114 testimonia
1606 2058 1751 2116 tua.
1805 2078 1835 2110 »ι
1871 2048 2044 2116 Ecce
2110 2047 2195 2114 ad

648 2151 808 2244 quid
847 2152 976 2222 hoc
1005 2153 1303 2244 postulo,
1351 2187 1378 2220 ι
1408 2167 1484 2224 ιιι
1531 2158 1748 2225 sciam
1806 2159 2196 2226 testimonia

648 2274 794 2343 tua,
847 2293 879 2327 n
923 2264 1174 2333 scilicet
1261 2265 1795 2357 Scripturarum,
1865 2276 2195 2359 quantum

647 2370 938 2457 valeant,
972 2382 1303 2464 quantum
1369 2374 1584 2441 utilia.
1628 2374 1780 2453 vel,
1827 2403 1861 2442 ι
1895 2378 2201 2463 testimo-

647 2481 791 2560 nia,
829 2507 863 2543 n
899 2480 966 2547 id
995 2489 1119 2564 est,
1156 2481 1483 2572 martyria
1522 2506 1645 2573 pro
1679 2492 1742 2552 te
1794 2492 2197 2564 sustentata,

649 2590 808 2678 quin
847 2588 1162 2656 multum.
1201 2588 1442 2658 Matth.
1485 2614 1554 2668 x,
1591 2593 1719 2659 32:
1787 2594 2026 2659 Omnis
2081 2592 2204 2683 qui

651 2693 1082 2782 confitebitur
1109 2716 1215 2761 me
1243 2717 1473 2763 coram
1516 2697 1932 2782 hominibus,
1988 2700 2205 2789 coufi-

654 2800 839 2869 tebor
864 2812 927 2868 et
964 2826 1084 2892 eqo
1122 2825 1276 2870 eum
1330 2827 1562 2871 coram
1623 2807 1831 2874 Patre
1877 2830 2047 2873 meo.
2122 2805 2204 2873 Et

661 2931 914 2991 rursuS,
948 2932 1031 2977 ne
1069 2912 1155 2977 sit
1206 2911 1426 2979 inanis
1488 2912 1850 2991 confessio,
1895 2914 2201 3005 sapient.

660 3037 754 3093 ιιι,
788 3017 866 3083 5:
901 3017 979 3083 In
1004 3017 1248 3107 paucis
1293 3019 1544 3095 vexati,
1619 3020 1689 3086 in
1745 3020 1990 3089 multis
2048 3021 2209 3089 bene

660 3124 1125 3218 disponentur.
1210 3123 1267 3193 ll
1336 3126 1421 3196 ad
1494 3126 1804 3200 Corinth.
1909 3151 2002 3210 iv,
2079 3131 2204 3198 17:

662 3232 748 3301 ld
769 3232 958 3323 quod
983 3236 1050 3300 iu
1078 3236 1405 3324 prm-enti
1434 3246 1531 3303 est
1564 3247 2111 3305 momentaneum
2145 3249 2210 3307 et

665 3340 805 3408 leve
823 3338 1296 3408 tribulationis
1326 3351 1598 3421 nostre,
1658 3366 1874 3435 supro
1926 3345 2206 3414 modum

666 3445 737 3512 iu
789 3445 1218 3515 sublimitate
1276 3457 1608 3517 aeteruum
1645 3450 1892 3540 qlorice
1931 3453 2210 3543 pondus

664 3562 985 3646 operatur
1013 3555 1081 3622 in
1110 3553 1329 3622 nobis.

761 3899 795 3938 α
832 3875 1112 3966 Tempus
1142 3872 1304 3942 bene
1336 3875 1668 3964 faciendi,
1715 3907 1744 3936 ι»
1780 3875 1904 3944 llic
1953 3886 2053 3945 est
2106 3902 2212 3947 se·

670 3983 887 4051 cunda
924 4006 1078 4074 pars
1117 3984 1327 4052 totius
1355 3986 1715 4075 octonarii,
1752 3988 1819 4053 in
1859 4009 1995 4079 qua
2024 3995 2217 4078 post-

673 4111 876 4181 quam
905 4092 1090 4181 petiit
1133 4089 1464 4159 auxilium
1505 4101 1740 4162 contra
1799 4093 2019 4186 legem
2079 4097 2216 4166 im-

674 4208 1073 4291 pugnanteS,
1107 4201 1475 4270 osteudens
1513 4202 1831 4274 affectum
1874 4230 2074 4276 suum
2130 4207 2218 4278 ad

671 4305 840 4398 legis
879 4306 1370 4397 impletionem,
1403 4319 1472 4377 et
1494 4310 1578 4378 nd
1616 4309 1787 4401 legis
1837 4336 2067 4384 veram
2108 4339 2222 4387 co·

676 4414 1074 4506 gnitionem,
1107 4416 1460 4508 subjungit
1503 4417 2057 4492 lamentationem
2096 4447 2220 4517 pro

676 4519 1127 4590 destructione
1158 4520 1327 4614 legis
1355 4547 1394 4592 a
1437 4524 1687 4592 talibus
1730 4549 1745 4596 3
1782 4537 1844 4596 et
1893 4539 1993 4599 est
2052 4532 2221 4599 indi·

673 4630 818 4698 visa
849 4653 1000 4721 pars
1039 4632 1189 4699 ista.

767 4739 881 4805 Ait
917 4739 1097 4806 enim
1140 4761 1156 4807 3
1210 4738 1326 4808 Sic
1376 4749 1560 4831 peto,
1630 4750 1702 4811 ut
1761 4745 1970 4813 sciam
2041 4749 2224 4815 testi·

679 4847 908 4917 monia
937 4853 1074 4920 tua,
1109 4847 1291 4936 quod
1332 4858 1432 4915 est
1483 4849 1678 4917 valde
1736 4855 2217 4933 necessarium,

681 4955 862 5046 quin,
887 4975 929 5019 o
951 4952 1267 5032 Domine,
1293 4956 1418 5047 ipsi
1456 4984 1490 5019 ι
1524 4957 2032 5050 dissipat-eruut
2062 4974 2226 5031 tem·

675 5085 833 5154 pus,
868 5085 903 5128 ι
947 5061 1168 5153 ipsum
1208 5063 1277 5130 in
1317 5066 1608 5155 peccatis
1638 5076 1703 5134 et
1745 5068 1812 5134 in
1853 5078 2226 5162 transgres-

683 5170 984 5238 sionibus
1029 5171 1500 5261 expendemlo,
1560 5183 1852 5268 tempus,
1914 5179 2221 5270 inquom,

687 5304 725 5344 ι
757 5276 916 5346 bene
946 5280 1276 5370 jaciendi,
1321 5306 1356 5349 ι
1401 5281 1620 5373 legem
1651 5292 1864 5365 tuam,
1908 5310 2045 5355 non
2087 5296 2230 5356 tnn-

688 5392 831 5452 tum
891 5385 1190 5455 discendi
1239 5390 1483 5480 ipsam,
1559 5389 1758 5480 quale
1801 5393 1928 5462 fuit
1956 5403 2225 5485 tempus

688 5491 933 5560 veteris
994 5490 1189 5585 legis,
1282 5497 1352 5563 in
1438 5519 1575 5589 quo
1647 5501 2231 5593 praenuntiabatur

762 5724 782 5761 ⁸
812 5720 898 5780 ct.
928 5723 954 5779 1
983 5723 1124 5798 neg.
1152 5738 1267 5796 xiv,
1302 5729 1392 5784 2⁴1.

1614 373 1698 442 D.
1743 374 1938 442 ΑΕΒ.
1994 374 2210 443 MAG.
2264 375 2471 446 ORD.
2526 377 2819 447 PRAED.

2303 554 2569 615 tantum
2646 547 2872 615 futura
2951 570 3132 639 nova
3204 547 3314 613 lex
3370 569 3434 613 a-
3465 544 3854 637 ProphetiS.

2302 654 2523 723 Eccle.
2572 678 2665 733 ιιι,
2701 657 2778 723 7:
2819 657 3103 746 Tempus
3154 654 3449 734 tacendi,
3493 664 3555 719 ct
3594 663 3861 742 tempus

2306 760 2654 850 loquendi,
2736 769 2801 828 et
2861 763 3077 851 magis
3142 783 3346 850 opere
3411 755 3856 848 adimplendi.

2305 867 2452 935 Hoc
2491 876 2593 934 est
2639 868 2821 935 enim
2880 877 3148 958 tempus
3204 864 3737 956 adimpletioniS,
3795 870 3863 930 et

2302 973 2771 1064 plenitudiniS,
2805 974 2886 1042 de
2920 997 3054 1064 quo
3086 973 3486 1066 Apostolus,
3522 971 3608 1040 ad
3632 969 3855 1038 Galat.

2304 1105 2397 1166 iv,
2431 1083 2514 1148 4:
2555 1083 2647 1151 At
2683 1081 2803 1149 ubi
2856 1085 3035 1149 venit
3067 1081 3429 1174 plenitudo
3506 1078 3856 1169 temporis,

2305 1192 2494 1258 misit
2536 1193 2743 1266 ¹Deus
2810 1189 3076 1258 Filium
3138 1212 3371 1257 suum.
3443 1187 3530 1255 Et
3580 1193 3863 1277 propter

2305 1294 2436 1364 hoc
2490 1304 2758 1387 tempus
2832 1295 3111 1363 salutis:
3194 1318 3331 1363 non
3385 1294 3570 1362 enim
3602 1292 3861 1360 discere

2303 1402 2553 1494 legem,
2582 1401 2869 1471 salutem
2910 1411 3253 1495 operatur,
3296 1401 3416 1470 sed
3455 1398 3854 1490 adimplere.

2304 1510 2366 1577 ll
2424 1511 2512 1578 ad
2550 1509 2854 1579 Corinth.
2901 1534 2994 1590 vi,
3026 1514 3108 1578 2:
3155 1514 3328 1578 Ecce
3367 1532 3551 1577 nunc
3591 1519 3861 1598 tempus

2304 1619 2742 1710 acceptabile,
2776 1643 2918 1686 ecce
2961 1641 3144 1686 nunc
3189 1618 3333 1685 dies
3386 1617 3664 1684 salutis.
3723 1614 3860 1682 Sed

2304 1726 2435 1794 hoc-
2464 1735 2734 1816 tempus
2767 1725 3266 1816 dissipaverunt
3301 1724 3581 1816 pessimi
3608 1722 3857 1800 Judoei,

2303 1832 2373 1899 id
2411 1839 2537 1918 est,
2573 1831 2792 1923 legem
2834 1834 2901 1898 in
2936 1830 3065 1900 hoc
3120 1840 3428 1922 tempore
3485 1830 3864 1898 observan-

2304 1939 2487 2017 dam,
2558 1948 2625 2006 et
2675 1937 2835 2006 mali
2898 1937 3289 2015 Christiani,
3345 1938 3638 2005 instante
3671 1937 3864 2003 Anti-

2306 2046 2604 2125 Christo,
2636 2053 2711 2112 ut
2749 2045 3112 2137 impleatur
3142 2046 3210 2112 in
3243 2043 3377 2114 illis
3421 2043 3592 2112 illud
3642 2043 3862 2124 lsaiae,

2306 2177 2492 2236 xxxv,
2529 2156 2609 2222 5:
2658 2155 3085 2244 Trarisqt·essi
3109 2164 3270 2220 sunt
3302 2153 3505 2242 lequ,
3551 2160 3867 2219 mutave-

2309 2273 2470 2331 runt
2487 2263 2645 2353 J'uS,
2689 2262 3191 2353 dissipaverunt
3226 2261 3459 2351 soeclus
3502 2261 3866 2352 sempiter-

2309 2394 2500 2439 num.
2557 2368 2834 2438 Zachar.
2902 2393 3022 2449 vn,
3097 2371 3237 2437 12:
3299 2372 3694 2437 l’osuerunt
3752 2391 3868 2435 cor

2308 2500 2512 2546 suum
2547 2487 2623 2545 ut
2674 2477 3143 2556 adamantem,
3221 2499 3304 2543 ue
3368 2475 3695 2543 audirent
3764 2475 3868 2542 le-

2306 2607 2488 2675 qem.

2406 2931 2440 2972 α
2477 2905 2640 2973 Ideo
2679 2906 2921 2973 dilexi.
2957 2933 2986 2966 υ
3030 2906 3156 2973 llic
3186 2914 3288 2974 est
3315 2908 3514 2975 tertia
3565 2930 3720 2998 pars
3757 2913 3873 2973 to-

2314 3015 2449 3083 tius
2479 3014 2836 3096 octonarii,
2869 3014 2939 3081 in
2980 3037 3115 3104 qua
3180 3022 3601 3083 monstratur
3655 3011 3874 3082 vehe-

2317 3124 2573 3194 mentia
2612 3122 3018 3205 dilectionis,
3053 3132 3120 3192 et
3165 3124 3390 3192 servor
3427 3123 3711 3194 affectus
3762 3125 3871 3192 sui

2315 3232 2400 3301 ad
2432 3231 2753 3301 mandata
2792 3230 2942 3299 Dei.
2989 3231 3124 3300 Sed
3182 3234 3344 3323 quia
3399 3232 3671 3301 dilectio
3718 3255 3876 3325 pro-

2317 3343 2517 3410 batur
2598 3364 2720 3432 per
2809 3362 3042 3430 opera,
3132 3342 3351 3431 primo
3453 3349 3876 3410 monstratur

2317 3452 2623 3519 allectus,
2657 3446 2997 3530 Secundo,
3033 3448 3338 3529 effectuS,
3376 3449 3495 3531 ibi,
3556 3457 3620 3526 ἵ.
3674 3452 3797 3519 128
3850 3471 3868 3520 3

2326 3589 2360 3624 ι
2389 3562 2762 3650 Propterea
2785 3556 2882 3625 ad
2914 3559 3175 3625 omnia.
3211 3581 3242 3622 ι

2406 3666 2587 3735 Dicit
2625 3687 2835 3757 crgo:
2873 3663 2985 3733 Sic
3008 3663 3102 3732 illi
3135 3664 3493 3756 dissipant,
3517 3673 3585 3736 et
3615 3676 3875 3758 quanto

2321 3773 2474 3866 plus
2542 3771 2639 3841 illi
2706 3772 3062 3864 dissipant,
3135 3781 3321 3840 tanto
3361 3773 3515 3865 plus
3545 3774 3778 3859 ardeo,
3812 3784 3880 3844 et

2321 3881 2534 3973 diligo
2564 3903 2582 3948 3
2618 3880 2797 3950 unde
2832 3909 2865 3943 «
2899 3880 3077 3961 ideo,
3112 3908 3144 3942 ι»
3182 3882 3342 3973 quia
3372 3882 3629 3952 scilicet
3674 3882 3880 3952 dissi-

2321 3999 2511 4082 pant,
2548 4015 2582 4056 α
2650 3989 2873 4057 dilexi
2937 3989 3271 4057 mandata
3349 3999 3500 4076 tuo,
3537 4017 3571 4057 ιι
3615 3994 3683 4059 in
3729 3992 3879 4084 lege

2320 4101 2598 4192 scripta,
2633 4100 2817 4191 quod
2846 4108 2947 4168 est
2986 4100 3179 4186 utile,
3240 4102 3425 4191 quia,
3465 4101 3670 4171 Joon.
3733 4124 3874 4182 xiv,

2323 4209 2627 4296 21:0111·
2680 4207 2921 4299 diliqit
2984 4231 3114 4289 me,
3157 4208 3495 4299 diliqetur
3550 4234 3595 4277 a
3668 4212 3882 4278 I’atre

2323 4337 2495 4384 meo.

2414 4421 2640 4490 Dilexi
2680 4443 2869 4513 ergo,
2903 4429 2970 4489 et
2991 4418 3147 4503 hoc,
3194 4449 3228 4485 α
3261 4444 3471 4512 super
3506 4446 3761 4494 aurum
3819 4436 3885 4494 et

2325 4532 2672 4620 topazion.
2708 4554 2742 4594 ιι
2796 4527 3045 4619 Supra,
3107 4527 3173 4595 in
3241 4527 3425 4597 Psal.
3487 4553 3679 4613 xvm,
3757 4535 3880 4603 ll:

2327 4635 2837 4707 Desiderabilia
2873 4659 3080 4728 super
3142 4658 3394 4705 aurum
3451 4648 3518 4709 et
3574 4639 3882 4733 lapidem

2316 4746 2701 4839 pretiosum
2732 4743 3056 4813 multum.
3096 4743 3277 4836 Ergo
3305 4768 3444 4814 non
3499 4746 3719 4839 diligit
3769 4748 3884 4817 illa

2329 4877 2521 4923 more
2546 4853 2861 4936 Judaico,
2912 4852 3029 4944 qui
3076 4861 3340 4922 tantum
3414 4854 3711 4948 diligunt
3769 4858 3884 4927 illa

2329 4970 2608 5053 propter
2653 4969 2918 5028 terrena
2972 4960 3363 5043 commoda,
3406 4970 3472 5031 ct
3518 4963 3643 5032 istc
3682 4988 3889 5056 super

2330 5069 2591 5152 omnia,
2659 5067 2821 5158 quia
2883 5088 3089 5158 super
3151 5078 3521 5150 aurum,ct
3588 5069 3884 5162 lapidem

2330 5174 2927 5268 pretiosissimum,
3004 5176 3121 5265 qui
3205 5184 3489 5243 vocatur
3542 5180 3882 5268 topazius.

2333 5279 2662 5349 l'roverb.
2707 5301 2804 5358 ιιι,
2863 5279 2986 5346 14:
3050 5280 3301 5348 Melior
3365 5291 3465 5349 est
3519 5285 3888 5375 acquisitio

2331 5384 2515 5472 ejus,
2569 5383 2740 5474 legis
2794 5382 3049 5451 scilicet
3101 5381 3378 5468 divinoe,
3426 5387 3892 5475 neqotialioue

2332 5490 2605 5582 arqenti
2654 5495 2721 5556 et
2781 5491 2942 5555 auri
2989 5486 3229 5578 primi.
3274 5485 3383 5570 Et,
3419 5510 3516 5576 ιιι,
3566 5492 3891 5562 ¹5:1²re-

3962 2915 4149 2984 ¹²7
