5008 6329
1820 381 2534 453 COMMENTARIUS
2583 382 2674 450 IN
2723 383 3160 453 PSALMUM
3211 383 3512 455 CXLIX.

1084 549 1422 619 cundum.
1467 549 1677 632 Quasi
1708 552 1999 622 diceret:
2032 552 2144 621 Sic
2174 561 2275 621 est
2311 552 2640 643 benepla-

1085 658 1323 740 citum,
1355 669 1423 728 et
1460 672 1734 753 propter
1781 663 1908 730 hec
1969 692 1999 724 «
2043 661 2383 730 exaltabit
2439 683 2635 727 man-

4175 385 4298 455 541

2842 578 2875 616 α
2908 555 3381 631 Laelabuntur‚
3417 584 3448 616 ιι
3522 555 3754 624 laetitia
3833 555 4292 633 inenarrabili,

2746 659 2827 726 de
2868 683 3026 750 qua,
3074 660 3199 728 lsa.
3237 685 3444 741 xxxxi,
3499 665 3624 731 10:
3699 666 3975 731 Venient
4007 667 4078 731 in
4126 665 4294 732 Sion

1079 760 1332 850 suetos,
1372 794 1403 834 ι
1467 770 1797 861 perfectos
1858 770 2073 860 quiin
2113 767 2491 835 manuDei
2521 790 2639 835 as·
2743 790 2897 835 cum
2947 768 3179 848 laude,
3222 782 3284 837 et
3331 773 3576 839 Iaetitia
3631 774 4050 861 sempiterna
4092 794 4300 862 super

1082 876 1256 942 sueti
1293 886 1453 943 sunt
1503 877 1804 966 accipere
1846 875 1929 941 ab
1988 897 2068 943 eo
2135 884 2386 943 aeterna
2417 885 2484 943 et
2521 874 2637 943 in-

1081 988 1277 1049 terna
1316 982 1535 1050 bona:
1592 992 1655 1050 et
1697 981 1827 1049 hoe
1867 984 1937 1048 in
1978 982 2085 1049 die
2110 981 2376 1070 judicii,
2420 1004 2636 1074 quan-

1080 1087 1167 1156 do
1217 1111 1334 1157 eos
1400 1089 1597 1157 faciet
1648 1110 2046 1157 assessores,
2106 1088 2347 1159 lPetr.
2401 1114 2470 1168 v,
2526 1091 2566 1156 6
2610 1113 2625 1157 :

1079 1194 1584 1262 Humiliamini
1627 1193 1754 1261 sub
1781 1197 2049 1286 potenti
2095 1219 2309 1265 manu
2346 1197 2501 1275 Dei,
2552 1208 2631 1265 ut

1077 1329 1193 1375 vos
1221 1305 1479 1373 exaltet
1510 1305 1579 1370 in
1627 1313 1926 1394 tempore
1982 1307 2414 1374 visitationis.
2459 1305 2623 1373 Luc.

1075 1437 1217 1490 xiv,
1267 1416 1374 1494 11,
1428 1421 1493 1479 et
1532 1434 1723 1491 xvm,
1783 1415 1808 1479 1
1842 1432 1859 1482 ε
1899 1415 2037 1497 Qui
2089 1436 2159 1480 se
2188 1413 2455 1481 exaltat
2491 1413 2629 1480 ltu-

1073 1519 1494 1600 miliabitur,
1560 1527 1623 1584 et
1679 1522 1803 1609 qui
1853 1543 1922 1587 se
1973 1519 2304 1587 humiliat
2351 1518 2628 1586 exalta·
2674 1557 2683 1566 ·

1073 1629 1306 1697 bitur:
1339 1638 1501 1697 tunc
1532 1630 1712 1697 enim
1747 1630 2174 1721 deponentur
2204 1637 2513 1720 potentes
2543 1627 2625 1695 de

1070 1735 1256 1817 sede,
1300 1745 1366 1804 et
1412 1735 1891 1804 exaltabuntur
1942 1735 2231 1804 humiles
2264 1734 2305 1801 ⁸.
2351 1733 2620 1815 Esther,

1070 1868 1167 1925 xi,
1207 1847 1277 1912 1¹
1311 1868 1326 1911 ε
1366 1845 1681 1913 Humiles
1717 1844 2016 1912 exaltati
2064 1856 2250 1927 sunt,
2293 1854 2357 1912 et
2414 1844 2623 1911 devo-

1069 1961 1398 2020 raverunt
1451 1952 1765 2043 inclytos.
1821 1951 1981 2020 ltaec
2019 1962 2252 2020 autem
2300 1950 2621 2020 exultatio

1068 2062 1197 2128 erit
1241 2084 1274 2124 α
1317 2061 1390 2126 in
1425 2060 1749 2137 salutem,
1797 2088 1828 2122 η
1875 2060 2147 2151 quando
2203 2058 2387 2128 salus
2432 2069 2625 2127 oeter-

1066 2189 1155 2235 na
1194 2166 1464 2234 dabitur
1491 2168 1718 2254 justis.
1767 2166 2103 2247 lsa.x1„v1,
2146 2168 2220 2236 ¹3
2258 2189 2274 2235 ε
2316 2165 2518 2235 Dabo
2553 2168 2620 2233 in

1062 2276 1235 2345 Sion
1279 2272 1606 2353 salutem,
1648 2284 1713 2342 et
1769 2277 1839 2344 in
1884 2276 2272 2344 Jerusalem
2311 2276 2620 2367 qloriam

1064 2403 1313 2449 meam.
1359 2379 1444 2448 Et
1472 2390 1668 2449 erunt
1709 2384 1806 2450 sic
1844 2382 2119 2451 exaltati
2150 2384 2513 2451 mansueti.
2539 2383 2617 2451 ln

1066 2487 1250 2557 Psal.
1303 2511 1524 2567 exim,
1568 2489 1633 2566 6,
1693 2508 1943 2579 supra:
2005 2487 2420 2577 SuspicienS,
2473 2509 2619 2555 sur·

1065 2620 1218 2666 sum
1248 2599 1547 2690 capiens,
1580 2606 1988 2665 mansuetos.
2036 2595 2117 2662 Et
2148 2597 2216 2664 in
2241 2595 2377 2664 alio
2433 2595 2618 2665 Psal-

1066 2729 1182 2775 mo
1212 2729 1447 2784 xxxvi,
1489 2708 1554 2774 11
1590 2729 1605 2774 :
1659 2704 2010 2774 Mansueti
2047 2713 2279 2771 autem
2333 2704 2618 2772 heredi-

1064 2813 1318 2883 tabunt
1344 2825 1627 2892 terram,
1662 2823 1788 2881 etc.

1152 3162 1187 3202 α
1229 3134 1706 3205 Exsultabunt
1754 3134 2000 3203 sancti.
2039 3160 2073 3198 n
2133 3133 2262 3202 Hie
2315 3141 2414 3200 est
2473 3141 2612 3200 ter-

1056 3244 1256 3327 tium,
1299 3252 1688 3312 sanctorum
1719 3241 1971 3309 seilicet
2012 3240 2242 3309 laetitia
2272 3250 2341 3309 et
2376 3239 2609 3308 exsul-

1047 3352 1216 3421 tatio
1256 3374 1381 3443 pro
1435 3349 1844 3418 exaltatione
1893 3348 2030 3417 illu.
2084 3347 2167 3416 Et
2230 3347 2610 3417 ostenditur

1044 3458 1269 3549 primo
1328 3458 1586 3533 Ioetitin,
1637 3457 1780 3525 sive
1840 3454 2202 3524 exsultatio
2239 3456 2306 3522 in
2371 3455 2600 3525 corde.

1045 3566 1393 3647 Secundo,
1428 3568 1494 3634 in
1543 3588 1683 3641 ore,
1722 3565 1839 3645 ihi,
1873 3573 1934 3640 ς.
1980 3566 2063 3631 6:
2102 3592 2134 3625 «
2170 3562 2605 3632 Exsultatio-

1042 3697 1159 3743 nes
1230 3675 1459 3742 Dei.»
1530 3673 1782 3744 Tertio,
1854 3673 1923 3740 in
1990 3693 2221 3763 opere,
2273 3671 2392 3755 ibi,
2438 3696 2471 3736 α
2506 3671 2601 3738 Et

1040 3783 1278 3876 qladii
1315 3784 1665 3874 aucipites,
1716 3809 1748 3843 ι

1134 3891 1213 3959 In
1245 3890 1462 3981 prima
1494 3899 1722 3957 nutem
1772 3889 2073 3981 tangitur
2118 3888 2348 3957 laetitia
2380 3889 2450 3957 in
2498 3890 2599 3956 in-

1042 3998 1344 4068 tellectu.
1390 3998 1732 4077 SecundO,
1776 3997 1848 4066 in
1898 3996 2169 4079 affectu,
2214 3997 2332 4085 ibi,
2387 4025 2422 4064 ι
2457 4001 2593 4066 Lae·

1048 4107 1393 4176 labuntur
1422 4108 1491 4174 in
1522 4105 1868 4174 cubilibus
1893 4108 2061 4173 suis.
2101 4131 2134 4171 »

1134 4212 1312 4282 Dicit
1349 4234 1561 4304 ergo:
1617 4211 1728 4282 Sic
1785 4211 2082 4280 Domino
2148 4209 2593 4302 beneplacent

1038 4322 1284 4404 saneti,
1334 4331 1609 4414 propter
1656 4320 1841 4414 quod
1895 4330 1962 4391 et
2014 4321 2197 4410 ipsos
2238 4319 2590 4400 exaltabit,

1040 4439 1106 4499 et
1136 4440 1299 4498 tunc
1331 4456 1366 4495 ι
1397 4432 1617 4497 sancti
1656 4431 1727 4497 in
1759 4455 1790 4494 n
1823 4427 1946 4497 hae
1986 4454 2019 4494 α
2058 4427 2290 4519 qloria
2334 4454 2366 4492 ι
2401 4426 2594 4496 exal-

1039 4536 1320 4603 tationis
1373 4557 1513 4604 suoe
1563 4560 1596 4599 α
1640 4533 2114 4608 exsultabunt.
2152 4558 2183 4597 n
2246 4532 2314 4600 in
2355 4531 2591 4600 datore

1040 4642 1224 4711 illius
1278 4642 1543 4734 gloriae,
1589 4643 1808 4732 ipsum
1850 4638 2591 4728 commendante-„di-

1038 4764 1271 4822 centes
1327 4752 1493 4821 illud
1562 4750 1840 4842 Apocul.
1893 4773 2036 4828 xix,
2089 4753 2178 4819 o:
2252 4750 2590 4842 Reqnavit

1035 4862 1386 4931 Dominus
1420 4862 1601 4928 Deus
1628 4869 1854 4926 noster
1891 4858 2322 4950 omnipotens
2353 4880 2376 4927 .·
2413 4880 2591 4948 qau-

1037 4969 1350 5052 deamus,
1389 4978 1452 5037 et
1516 4966 1960 5040 exsultemus.
2025 4976 2091 5034 et
2155 4965 2393 5033 demus
2436 4964 2591 5056 qlo-

1036 5081 1221 5149 riam
1258 5080 1346 5148 ci.
1390 5078 1520 5147 lsa.
1574 5100 1778 5156 xxxv,
1814 5081 1901 5146 2.-
1945 5076 2347 5146 E'oesultabit
2387 5075 2590 5143 laeta-

1038 5186 1275 5257 bunda
1340 5198 1405 5256 et
1469 5187 1770 5255 laudans
1800 5210 1822 5255 .·
1858 5185 2092 5278 qloria
2121 5184 2372 5253 Libani
2417 5184 2587 5251 data

1033 5309 1133 5368 est
1159 5300 1248 5379 ei,
1281 5298 1480 5368 decor
1501 5299 1804 5367 Carmeli
1823 5308 1888 5367 et
1917 5300 2144 5368 Saron
2173 5319 2197 5365 .·
2229 5298 2364 5390 ipsi
2393 5296 2589 5364 vide-

1035 5406 1209 5475 bunt
1230 5407 1535 5497 qloriam
1564 5407 1876 5487 Domini,
1910 5406 1979 5474 in
2020 5406 2300 5498 seipsis:
2354 5414 2416 5472 et
2463 5404 2587 5472 de-

1030 5534 1256 5582 corem
1291 5514 1420 5582 Dei
1444 5514 1684 5592 nostri,
1718 5513 1787 5580 in
1826 5513 2075 5603 seipso.

1106 5742 1123 5779 ¹
1158 5741 1296 5800 Luc.
1329 5757 1371 5809 1,
1396 5742 1466 5797 52
1499 5757 1514 5797 ε
1547 5742 1809 5816 Deposuit
1829 5745 2083 5813 potentes
2113 5739 2183 5798 de
2228 5740 2374 5814 sede,
2403 5748 2459 5800 et
2487 5758 2581 5800 ea·-

2742 886 2950 966 caput
2977 900 3233 944 eorum.
3275 878 3350 944 ln
3381 878 3647 955 eodem,
3690 901 3775 954 ιι,
3800 880 3838 945 3
3878 901 3891 944 :
3934 880 4290 948 Gaudium

2739 992 2802 1047 el
2871 984 3114 1050 laetitia
3173 985 3552 1053 invenietur
3627 986 3700 1051 in
3745 1008 3851 1063 ea,
3892 988 4289 1075 qratiarum

2738 1090 2942 1170 actio,
2988 1100 3052 1156 et
3091 1113 3222 1157 voa:
3254 1092 3510 1159 laudis.
3550 1092 3636 1159 Et
3668 1092 3800 1160 hoc
3858 1115 3982 1182 pro
4025 1093 4291 1181 justitia

2740 1194 2988 1263 divina.
3031 1195 3210 1262 Psnl.
3253 1221 3411 1273 nvn,
3453 1200 3520 1265 11
3570 1221 3585 1266 :
3638 1202 4024 1269 Laetabitur
4049 1200 4295 1289 justus

2739 1325 2890 1368 cum
2931 1303 3178 1370 viderit
3206 1305 3607 1374 vindictam.
3644 1306 3731 1374 Et
3758 1306 3914 1389 hoe,
3993 1333 4026 1373 α
4063 1309 4131 1374 in
4181 1332 4296 1375 cu-

2738 1407 2992 1476 bilibus
3036 1412 3206 1489 suiS,
3247 1438 3277 1473 υ
3338 1413 3408 1481 id
3473 1422 3596 1491 est,
3635 1414 3703 1481 in
3745 1415 3972 1504 quiete
4004 1415 4287 1483 internae

2734 1515 3241 1595 consolatioiii5‚
3300 1528 3367 1586 et
3420 1529 3690 1588 aeternae
3746 1522 3817 1588 in
3874 1521 4119 1590 affectu
4162 1545 4287 1590 suo

2733 1623 3062 1693 interiori.
3104 1625 3292 1694 Tune
3323 1627 3520 1716 plene
3554 1628 3949 1719 implebitur
3979 1630 4163 1720 quod
4192 1631 4291 1699 di-

2731 1731 2822 1796 cit
2879 1731 3270 1821 Apostolus,
3309 1733 3368 1801 11
3401 1735 3487 1804 nd
3519 1735 3831 1804 Corinth.
3872 1760 3914 1813 1,
3957 1739 4036 1804 12
4067 1760 4082 1805 ε
4113 1739 4290 1808 Glo-

2729 1837 2838 1904 ria
2898 1850 3134 1907 nostra
3189 1841 3331 1909 laeaec
3413 1854 3534 1922 est,
3596 1845 4069 1911 testimonium
4125 1868 4287 1913 con-

2727 1946 3025 2013 scientiae
3058 1957 3329 2016 nostrie.
3376 1948 3509 2019 isa.
3553 1973 3743 2030 xxiv,
3786 1952 3865 2018 16
3895 1973 3910 2018 :
3937 1953 4287 2022 Secretum

2729 2072 2954 2119 meum
3013 2054 3210 2136 milii,
3250 2067 3583 2125 secretum
3643 2079 3874 2125 meum
3923 2060 4122 2127 milii.
4193 2059 4281 2127 {li

2728 2166 2910 2242 sunt,
2975 2160 3056 2227 de
3114 2163 3360 2252 quibus
3419 2162 3787 2245 Dominus,
3840 2165 4005 2234 Luc.
4065 2188 4158 2243 xi,
4203 2168 4280 2236 7:

2732 2263 2999 2333 Ostium
3027 2268 3346 2337 clausum
3377 2281 3499 2349 est,
3535 2280 3613 2339 ut
3650 2272 3799 2361 jam
3858 2295 3998 2340 non
4048 2275 4136 2340 sit
4186 2275 4284 2340 in·

2728 2374 2969 2441 troitus
3001 2374 3086 2443 ad
3127 2399 3441 2468 regnum,
3476 2389 3540 2446 et
3590 2383 3797 2471 pueri
3833 2382 3969 2448 mei
4019 2403 4284 2449 mecum

2722 2489 2885 2548 sunt
2914 2482 2984 2547 in
3012 2481 3252 2551 cubili.
3290 2483 3551 2553 Cautio.
3588 2508 3734 2570 vui,
3769 2488 3847 2554 2:
3884 2487 4284 2578 Apprelzen-

2727 2586 2888 2654 dam
2964 2598 3051 2667 te,
3103 2597 3167 2655 et
3205 2590 3456 2659 ducam
3515 2594 3585 2659 in
3682 2592 3967 2662 domum
4034 2595 4281 2662 matris

2723 2718 2909 2763 mcoe.
2945 2694 3052 2775 Et,
3097 2719 3193 2778 ιιι,
3228 2698 3310 2765 4:
3380 2700 3592 2766 Tenui
3636 2722 3821 2779 eum,
3856 2724 3976 2769 nec
4034 2702 4279 2770 dimit-

2726 2813 2894 2882 tam,
2929 2802 3137 2871 donec
3177 2805 3617 2873 introducam
3651 2807 3857 2876 illam
3886 2810 3960 2877 in
3991 2809 4277 2877 domum

2724 2914 2967 2979 matris
3013 2936 3198 2996 mere,
3233 2925 3297 2982 et
3340 2919 3411 2983 in
3457 2915 3856 2985 cubiculum
3919 2919 4277 3009 qenitricis

2721 3039 2907 3086 meae.
2947 3018 3075 3087 lsa.
3109 3042 3267 3102 nvn,
3315 3022 3344 3088 1
3400 3031 3467 3090 et
3517 3024 3600 3089 2:
3644 3025 3704 3091 A
3760 3024 3946 3113 socie
3985 3024 4278 3093 malitiae

2716 3128 3037 3199 collectus
3064 3140 3163 3199 est
3180 3130 3449 3221 justus.
3505 3133 3741 3202 Veniat
3772 3158 3947 3227 pax,
4010 3135 4276 3228 requie-

2713 3247 2859 3303 scat
2889 3238 2958 3304 in
3014 3237 3232 3306 cubili
3265 3263 3418 3309 suo.
3453 3239 3564 3318 Et,
3612 3241 3746 3325 lsa,
3781 3264 3993 3322 xxxV,
4056 3244 4095 3310 ’1
4131 3264 4149 3310 z
4192 3243 4278 3311 In

2714 3343 3082 3425 cubilibus,
3147 3349 3217 3415 in
3245 3347 3499 3439 quibus
3546 3351 3748 3439 prius
3801 3350 4128 3418 dracones
4155 3351 4278 3419 lia-

2716 3450 3051 3533 bitabant,
3103 3455 3363 3523 orietur
3416 3456 3606 3523 viror
3640 3457 3905 3524 calami
3940 3466 4006 3526 et
4030 3458 4268 3547 junci.

2799 3804 2832 3844 α
2868 3780 3352 3849 Exaltationes
3437 3784 3594 3851 Dei.
3643 3810 3677 3851 ι
3791 3784 3921 3856 llic
4021 3786 4257 3858 loetitia

2708 3897 3039 3980 quantum
3081 3890 3167 3959 ad
3197 3915 3299 3961 os.

2791 4000 2907 4066 Ait
2945 4023 3109 4091 ergo
3145 4023 3161 4068 :
3198 3999 3314 4071 Sic
3360 4002 3777 4074 laetabuutur
3804 4008 3876 4074 in
3924 4008 4150 4087 corde,
4194 4017 4260 4077 et

2705 4105 2909 4173 etiam
2969 4131 3002 4171 α
3036 4106 3498 4179 exaltationes
3528 4113 3686 4191 Dei,
3732 4140 3764 4174 ι
3804 4136 3943 4182 non
3994 4115 4259 4202 mundi,

2703 4238 2841 4284 non
2870 4217 3117 4294 carnis,
3153 4241 3292 4287 non
3331 4219 3619 4301 diaboti,
3664 4249 3701 4286 α
3746 4223 3817 4292 in
3843 4235 4134 4314 qutture
4157 4248 4267 4293 eo-

2702 4347 2904 4392 rum:
2947 4350 2980 4390 »
3041 4323 3171 4393 alia
3230 4326 3478 4406 littera,
3552 4356 3587 4395 ι
3654 4331 3725 4398 in
3781 4330 4095 4401 saucibus
4151 4355 4265 4401 eo·

2705 4454 2879 4499 rum.
2910 4454 2941 4495 n
2970 4431 3151 4500 Psnl.
3176 4455 3331 4517 Lxx,
3365 4436 3477 4513 23,
3511 4457 3720 4526 supra
3743 4458 3759 4503 ε
3780 4437 4264 4506 Ειειιὶίαὸιιηί

2703 4537 2895 4606 labia
2924 4561 3099 4615 mea,
3131 4563 3288 4608 cum
3328 4553 3692 4611 cantavero
3724 4543 3878 4612 tibi.
3906 4543 4108 4624 Osee,
4134 4569 4257 4629 vu,

2711 4647 2732 4713 1
2766 4667 2783 4714 z
2815 4647 2895 4712 ln
2929 4656 3214 4736 quum-e
3241 4657 3362 4716 tuo
3389 4651 3482 4717 sit
3520 4649 3719 4731 triba,
3752 4650 4011 4721 scilicet
4042 4654 4260 4723 laudis

2701 4763 2767 4823 et
2813 4754 3269 4825 exaltationis.
3325 4757 3656 4827 proverb.
3706 4781 3803 4841 ιιι,
3847 4762 3887 4828 3
3934 4781 3950 4826 :
3996 4763 4262 4831 Miseri-

2699 4866 2935 4934 cordia
2962 4877 3028 4935 et
3071 4868 3340 4948 veritas,
3386 4867 3456 4936 id
3495 4878 3621 4946 est,
3678 4870 3914 4939 divina
3961 4873 4254 4961 justitia,

2699 4982 2764 5039 te
2820 4996 2955 5041 non
2992 4972 3307 5042 deserant
3346 4997 3369 5043 .·
3409 4976 3770 5046 circumda
3813 5000 3934 5046 eas
3976 4980 4259 5069 qutturi

2699 5090 2842 5148 tuo.

2787 5315 2820 5355 α
2862 5293 2959 5359 Et
2990 5291 3240 5382 qladii.
3278 5321 3309 5358 π
3354 5293 3483 5364 Ilio
3522 5296 3829 5374 tertium,
3868 5296 4100 5365 loetitia
4130 5322 4253 5389 pro

2695 5400 2912 5492 gloria
2962 5402 3028 5468 in
3061 5425 3292 5493 opere,
3335 5404 3442 5474 vel
3478 5404 3544 5473 in
3580 5407 3728 5495 ipso
3775 5427 4005 5495 opere.

2784 5508 2899 5576 Ait
2927 5511 3145 5578 enim:
3185 5509 3300 5580 Sic
3328 5510 3772 5580 exsultabunt
3809 5512 3881 5581 in
3912 5513 4141 5596 corde,
4188 5522 4256 5584 et

2692 5742 2896 5800 ultavit
2915 5743 3168 5802 humiles.
