5008 6329
709 340 837 410 308

690 510 1076 603 justitiam,
1124 534 1155 575 ι
1200 509 1495 578 exterius
1553 531 1758 598 opere
1820 508 2259 600 adimplendo

703 620 886 710 quod
927 615 1308 704 judicatum
1367 623 1490 694 est,
1543 615 1728 706 quod
1789 623 1890 683 est
1950 616 2252 705 justitiae.

698 728 738 794 J
744 727 1043 795 udicium
1076 746 1240 814 ergo
1262 725 1483 814 primo
1505 724 1704 793 debet
1727 724 1898 800 lieri,
1921 722 2252 790 Proverb.

701 857 821 918 xa,
865 836 958 899 a'i:
1036 832 1494 920 Coqitaliones
1532 832 1895 922 justorum
1944 829 2254 917 judicia.

695 938 928 1008 Ethoc
966 936 1368 1027 placetDeo,
1404 936 1608 1004 Mich.
1644 958 1739 1017 vt,
1783 936 1860 1000 8:
1926 932 2257 1000 Indicabo

692 1047 842 1130 tibi,
877 1070 915 1113 o
936 1046 1162 1125 stoma,
1187 1045 1361 1136 quid
1382 1047 1475 1111 sit
1513 1042 1791 1119 bonum,
1828 1051 1892 1108 et
1922 1041 2096 1132 quid
2114 1044 2256 1109 Do·

694 1157 924 1223 minus
947 1153 1254 1242 requirat
1283 1173 1324 1216 a
1363 1159 1467 1217 te:
1513 1150 1764 1240 Utique
1798 1149 2029 1238 facere
2045 1147 2256 1236 jucli-

691 1265 898 1345 cium,
943 1280 1158 1349 usque
1199 1257 1284 1324 ad
1327 1256 1700 1324 districtam
1760 1255 2259 1324 consideratio-

692 1393 848 1439 nem
897 1369 1254 1442 sactorum,
1308 1373 1373 1432 et
1400 1366 1605 1432 etiam
1637 1364 2051 1432 tiendorum.
2095 1362 2122 1427 Ι
2172 1362 2258 1429 ad

693 1472 1001 1543 Corinth.
1038 1494 1130 1549 x1,
1171 1472 1246 1538 31
1290 1493 1304 1537 :
1339 1473 1421 1540 Si
1478 1495 1599 1538 nos
1670 1471 2251 1559 dijudicaremus,

689 1607 826 1651 non
845 1583 1081 1671 utique
1083 1580 1592 1669 judicaremur.
1634 1606 1662 1642 α
1684 1581 1780 1646 Et
1795 1579 2188 1666 justitiam,
2218 1603 2251 1638 ι)

690 1693 885 1761 aliter
916 1712 1054 1757 non
1083 1698 1258 1756 esset
1298 1711 1450 1778 pax.
1487 1688 1615 1755 Isa.
1651 1710 1840 1766 xxvt,
1879 1688 1953 1753 18
1999 1685 2258 1752 :Justi-

690 1805 856 1869 tiam
913 1819 1053 1865 non
1100 1795 1381 1862 fecimus
1414 1796 1480 1862 in
1526 1804 1726 1875 terra,
1765 1793 2016 1860 idcirco
2073 1794 2257 1860 ceci-

693 1909 938 1977 derunt
996 1902 1410 1971 habitatores
1459 1903 1628 1991 ejus.
1685 1900 1996 1969 ¹Dicitur
2035 1901 2246 1978 enim,

688 2015 898 2085 Eccli.
936 2034 1027 2091 ιν,
1052 2011 1176 2079 33:
1219 2012 1440 2101 Usque
1459 2010 1556 2077 ad
1582 2019 1870 2077 mortem
1900 2017 2084 2076 certa
2120 2030 2251 2099 pro

683 2121 1007 2214 justitia.

777 2232 863 2299 Et
899 2235 1179 2321 propter
1213 2224 1345 2295 hoc
1383 2225 1706 2306 Domine,
1753 2250 1786 2291 ι
1829 2247 1965 2292 nan
2008 2224 2254 2291 tradas

689 2363 796 2409 me
830 2334 1422 2407 calumniantibus
1470 2356 1600 2415 me,
1638 2359 1672 2399 ι
1743 2333 1974 2424 impiis
2025 2331 2250 2422 legem

689 2443 1250 2541 impugnantibus
1297 2452 1364 2512 et
1413 2466 1564 2512 eam
1618 2440 1967 2510 destruere
2007 2441 2253 2508 volen-

688 2556 892 2625 tibus.
938 2552 1021 2620 lit
1051 2551 1238 2633 dicit,
1276 2550 1559 2629 Tradas‚
1597 2549 1665 2617 id
1694 2558 1821 2626 est,
1868 2547 2040 2616 tradi
2089 2570 2252 2639 per-

687 2666 943 2741 mittam
995 2659 1171 2727 sicut
1243 2656 1638 2748 ApostoluS,
1702 2655 1788 2723 ad
1837 2654 2134 2722 Roman.
2199 2676 2246 2733 1,

687 2772 814 2839 24:
894 2765 1210 2837 Tradidit
1283 2764 1446 2830 illos
1517 2766 1706 2830 Deus
1773 2763 1844 2829 in
1909 2760 2251 2828 desideria

686 2875 911 2946 cordis
950 2894 1212 2953 eorum,
1247 2871 1318 2937 in
1359 2868 1884 2936 immunditiam
1916 2890 1939 2934 .·
1972 2875 2051 2935 ut
2086 2889 2254 2935 con-

687 2983 995 3054 tumeliis
1022 2978 1346 3069 afficiant
1382 2998 1669 3068 corpora
1705 2999 1836 3043 sua
1877 2975 1948 3042 in
2003 2984 2254 3044 semel-

687 3093 879 3186 ipsis.
918 3086 1000 3156 131
1022 3083 1225 3179 paulo
1247 3090 1423 3177 post,
1443 3091 1508 3161 5.
1532 3084 1618 3150 26
1647 3104 1664 3152 :
1693 3085 2072 3176 Propterea
2101 3091 2253 3149 tra-

691 3200 870 3269 didit
910 3195 1072 3266 illos
1108 3197 1292 3262 Deus
1331 3194 1402 3260 in
1418 3193 1781 3285 passiones
1821 3191 2244 3281 iqnominiae.

686 3307 883 3377 Tales
921 3301 1451 3373 calumniatores
1490 3307 1650 3367 sunt
1679 3297 2008 3367 haeretici.
2045 3298 2246 3379 Osee,

688 3439 809 3497 xn,
842 3414 929 3483 7:
978 3410 1335 3489 Chanaan,
1373 3409 1443 3477 in
1507 3429 1723 3475 manu
1798 3405 1956 3496 ejus
1990 3416 2250 3475 stalera

690 3523 960 3605 dolosa,
993 3516 1420 3586 calumniam
1469 3513 1744 3582 dilexit.
1782 3511 2112 3580 Chanaan
2139 3514 2252 3580 iu-

688 3633 1099 3722 terpretatur
1122 3629 1610 3699 commutatus‚
1641 3617 1985 3709 significat
2023 3615 2251 3685 haere-

687 3740 899 3809 ticum
939 3732 1023 3802 «le
1053 3731 1335 3800 veritate
1366 3727 1521 3797 ndei
1549 3725 1636 3795 ad
1674 3724 2041 3794 falsitatem
2089 3724 2252 3794 infi-

688 3844 982 3916 delitatis
1046 3860 1480 3921 conversum,
1549 3836 1620 3903 in
1684 3835 1880 3924 cujus
1923 3832 2249 3904 manibus

685 3953 1050 4024 traduntur
1103 3946 1490 4039 frequenter
1541 3964 1877 4036 pauperes
1931 3942 2244 4023 scientia.

685 4067 753 4129 et
790 4055 1037 4128 divites
1073 4050 1502 4146 possessione
1559 4056 1853 4117 terrena.
1909 4047 2112 4131 Osee,
2173 4070 2242 4126 v,

692 4170 763 4238 ¹1
797 4185 816 4238 ε
889 4162 1339 4234 Calumniam
1396 4180 1649 4251 passus
1709 4166 1812 4226 est
1867 4156 2244 4248 Ephraim,

684 4275 1018 4369 quoniam
1081 4269 1282 4361 caepit
1345 4264 1538 4334 abire
1594 4274 1755 4357 post
1789 4262 2047 4332 sordes.
2080 4261 2241 4341 Job,

684 4407 779 4465 tx,
802 4382 889 4451 24
917 4405 934 4449 ε
964 4380 1192 4455 Terra,
1216 4384 1481 4445 terrena
1533 4371 1793 4442 scilicet
1819 4370 2052 4454 corda,
2076 4369 2245 4439 data

680 4502 778 4561 est
817 4492 890 4559 in
925 4508 1174 4555 manus
1214 4485 1439 4576 impii.

774 4853 807 4894 ι
859 4820 1149 4912 Suscipe
1204 4839 1497 4887 servum.
1551 4839 1586 4882 ι
1648 4813 1779 4882 llic
1832 4813 2236 4893 secundum,

681 4936 752 5003 in
791 4955 929 5026 quo
967 4928 1124 5022 plus
1162 4925 1348 5018 petit,
1382 4922 1468 4991 ab
1501 4922 1635 4991 illis
1663 4921 1923 4990 scilicet
1955 4944 2096 4989 non
2124 4943 2243 4990 ca-

679 5036 1029 5113 lumniari,
1081 5032 1148 5102 id
1198 5040 1323 5110 est,
1377 5032 1446 5099 in
1494 5028 1981 5099 calumniando
2031 5051 2244 5120 supe-

677 5149 853 5216 rari:
888 5152 957 5214 et
988 5140 1206 5233 tangit
1257 5136 1419 5207 «luo.
1464 5135 1726 5213 Primo,
1786 5135 1893 5205 sui
1954 5157 2243 5227 promo-

673 5256 931 5324 tionem
1026 5248 1096 5316 in
1205 5246 1410 5315 bono.
1506 5242 1852 5322 Secundo,
1970 5240 2243 5312 calum-

671 5362 1012 5432 niantium
1068 5355 1535 5434 evitationem,
1604 5358 1682 5420 ut
1745 5350 1834 5419 ab
1903 5350 2038 5419 illis
2099 5372 2240 5419 non

739 5608 764 5647 ²
796 5605 929 5665 Vnt.
1013 5599 1254 5678 glaeba,
1310 5599 1426 5658 isa.
1486 5594 2056 5670 xxv1‚¹8:Sa1utes
2121 5607 2235 5650 non

661 5707 892 5777 fecimus
946 5699 1005 5754 in
1035 5700 1185 5752 terra
1211 5690 1373 5748 :ideo
1399 5706 1514 5747 non
1542 5689 1857 5748 ceciderunt
1887 5686 2230 5743 habitatores

1707 330 1793 398 Ι).
1847 330 2051 400 ALB.
2104 331 2325 404 MAG.
2377 332 2584 401 ORD.
2637 329 2933 397 PnAED.

2375 514 2753 596 superetur,
2862 504 2979 586 ibi,
3114 532 3150 567 «
3253 505 3406 571 Non
3498 504 3928 572 calumnien-

2377 621 2514 679 tur.
2550 641 2578 674 n

2461 722 2641 788 Dicit
2671 745 2874 812 ergo:
2914 721 3027 789 Sic
3058 746 3197 789 non
3245 721 3471 790 tradas
3504 744 3611 789 me
3661 721 3923 789 calum-

2374 827 2743 905 niantibuS,
2789 829 2927 894 imo
2981 852 3013 891 α
3074 828 3343 918 suscipe
3402 850 3671 895 serrum
3724 836 3919 895 tuum

2375 937 2446 1001 in
2486 934 2760 1014 bonum,
2812 959 2843 1000 ι
2895 957 3167 1002 sursum
3229 935 3482 1002 scilicet
3527 933 3611 1002 ad
3667 934 3923 1001 bonum

2375 1042 2589 1122 eleva,
2624 1052 2691 1111 et
2717 1065 2881 1133 cape
2911 1066 3116 1132 quem
3168 1042 3264 1110 illi
3307 1042 3664 1134 impellunt
3702 1066 3925 1135 quan-

2371 1159 2519 1218 tum
2561 1160 2842 1241 possunt
2872 1151 2957 1219 ad
3006 1151 3297 1220 malum.
3336 1150 3583 1242 Supra,
3628 1153 3694 1220 in
3740 1151 3920 1220 Psal.

2372 1284 2575 1340 cxvu,
2627 1264 2705 1329 13
2737 1285 2754 1328 ε
2789 1263 3149 1353 Impulsus
3208 1286 3476 1331 eversus
3510 1286 3663 1331 sum
3696 1275 3772 1331 ut
3807 1286 3925 1331 ca-

2371 1368 2624 1448 derem,
2667 1379 2729 1436 et
2759 1371 3105 1438 Dominus
3133 1372 3431 1462 suscepit
3469 1393 3596 1438 me.
3635 1371 3693 1437 11
3752 1371 3915 1461 Reg.

2369 1498 2538 1559 xxn,
2601 1477 2699 1544 3:
2771 1476 3103 1545 Elevator
3158 1501 3373 1556 meus,
3428 1487 3491 1545 et
3575 1478 3922 1567 resteqitem

2369 1607 2620 1651 meum.
2655 1585 2832 1652 Dicit
2899 1609 3170 1653 servum
3231 1596 3454 1666 tuum,
3505 1610 3642 1654 non
3702 1610 3926 1654 mam-

2370 1716 2623 1774 monte,
2659 1693 2898 1763 Matth.
2943 1718 3039 1774 νι,
3075 1695 3203 1761 24:
3249 1697 3404 1764 Non
3443 1697 3726 1787 potestis
3781 1698 3921 1763 Deo

2365 1804 2639 1886 servire,
2673 1815 2736 1870 el
2760 1827 3193 1872 mammonae.
3240 1803 3393 1872 Non
3441 1804 3683 1895 culpae,
3714 1804 3914 1872 Joan.

2367 1931 2511 1988 vm,
2547 1910 2674 1979 34:
2706 1912 2841 1996 Qui
2864 1913 3043 2000 facit
3072 1919 3456 2002 peecatum,
3530 1934 3761 1980 servus
3823 1921 3922 1980 est

2356 2019 2648 2108 peccati.

2468 2155 2498 2190 α
2527 2128 2680 2195 Non
2721 2128 3239 2197 calumnientur
3278 2152 3406 2208 me,
3454 2155 3488 2195 ι
3522 2129 3588 2197 id
3637 2137 3763 2210 est,
3813 2152 3923 2198 ca·

2364 2235 2768 2304 lumniando
2844 2245 3191 2328 superent,
3265 2264 3299 2299 ι
3347 2236 3646 2328 superbi,
3684 2266 3714 2298 υ
3789 2236 3922 2305 ἀω-

2364 2370 2630 2427 moneS‚
2694 2346 3016 2429 haeretici,
3085 2347 3335 2432 sudaei,
3398 2347 3749 2416 l‘harisoei.
3784 2348 3916 2417 lsa.

2365 2479 2475 2538 mr,
2512 2456 2594 2522 4:
2640 2458 2719 2524 In
2770 2459 3170 2547 AEqyptum
3227 2457 3570 2525 descendi!
3618 2459 3921 2549 populus

2365 2586 2579 2647 meus,
2641 2563 2710 2630 in
2769 2586 3069 2632 errorem
3127 2563 3409 2648 scilicet,
3469 2572 3534 2632 et
3610 2564 3918 2633 tenebras

2366 2670 2809 2762 ignorantias:
2845 2680 2910 2739 et
2938 2673 3180 2757 Assur,
3250 2670 3591 2754 diabotus,
3657 2669 3917 2741 haereti·

2361 2802 2506 2858 cus,
2564 2779 2864 2858 Judaeus‚
2945 2779 3376 2859 Phaerisaeu3‚
3457 2779 3713 2870 absque
3766 2781 3917 2848 ulla

2358 2912 2570 2957 causa
2628 2889 3097 2957 calumniatus
3135 2897 3235 2957 est
3280 2912 3459 2957 emn.
3496 2888 3580 2957 Et
3643 2897 3919 2980 propter

2364 2995 2495 3066 hoc
2577 2997 2664 3067 ad
2736 2997 3114 3066 Dominum
3189 2995 3650 3066 clamandum.
3744 2996 3909 3082 Job,

2359 3131 2569 3192 xxxv,
2611 3112 2695 3178 9:
2729 3112 3023 3203 Propter
3068 3108 3592 3179 multitudinem
3640 3110 3918 3178 calum-

2359 3216 2709 3284 niatorum
2749 3214 3179 3293 clamabunt,
3214 3214 3382 3283 illud
3407 3214 3662 3284 scilicet
3692 3214 3904 3296 isaim,

2361 3344 2645 3402 xxxvnr,
2730 3324 2861 3391 14:
2916 3324 3239 3410 Domine,
3297 3324 3436 3391 vim
3480 3323 3740 3415 patior,
3799 3347 3912 3390 re-

2355 3434 2613 3526 sponde
2633 3459 2763 3527 pro
2802 3459 2933 3505 me.

2450 3766 2486 3803 α
2532 3739 2737 3807 Oculi
2764 3739 2898 3805 mei
2940 3736 3355 3827 dejecerunt.
3398 3765 3433 3801 »
3496 3737 3621 3806 llic
3667 3760 3912 3806 secun-

2357 3842 2550 3925 dum,
2591 3843 2846 3914 scilicet
2882 3845 3030 3933 eJus
3077 3843 3476 3936 postulatio,
3528 3867 3649 3937 per
3708 3869 3909 3938 quem

2355 3954 2432 4021 fit
2461 3953 2629 4045 legis
2657 3951 3022 4022 declaratio
3060 3960 3129 4022 et
3157 3951 3560 4044 adimpletio
3611 3953 3695 4021 ad
3753 3976 3908 4022 eva·

2353 4062 2742 4129 cuationem
2821 4060 3323 4129 calumniarum
3370 4082 3386 4129 :
3450 4068 3515 4129 et
3600 4059 3914 4129 dicuntur

2354 4167 2517 4238 duo,
2580 4165 2839 4248 Primo,
2901 4168 3120 4259 tangit
3179 4167 3497 4236 meritum
3567 4190 3703 4259 quo
3767 4166 3915 4237 vult

2353 4278 2741 4369 impetrare.
2786 4277 3133 4359 Secundo,
3174 4279 3373 4369 petit,
3423 4277 3545 4365 ibi,
3610 4286 3676 4356 5.
3735 4279 3903 4345 122:

2365 4412 2397 4449 ι
2425 4387 2567 4455 Fac
2591 4407 2747 4454 cum
2773 4407 2990 4455 servo.
3027 4410 3063 4448 n
3108 4470 3116 4481 „

2440 4491 2706 4585 Duplex
2737 4491 2987 4585 allegat
3038 4493 3385 4562 meritum.
3428 4491 3689 4579 Primo,
3732 4491 3907 4563 «lesi-

2350 4599 2616 4669 derium
2665 4599 3046 4671 salvatoris.
3098 4598 3445 4685 Secundo,
3493 4602 3906 4694 cognitionis

2349 4705 2779 4798 eloquiorum
2812 4707 2962 4789 Dei,
3003 4706 3123 4788 ibi,
3170 4710 3327 4777 «Et
3348 4709 3418 4776 in
3448 4709 3826 4801 eloquium.
3866 4736 3902 4774 ι

2435 4812 2616 4882 Dicit
2688 4837 2912 4907 ergo:
2986 4815 3126 4899 Sic,
3199 4814 3521 4899 Domine,
3576 4817 3767 4909 petii,
3834 4824 3906 4887 et

2347 4921 2550 4989 etiam
2581 4950 2615 4985 ι
2658 4922 3047 5014 defecerunt
3102 4922 3295 4991 oculi
3349 4924 3509 5005 mei,
3551 4950 3585 4990 ι
3630 4925 3902 4993 interio-

2347 5054 2454 5101 res
2481 5032 2798 5103 ardenter
2825 5041 2893 5103 et
2930 5033 3274 5104 ferventer
3346 5033 3714 5119 tendendo,
3761 5060 3794 5101 ι
3831 5035 3902 5102 in

2342 5139 2656 5209 salutare
2682 5150 2905 5211 tuum.
2951 5166 2986 5209 ι
3039 5139 3172 5212 lsa.
3237 5164 3523 5225 xxxx-m,
3561 5142 3642 5210 Η
3674 5165 3691 5211 :
3722 5144 3907 5211 Atte-

2344 5249 2549 5315 nuati
2614 5259 2778 5317 sunt
2858 5249 3048 5318 oculi
3102 5252 3263 5335 mei,
3331 5250 3768 5342 suspicientes
3833 5251 3903 5317 in

2344 5358 2715 5440 excelsum,
2750 5359 3024 5453 quando
3055 5361 3287 5431 veniet
3317 5360 3666 5433 Excelsus.

2344 5616 2530 5669 tem.
