5008 6329
1974 323 2686 393 COMMENTARIUS
2734 322 2827 388 IN
2874 322 3310 392 PSALMUM
3360 322 3674 393 CXXXI.
4308 313 4435 380 395

1212 491 1529 560 terfectus
1595 502 1694 561 est
1733 494 1777 560 ¹.
1841 494 1946 562 Ad
1999 496 2503 565 ascendendum
2590 494 2770 560 hunc
2967 496 3193 560 Donec
3260 496 3695 562 inveniam.»
3767 494 3894 560 llic
3951 490 4314 567 senodum,
4365 491 4432 553 in

1213 597 1461 666 lectum
1489 601 1731 668 invitat
1761 625 1915 670 caro
1952 605 2223 677 misera,
2268 601 2515 669 mulier
2539 622 2771 688 garru-
2879 623 3012 690 quo
3044 602 3335 668 ostendit
3371 626 3410 668 a
3441 625 3578 692 quo
3636 625 3777 669 non
3819 600 4222 675 retrahetur,
4270 597 4430 687 quia

1213 704 1299 773 la.
1378 706 1700 776 Proverb.
1764 733 1883 791 vu,
1941 711 2019 776 16
2066 732 2079 774 ε
2136 709 2417 777 Intexui
2479 705 2769 795 funibus
2876 729 3011 773 non
3046 708 3126 773 ab
3159 709 3604 798 inquisitione
3653 707 3810 788 loci,
3872 709 3940 775 in
3989 730 4124 797 quo
4183 706 4429 772 domus

1214 815 1543 884 lectulum
1576 840 1825 894 meum,
1851 820 2068 885 stravi
2095 814 2438 906 tapetibus
2460 816 2665 904 pictis
2685 838 2768 880 ea:
2875 814 2995 882 Dei
3022 815 3154 883 liat.
3186 815 3530 895 Secundo,
3567 816 3748 907 quod
3772 837 3895 882 nec
3925 814 4427 881 afabricatione

2874 923 3310 1004 tabernaculi,
3349 924 3468 1009 ibi,
3516 950 3547 990 α
3597 923 4160 992 Tabernaculum.
4211 945 4243 985 s

992 1257 1054 1323 4
1306 1270 1338 1305 «
1370 1244 1453 1311 Si
1507 1242 1751 1310 dedero
1805 1266 2145 1313 somnum.
2184 1273 2218 1308 »
2279 1246 2407 1313 Hic
2459 1245 2755 1321 tertium,
2867 1244 2919 1309 si
2954 1243 3332 1323 attendero,
3370 1271 3400 1305 «
3426 1244 3636 1311 donec
3664 1244 4007 1310 inveniam
4033 1241 4259 1309 locum
4287 1242 4426 1307 Do-

1210 1348 1392 1441 quod
1429 1372 1566 1416 non
1607 1346 1983 1418 retrahatur
2048 1362 2326 1443 propter
2356 1352 2601 1442 quietis
2640 1374 2762 1418 cu-
2866 1351 3076 1429 mim,
3105 1375 3136 1414 n
3165 1361 3403 1441 aptum
3436 1350 3516 1417 ad
3549 1353 3613 1419 ei
3645 1348 4157 1418 tabernaculum
4177 1348 4426 1415 facien-

1207 1480 1378 1535 ram,
1423 1456 1530 1526 vel
1578 1456 1975 1548 simpliciter
2030 1460 2492 1551 quaerendam,
2536 1468 2600 1529 et
2630 1459 2758 1527 hoc
2864 1456 3054 1541 dum,
3097 1467 3171 1524 ut
3203 1456 3542 1526 inhabitet
3587 1458 3839 1548 ipsum.
3908 1455 4037 1523 Hic
4091 1455 4283 1522 locus
4321 1461 4424 1521 est

1206 1564 1480 1654 primo:
1535 1565 1645 1632 vel
1698 1567 1905 1633 etiam
1958 1566 2368 1659 aliqualiter,
2430 1568 2549 1647 ibi,
2597 1592 2630 1632 α
2664 1569 2758 1634 Et
2866 1567 3132 1634 animus
3163 1568 3435 1658 quietus
3484 1576 3550 1636 et
3596 1567 3940 1658 pacificus,
3996 1564 4179 1632 Psal.
4215 1586 4415 1648 Lxxv,

1189 1672 1575 1764 palpebris,
1607 1684 1728 1743 »et
1756 1674 1887 1743 hoc
1906 1676 2227 1744 secunde.
2270 1677 2354 1745 Et
2392 1678 2461 1743 in
2491 1675 2600 1744 his
2630 1677 2756 1744 ha-
2864 1675 2927 1749 3,
2963 1696 3165 1765 supra
3198 1677 3335 1744 :Et
3349 1677 3583 1765 sactus
3613 1684 3710 1743 est
3731 1677 3800 1741 in
3814 1697 3986 1766 pace
4019 1672 4206 1740 locus
4235 1671 4413 1761 ejus,

1199 1776 1386 1846 bebit
1440 1788 1584 1848 toto
1642 1790 1948 1872 tempore
2024 1786 2629 1874 perseverantiam,
2689 1792 2756 1851 et
2861 1782 3276 1849 ethabitatio
3300 1783 3457 1873 ejus
3490 1784 3557 1850 in
3588 1784 3782 1852 Sion.

1199 1887 1334 1958 hoc
1370 1893 1592 1969 tertio,
1632 1892 1749 1970 ibi,
1784 1901 1847 1968 5.
1895 1897 1932 1961 ὅ
1970 1918 1984 1960 :
2043 1924 2075 1956 «
2119 1897 2213 1962 Et
2262 1897 2563 1986 requiem
2593 1906 2756 1963 tem·
2957 1921 2988 1951 «
3026 1892 3381 1958 Inveniam
3434 1917 3468 1957 s
3528 1893 3762 1973 etiam,
3868 1889 3977 1959 vel
4058 1889 4410 1969 fabricem,

1190 1998 1501 2088 poribus,
1542 2024 1575 2064 s
2873 2025 2901 2060 α
2931 1998 3457 2067 tabernaculum
3520 2002 3660 2067 Deo
3695 1997 3935 2082 Jacob,
3973 2027 4004 2060 »
4086 2020 4225 2065 non
4285 1996 4411 2064 deo

1291 2105 1467 2174 Dicit
1498 2130 1660 2197 ergo
1697 2130 1712 2173 :
1770 2107 1882 2176 Sic.
1926 2132 2063 2176 non
2123 2108 2428 2178 retrahar
2475 2118 2754 2202 propter
2858 2108 3133 2184 recenti,
3169 2115 3234 2175 et
3263 2107 3346 2175 de
3385 2130 3570 2176 novo
3615 2109 3918 2175 invento.
3973 2104 4218 2184 Qualia
4255 2112 4414 2172 sunt

1196 2235 1429 2279 curam
1498 2213 1925 2292 familiarem,
2017 2239 2141 2284 nec
2206 2218 2410 2286 etiam
2475 2227 2753 2309 propter
2856 2212 3058 2281 corda
3089 2211 3502 2293 obedientia,
3535 2212 3821 2306 Apocal.
3855 2236 3952 2292 m,
3987 2214 4071 2281 20
4106 2212 4233 2281 :Si
4259 2212 4416 2302 quis

1196 2320 1536 2389 carnalem
1569 2322 2013 2414 voluptatem.
2062 2325 2143 2394 Et
2172 2328 2376 2394 etiam
2418 2326 2596 2395 male
2618 2327 2752 2394 mi-
2856 2323 3156 2391 audierit
3186 2346 3409 2391 vocem
3464 2346 3712 2403 meam,
3746 2333 3811 2392 et
3857 2328 4205 2413 aperuerit
4243 2320 4416 2386 mihi

1197 2430 1267 2499 hi
1299 2433 1581 2516 accidat,
1654 2460 1687 2499 s
1729 2437 1791 2501 si
1854 2435 2098 2502 dedero
2160 2460 2479 2505 somnum
2536 2439 2752 2506 oculis
2843 2429 3473 2519 januam,iutrabo
3495 2431 3593 2498 ad
3620 2430 3940 2507 illum,et
3964 2426 4414 2497 coeuabocum

1197 2540 1388 2619 meis,
1430 2565 1463 2605 s
1507 2539 1637 2608 boc
1667 2550 1791 2621 est,
1825 2544 1881 2608 si
1925 2544 1988 2609 in
2031 2544 2524 2634 temporalibus
2556 2546 2752 2635 quie·
2857 2534 3010 2615 illo,
3074 2547 3138 2603 el
3203 2537 3345 2627 ipse
3410 2558 3698 2605 mecum·
3771 2534 4056 2625 Apocal·
4112 2555 4253 2610 xxi,
4314 2535 4406 2601 3:

1195 2653 1333 2713 tem
1375 2669 1598 2714 meam
1639 2670 1959 2738 posuere,
2019 2651 2192 2718 sicut
2231 2649 2354 2729 illi,
2389 2650 2472 2717 de
2502 2650 2749 2742 quilius
2856 2646 3026 2710 Ecce
3054 2642 3579 2711 tabernaculum
3639 2643 3771 2711 Dei
3806 2662 3962 2708 cum
3989 2637 4409 2718 hominibusi,

1197 2753 1444 2821 dicitur
1509 2756 1576 2822 in
1635 2755 1816 2824 Psal.
1890 2779 2092 2841 cxxv,
2136 2759 2176 2826 6
2212 2780 2226 2824 ε
2301 2760 2752 2827 Dormieruut
2856 2763 2918 2819 et
2945 2752 3289 2821 habitabit
3318 2777 3470 2820 cum
3502 2754 3618 2821 eis.
3657 2752 3947 2842 Propter
3967 2749 4097 2818 boc
4138 2748 4407 2831 dicitur,

1193 2885 1508 2931 somnum
1537 2887 1769 2946 suum,
1802 2875 1864 2931 et
1892 2866 2078 2933 uileil
2103 2867 2504 2935 invenerunt
2524 2890 2751 2934 ornnes
2858 2859 2914 2928 ll
2951 2860 3244 2952 l’aralip.
3288 2883 3362 2945 ιι,
3405 2861 3446 2927 4
3483 2882 3498 2929 :
3543 2861 3661 2929 Sic
3685 2861 3805 2950 sac
3834 2880 4122 2936 mecum,
4161 2866 4237 2924 ut
4254 2856 4418 2924 zedi-

1197 2972 1332 3038 viri
1369 2972 1772 3041 divitiarum
1816 2974 2237 3043 inmanibus
2271 2977 2440 3043 suis.
2852 2969 3046 3058 ficem
3087 2968 3368 3036 domum
3407 2969 3675 3036 nomini
3716 2967 4021 3035 Domini.
4065 2964 4237 3032 Cum
4288 2985 4417 3030 au-

1292 3103 1323 3143 «
1350 3081 1443 3146 Et
1454 3077 1811 3172 palpebris
1831 3083 2020 3160 meis,
2060 3110 2092 3144 »
2121 3081 2388 3162 saltem,
2417 3108 2450 3148 α
2485 3082 2751 3151 dormi-
2854 3085 2991 3144 tem
3031 3078 3203 3145 bene
3233 3076 3437 3147 fuerit
3465 3086 3864 3169 praeparata,
3892 3084 4054 3143 tunc
4094 3073 4416 3164 impletur

1197 3186 1549 3270 tationem,
1591 3211 1622 3251 s
1675 3188 1847 3255 utin
1909 3188 2039 3255 illis
2093 3189 2200 3258 vel
2246 3189 2747 3280 aliquantulum
2854 3184 3019 3252 illud
3059 3185 3342 3253 Numer.
3364 3206 3554 3268 xxm,
3588 3187 3629 3252 5
3666 3207 3682 3251 :
3722 3186 3946 3268 Quam
3971 3181 4270 3274 pulchra
4302 3189 4418 3247 ta·-

1194 3299 1639 3388 requiescam,
1685 3299 1860 3367 male
1901 3300 2066 3367 mihi
2098 3300 2747 3370 accidat.Dormitat
2856 3293 3224 3361 beruacula
3275 3305 3420 3371 tua,
3487 3291 3727 3373 Jacob,
3797 3301 3861 3359 εἰ
3916 3292 4212 3359 2611101411
4261 3301 4407 3368 111⁰·

1194 3406 1446 3484 anima,
1471 3430 1626 3476 cum
1653 3406 1930 3476 inferior
1949 3431 2102 3499 pars
2122 3410 2403 3477 rationis
2434 3411 2750 3477 intrans·
2849 3403 3117 3472 Israel!
3147 3403 3222 3471 ln
3271 3402 3408 3471 illis
3455 3402 3638 3470 enim
3694 3399 4016 3470 cordibus
4070 3399 4412 3466 Dominus

1195 3515 1412 3583 itoriis
1443 3525 1682 3607 pausat
1712 3527 1777 3586 et
1845 3519 2205 3609 requiescit
2248 3542 2265 3587 ε
2307 3518 2426 3587 sed
2465 3518 2741 3597 dormit,
2848 3519 3106 3603 pugnat
3142 3520 3209 3578 ct
3239 3511 3624 3600 impugnat.
3674 3507 3847 3576 Ecce
3889 3530 4052 3598 ergo
4083 3504 4412 3574 taberna-

1194 3645 1348 3691 cum
1368 3627 1677 3717 superior
1704 3627 2064 3702 consentit,
2094 3635 2333 3694 contra
2362 3625 2532 3694 illud
2561 3624 2745 3717 quod
2846 3619 3076 3688 culum
3132 3620 3202 3687 in
3251 3619 3387 3689 alia
3443 3618 3861 3710 acceptione,
3931 3638 4139 3707 quam
4198 3614 4407 3707 paulo

1194 3729 1465 3814 dicitur,
1502 3731 1827 3801 Proverb.
1864 3756 1956 3812 vi,
1992 3735 2032 3800 4
2068 3756 2084 3802 ε
2128 3735 2233 3803 Ne
2270 3733 2537 3802 dederis
2569 3755 2746 3801 som-
2849 3738 3028 3797 ante.

1192 3860 1360 3906 num
1392 3839 1611 3907 oculis
1648 3842 1810 3922 tuis,
1843 3864 1962 3908 uec
1989 3840 2359 3909 dormitent
2388 3839 2742 3934 palpebrae
2934 3835 3112 3905 Nota
3143 3857 3332 3928 erge,
3377 3835 3564 3927 quod
3628 3842 3731 3904 est.
3785 3831 4138 3902 materiale
4185 3830 4403 3900 taber·
4448 3818 4728 3921 &Q

1192 3954 1352 4014 tuae.
1387 3945 1715 4014 Proverb.
1750 3969 1844 4033 vt,
1877 3952 1917 4013 9
1949 3955 2016 4016 et
2063 3949 2139 4017 ¹0
2182 3970 2197 4014 :
2236 3949 2602 4040 Usquequo
2623 3948 2745 4038 pi-
2848 3942 3194 4027 naculum,
3229 3942 3359 4013 lsa.
3390 3964 3674 4022 xxxvm,
3712 3945 3795 4011 12
3820 3965 3837 4011 ε
3865 3942 4229 4012 Generatio
4248 3961 4400 4009 mea
4538 3930 4656 3975 Μ’·

1187 4075 1312 4142 qer
1347 4052 1640 4122 dormies
1664 4052 1707 4121 ?
1742 4056 2019 4147 quando
2048 4078 2411 4146 cousurqes
2440 4055 2524 4122 de
2557 4078 2746 4123 som·
2847 4052 3087 4122 ablata
3114 4061 3239 4132 est,
3288 4061 3353 4120 et
3403 4051 3770 4121 convoluta
3817 4058 3914 4119 est
3968 4073 4012 4119 a
4067 4072 4176 4118 me
4199 4049 4403 4140 quasi

1191 4183 1279 4228 no
1318 4160 1501 4229 tuo?
1553 4162 1937 4253 paululum
1983 4164 2306 4244 dormies,
2354 4162 2743 4256 paululum
2846 4159 3371 4230 tabernaculum
3391 4169 3778 4252 pastorum.
3813 4157 4103 4249 Corpus,
4131 4155 4191 4223 ll
4215 4154 4399 4226 Petr.

1190 4269 1598 4338 dormitabis
1623 4271 1671 4339 '.
2849 4291 2896 4347 ι.
2939 4268 3016 4335 Η
3062 4291 3077 4336 :
3114 4267 3356 4338 Certus
3380 4289 3533 4334 sum
3582 4263 3772 4358 quod
3805 4263 4007 4333 velo-z·
4059 4271 4161 4331 est
4189 4262 4406 4355 depo-

2845 4376 3004 4443 sitio
3052 4371 3489 4443 tabernaculi
3530 4373 3688 4441 mei.
3739 4370 4071 4441 Gloriosa
4099 4368 4406 4462 Virginis

2848 4492 3104 4565 uterus,
3137 4481 3346 4553 Eccli.
3382 4504 3573 4561 xxiv,
3625 4482 3700 4549 1¹
3753 4503 3769 4549 :
3815 4481 3953 4566 Qui
3978 4480 4237 4549 creavit
4265 4499 4398 4561 me,

1011 4585 1069 4652 ὅ
1286 4614 1319 4653 ι
1351 4591 1448 4657 Et
1494 4589 1817 4680 requiem‚
1865 4613 1898 4653 s
1969 4588 2095 4656 llic
2159 4588 2463 4657 tertium.
2534 4586 2741 4668 Quasi
2847 4591 3175 4684 requievit
3228 4591 3303 4659 in
3350 4587 3796 4660 tabernaculo
3842 4609 4016 4658 meo.
4102 4584 4404 4654 Militans

1213 924 1552 1015 AEqypto,
1587 934 1716 993 etc.

1194 4695 1443 4763 diceret
1485 4718 1502 4764 τ
1574 4695 1688 4764 Sic
1730 4697 1786 4765 si
1842 4695 2092 4766 dedero
2140 4718 2462 4765 somnum
2529 4694 2744 4765 oculis

1195 4802 1389 4885 meis,
1432 4803 1538 4871 vel
1568 4802 2122 4872 dormitationem
2152 4801 2494 4896 palpebris
2520 4825 2536 4870 ε
2562 4832 2595 4866 «
2618 4812 2681 4871 et
2703 4831 2737 4867 n

1193 4911 1248 4977 si
1308 4912 1512 4978 etiam
1565 4936 1599 4977 ι
1643 4910 2062 5003 temporibus
2101 4912 2269 4980 meis
2333 4912 2660 5003 requiem,
2707 4936 2740 4976 s

1192 5026 1270 5086 ut
1311 5020 1515 5087 etiam
1582 5018 1814 5110 aliquo
1870 5028 2178 5111 tempore
2245 5019 2592 5110 quiescere
2674 5019 2743 5086 in

1192 5126 1681 5217 temporalibus
1709 5150 2036 5217 qua‘ram,
2061 5127 2239 5194 male
2259 5123 2425 5194 mihi
2456 5126 2738 5195 accidat.

1188 5232 1440 5303 'l'hren.
1485 5257 1555 5314 ιι,
1598 5236 1623 5302 l
1657 5235 1848 5302 :Non
1879 5234 1994 5301 des
2012 5237 2313 5326 requiem
2342 5233 2496 5316 tibi,
2529 5257 2742 5323 neque

1192 5352 1413 5411 taceat
1446 5341 1733 5434 pupilla
1789 5342 1977 5410 oculi
2002 5344 2131 5412 tui.
2202 5340 2261 5408 ll
2314 5340 2400 5408 ad
2428 5339 2734 5408 Corinth.

1190 5472 1313 5531 vn,
1336 5452 1419 5519 5:
1446 5450 1741 5520 Nullam
1770 5449 2016 5518 habuit
2044 5451 2347 5542 requiem
2375 5473 2536 5520 caro
2560 5471 2735 5521 mea.

1266 5689 1283 5725 ¹
1319 5685 1364 5743 ll
1398 5686 1535 5759 Reg.
1570 5701 1641 5754 tv,
1665 5688 1697 5740 5
1727 5691 1785 5742 et
1813 5688 1866 5742 6.

2959 1031 3137 1099 Dicit
3193 1053 3409 1121 ergo:
3467 1031 3579 1098 Sic
3633 1030 3839 1098 nullis
3897 1028 4425 1120 praecedentium

2870 1138 3216 1205 intendere
3272 1137 3459 1219 vole,
3515 1137 3634 1206 sed
3683 1136 3852 1205 mihi
3911 1135 4088 1204 male
4137 1134 4419 1213 accidat,

2847 4695 3170 4782 Ecclesia,
3218 4695 3351 4765 Isa.
3422 4718 3518 4774 ιν,
3579 4697 3672 4764 6:
3733 4696 3831 4763 Et
3875 4691 4401 4762 tabernaculum

2846 4806 2975 4873 erit
3012 4807 3082 4872 in
3114 4803 3604 4874 umbraculum
3661 4802 3802 4871 diei
3844 4800 3933 4870 ab
3970 4812 4167 4872 estu.
4212 4798 4396 4870 Psal.

2845 4936 3000 4993 ην,
3024 4915 3103 4982 5:
3138 4913 3619 5003 sanctificavit
3638 4910 4164 4980 tabernaculum
4189 4930 4398 4978 suum

2844 5021 3262 5091 Altis-simus.
3326 5017 3411 5088 Et
3457 5016 3912 5110 triumphans,
3974 5015 4107 5086 lsa.
4153 5038 4394 5098 xxxin,

2846 5130 2931 5198 20
2965 5151 2980 5195 ε
3057 5130 3114 5196 T
3106 5127 3623 5207 abernaculum,
3715 5125 3905 5217 quod
3960 5147 4397 5216 nequaquam

2847 5238 3211 5326 transferri
3231 5237 3509 5328 poterit.
3545 5234 3656 5302 Ad
3685 5233 3893 5303 liebr.
3954 5255 4098 5311 vm,
4135 5235 4175 5300 2
4209 5255 4225 5300 :
4264 5235 4399 5302 Ta-

2847 5340 3293 5411 bernaculum
3314 5339 3683 5433 quodsi-tit
3693 5340 3904 5418 Deus,
3925 5348 3988 5406 et
4011 5361 4148 5406 non
4162 5339 4393 5409 bomo.

2841 5450 3349 5543 'temporalium
3405 5471 3635 5518 rerum
3675 5469 3862 5528 cura,
3918 5446 4176 5518 Parum
4210 5456 4394 5536 ante,

2914 5683 2939 5720 ⁸
2963 5682 3051 5741 Cf.
3080 5682 3360 5743 Proverb.
3392 5700 3545 5758 xxiv,
3564 5683 3656 5740 33.
