5008 6329
336 1295 472 1343 Multi
496 1294 623 1340 raau-

320 1352 453 1395 diunt
477 1350 636 1393 eibum

319 1407 632 1514 ⁸¹3·g¹:;.’:¹2¹:¹·
670 1392 751 1459 de
791 1417 1059 1464 carcere
1115 1403 1399 1488 peccati,
1463 1411 1527 1468 et
1584 1403 1838 1476 labore,
1891 1405 2016 1470 etsi
2073 1425 2209 1469 non

316 1511 635 1610 ‘luzffio-ffiri·
670 1498 947 1566 redeant
1029 1503 1114 1568 ad
1180 1516 1558 1593 peccalum,
1623 1519 1847 1575 lanlell
1934 1531 2209 1575 Omnem

667 260 790 324 118

755 428 930 499 Dicit
963 457 1167 524 ergo:
1217 435 1330 502 Sic
1362 437 1590 501 afflicti
1641 446 1700 502 et
1761 436 2019 502 liberati
2053 442 2209 501 sunt

665 539 778 624 qui
842 539 910 605 in
969 544 1350 609 carceribus
1410 552 1652 609 erant:
1732 544 1850 612 sed
1911 544 2072 635 quid
2129 542 2210 610 de

664 644 876 710 aliis?
924 674 966 710 α.
1032 648 1318 713 Omnem
1385 673 1599 716 escam
1661 652 2056 720 abominata
2119 663 2210 719 est

667 755 907 818 anima
965 777 1223 820 eorum.
1302 785 1333 819 υ
1393 757 1628 827 Primo
1709 764 2011 829 interiori
2078 762 2210 829 dis-

666 862 1117 948 temperantia
1148 873 1214 930 et
1242 869 1676 957 corruptione
1709 894 1722 936 :
1759 881 1824 936 et
1885 893 2021 937 non
2052 876 2212 935 tan-

665 972 810 1030 tum
878 964 1034 1048 hoc,
1133 974 1272 1040 imo
1335 999 1473 1065 prae
1540 978 1899 1045 afflictione
1971 978 2207 1054 nimia,

668 1099 702 1134 α
751 1079 1482 1169 appropinquaverunt
1548 1108 1758 1174 usque
1813 1086 1909 1150 ad
1972 1093 2213 1173 portas

668 1184 932 1252 mortis.
961 1210 994 1248 »
1030 1185 1275 1255 Modus
1306 1200 1406 1256 est
1434 1190 1776 1278 loquendi.

762 1286 876 1357 Sic
901 1296 1236 1382 contingit
1265 1296 1726 1385 spiritualiter,
1762 1295 1946 1386 quod
2002 1297 2210 1384 erepti

665 1626 888 1671 escam
930 1607 1058 1674 sibi
1090 1608 1434 1679 salubrem
1464 1611 1806 1682 fastidiunt
1841 1626 1906 1682 et
1950 1615 2213 1681 abonii-

669 1722 943 1798 nantur,
996 1717 1250 1786 scilicet
1306 1721 1434 1789 Dei
1491 1722 1801 1806 verbum,
1863 1724 2047 1813 quod
2111 1731 2212 1790 cst

665 1822 1003 1909 optimum
1063 1826 1602 1897 condimentum.
1664 1829 2042 1909 Matth.1v‚
2113 1832 2202 1898 t:

662 1929 818 1996 Non
851 1932 920 1997 in
950 1933 1100 1998 solo
1123 1957 1308 2023 pane
1345 1938 1513 2003 vivit
1538 1939 1764 2021 lcomo,
1796 1939 1918 2005 sed
1957 1941 2028 2005 in
2060 1961 2210 2005 om-

663 2038 737 2102 ni
767 2037 965 2106 verbo
996 2041 1189 2131 quod
1204 2044 1516 2135 procedit
1544 2047 1627 2113 de
1679 2070 1794 2114 ore
1830 2049 1981 2115 Dei.
2036 2045 2211 2114 Pro—

662 2143 852 2214 verb.
889 2168 982 2228 tx,
1017 2151 1056 2213 2
1091 2170 1107 2214 ε
1151 2150 1595 2240 Sapientia...
1632 2156 1906 2222 miscuit
1945 2156 2204 2233 vinum,

662 2265 726 2318 et
740 2256 1104 2343 proposuit
1126 2279 1640 2327 mensamsuam
1674 2285 1695 2327 .·
1728 2260 2003 2329 etvalde
2029 2262 2208 2329 bona

663 2360 915 2430 cibaria
951 2365 1020 2431 in
1077 2364 1219 2445 illa,
1282 2367 1506 2457 palato
1562 2395 1728 2438 sano
1776 2373 2203 2462 praeparavit.

673 2466 965 2548 lsa.1.v,2
1013 2494 1027 2538 :
1071 2474 1350 2552 Audite,
1387 2479 1740 2546 audientes
1769 2504 1898 2559 me,
1924 2492 1986 2547 et
2023 2503 2212 2548 eom-

665 2577 843 2643 edite
881 2577 1159 2659 bonum,
1216 2592 1282 2649 et
1337 2585 1788 2654 delectabitur
1848 2591 1917 2656 in
1974 2591 2213 2656 crassi·

665 2684 904 2751 tudine
932 2689 1173 2756 (tnima
1205 2701 1451 2758 restra.
1488 2690 1681 2770 hem,
1715 2695 1945 2761 altaris
1978 2696 2213 2762 Sacra-

667 2799 1004 2869 mentum.
1049 2795 1234 2884 quod
1263 2807 1364 2864 est
1394 2799 1584 2865 cibus
1613 2799 2101 2869 saluberrimus
2145 2813 2209 2870 et

665 2898 1139 2966 suavissimus„
1179 2900 1485 2992 Sapient.
1539 2929 1675 2979 xvi.
1722 2910 1856 2974 :mz
1910 2909 2214 2997 Anyelo-

668 3027 822 3071 rum
884 3031 1057 3085 esca,
1124 3010 1242 3099 qui
1309 3035 1580 3102 semper
1635 3016 1875 3084 vivunt
1940 3026 2214 3107 propter

668 3111 852 3179 illam
886 3135 1139 3195 escam,
1199 3120 1555 3188 nutrivisti
1590 3122 1933 3215 poputum
1986 3134 2208 3206 tuum,

667 3219 986 3288 Doniine.
1037 3221 1133 3290 ne
1181 3227 1545 3302 suavitate.
1599 3229 1768 3297 inira
1812 3234 1953 3299 :Et
1993 3257 2213 3323 para—

666 3337 812 3394 tum
842 3353 1096 3420 panem
1128 3331 1214 3399 de
1249 3334 1416 3400 coelo
1439 3340 1825 3426 praestitisti
1870 3339 2018 3406 illis
2070 3343 2215 3408 sim·

666 3434 926 3513 labore,
979 3462 1180 3506 omne
1216 3439 1785 3513 delectamentum
1828 3449 1896 3514 in
1962 3473 2033 3514 se
2093 3449 2212 3516 lia·

673 3537 960 3624 bentem,
1031 3552 1096 3610 et
1141 3547 1368 3612 omnis
1451 3553 1720 3639 saporis
1769 3556 2205 3623 suavitatem.

664 3646 889 3717 Tertia
939 3674 1116 3730 esca,
1167 3656 1418 3722 mentis
1492 3657 1684 3726 cibus
1739 3662 2000 3745 tertius,
2055 3685 2212 3731 con·

667 3754 1130 3846 templationis
1159 3769 1425 3851 gustus,
1460 3764 1543 3831 de
1572 3789 1708 3856 quo
1735 3766 1894 3846 Jul»,
1920 3790 2205 3848 xxxviii,

665 3862 738 3927 ll
793 3882 810 3929 ε
857 3866 1030 3948 Quis
1070 3877 1432 3958 preparat
1476 3893 1670 3938 cort-o
1718 3898 1937 3943 escam
1980 3900 2205 3955 suam,

661 3969 941 4059 quatido
986 3972 1185 4063 pulli
1220 3976 1377 4065 ejus
1428 3979 1737 4050 clamant
1781 3984 1879 4050 ad
1911 3987 2136 4053 Deum
2171 3987 2213 4053 :²

659 4073 868 4144 Eccli.
904 4100 1019 4157 xv,
1056 4083 1096 4147 3
1126 4102 1144 4147 ζ
1180 4083 1459 4153 cibat-it
1488 4085 1690 4154 illum
1737 4115 1921 4181 pune
1960 4094 2111 4161 vite
2146 4104 2209 4162 et

660 4184 1070 4256 intellectus.
1108 4188 1246 4258 Sed
1275 4188 1399 4258 has
1446 4219 1632 4262 escas
1685 4198 1881 4265 multi
1940 4198 2210 4269 abomi-

662 4302 937 4376 nantur,
980 4304 1046 4364 et
1076 4296 1429 4368 fastidiunt
1472 4303 1641 4370 illas.
1668 4304 2151 4388 Numerantur»
2185 4333 2202 4378 ε

656 4400 914 4470 Anima
968 4413 1208 4471 nostra
1262 4405 1427 4498 jam
1480 4422 1767 4479 nauseat
1807 4436 2017 4507 super
2059 4416 2206 4486 cibo

658 4507 787 4574 isto
841 4507 1211 4581 levissimo.
1262 4514 1485 4583 Causa
1523 4528 1748 4587 autem
1797 4519 2004 4604 liuius
2040 4535 2138 4594 est
2186 4548 2202 4594 ε

656 4614 818 4704 quia
851 4613 1004 4684 aliis
1034 4619 1231 4695 escis,
1269 4619 1337 4687 id
1377 4631 1505 4702 est,
1554 4623 1705 4693 aliis
1759 4630 2083 4708 scientiis,
2140 4642 2205 4702 et

656 4718 1220 4792 delectationibus
1255 4750 1329 4795 ee
1377 4728 1659 4820 replent.
1713 4733 1915 4804 Eccli.
1968 4760 2202 4819 xxxvi,

655 4824 741 4892 20
778 4826 1108 4897 :Omnem
1160 4854 1381 4900 escam
1424 4838 1873 4908 manducabit
1926 4856 2152 4913 venter
2174 4870 2205 4916 .·

653 4935 887 5005 omnia
921 4937 1069 5008 vult
1098 4940 1452 5026 audire‚de
1480 4947 1802 5018 omnibus
1819 4950 1968 5020 vult
2005 4957 2199 5036 scire,

650 5041 1137 5118 delectationes
1173 5061 1450 5142 gustare
1493 5077 1510 5122 ε
1560 5066 1624 5123 et
1668 5070 1764 5128 est
1829 5059 2021 5131 cibus
2055 5065 2201 5133 cibo

650 5149 919 5220 melior.
967 5153 1180 5234 Quasi
1218 5161 1469 5229 diceret
1508 5185 1525 5231 ε
1572 5164 1836 5235 Stultus
1862 5172 2201 5255 est,omie·

648 5279 726 5326 so
754 5259 940 5328 enim
971 5264 1158 5354 quod
1189 5266 1417 5335 minus
1469 5269 1723 5340 bonum
1771 5284 1897 5355 est,
1922 5276 2193 5348 deberet

718 5513 734 5550 ¹
765 5512 853 5570 Cf.
882 5513 1110 5574 Daniel.
1143 5534 1184 5589 1,
1215 5520 1250 5573 8
1278 5525 1340 5577 et
1368 5540 1494 5595 seq.

715 5601 740 5640 ²
765 5602 852 5663 Cf.
884 5604 1026 5662 Τοῦ.
1053 5621 1094 5679 ι,
1129 5609 1217 5665 ¹2.

1669 269 1748 331 D.
1804 267 1999 331 ALB.
2055 264 2268 329 MAG.
2325 264 2528 329 ORD.
2583 266 2871 331 PRAED.

2324 432 2405 499 de
2437 433 2695 500 meliori
2736 435 3110 500 comedere.
3172 435 3468 512 Etenim,
3526 427 3857 498 Proverb.

2323 564 2533 626 xxvn,
2559 543 2622 623 ἶ,
2648 541 2891 609 dicitur
2914 564 2927 606 :
2954 542 3209 607 Anima
3227 549 3547 606 saturata
3568 536 3866 605 calcabit

2319 653 2563 738 savum
2605 674 2625 717 .·
2665 661 2726 716 et
2765 651 2999 717 anima
3057 650 3357 715 esuriens
3414 648 3624 712 etiam
3664 667 3865 710 ama-

2323 780 2476 824 rum
2499 781 2626 848 pro
2657 757 2848 825 dulci
2874 767 3117 825 sumet.
3169 755 3458 844 Propter
3513 751 3646 820 hoc
3704 750 3865 816 dici-

2322 870 2453 938 tur,
2501 862 2696 929 Eccli.
2735 885 2992 940 xxxvn,
3036 864 3119 929 32
3151 869 3217 929 et
3266 861 3349 928 33
3388 883 3402 926 :
3456 859 3609 925 Non
3660 866 3723 921 te
3769 855 3865 940 es-

2320 971 2579 1056 sundas
2606 993 2807 1060 super
2857 994 3122 1036 omnem
3163 993 3381 1036 escam
3424 993 3446 1035 .·
3502 970 3570 1033 in
3623 962 3864 1030 multis

2321 1076 2498 1140 enim
2557 1078 2717 1142 escis
2762 1079 2888 1142 erit
2940 1077 3332 1162 infirmitas.
3385 1076 3677 1163 Propter
3733 1070 3864 1137 hoc

2322 1181 2561 1248 Daniel
2600 1182 2978 1250 abstinebat
3016 1206 3053 1248 a
3098 1183 3263 1249 cibis
3312 1179 3866 1247 Nabuchodono-

2322 1292 2497 1369 sor¹,
2555 1289 3152 1359 etTobiasaeibis
3211 1287 3649 1357 Gentiliumz.
3709 1285 3863 1351 Non

2326 1406 2427 1464 est
2524 1398 2872 1465 modicum
2962 1396 3340 1488 periculum
3409 1395 3712 1463 fastidire
3778 1394 3868 1459 ci·

2320 1506 2442 1573 bos
2483 1511 2674 1589 istm,
2717 1509 2810 1574 ita
2848 1517 2921 1574 ut
2948 1508 3164 1596 possit
3203 1507 3330 1575 dici
3374 1507 3455 1573 de
3500 1504 3748 1572 talibus
3780 1501 3865 1568 il-

2316 1613 2434 1680 lud
2488 1612 2644 1692 Job,
2694 1636 2931 1694 xxxm,
2992 1614 3076 1678 22
3151 1636 3165 1679 :
3260 1610 3865 1703 Appropinquavit

2318 1722 2739 1810 corruptioni
2792 1722 3028 1787 anima
3094 1719 3274 1808 ejus,
3336 1731 3399 1786 et
3467 1720 3610 1786 vita
3668 1715 3866 1783 illius

2317 1829 2711 1917 mortiferis.
2746 1827 2831 1895 Et
2860 1828 2982 1917 ipsi
3025 1828 3107 1895 de
3147 1828 3387 1916 seipsis
3423 1847 3439 1895 :
3513 1827 3664 1892 Vita
3711 1846 3863 1891 mea

2317 1938 2876 2027 appropinquans
2901 1946 3047 2004 erat
3077 1936 3147 2002 in
3178 1937 3448 2024 inferno
3471 1933 3790 2001 deorsum
3809 1928 3856 1999 ³.

2408 2279 2442 2318 ι
2491 2257 2584 2322 Et
2637 2252 3131 2322 clamaverunt.
3171 2283 3202 2316 n
3258 2252 3387 2321 llic
3453 2251 3859 2332 secundum,

2317 2361 2574 2430 clamor
2599 2370 2664 2430 et
2692 2361 3081 2430 vociferatio
3126 2386 3245 2454 pro
3279 2362 3703 2430 liberatione.

2405 2472 2519 2538 Ait
2584 2473 2765 2539 enim
2826 2495 2841 2538 ε
2908 2471 3020 2539 Sic
3094 2472 3469 2539 abominati
3547 2478 3731 2546 sunt,
3799 2476 3865 2536 et

2319 2587 2479 2646 tunc
2510 2605 2542 2644 α
2576 2602 2726 2646 cum
2775 2579 2870 2647 sic
2926 2580 3453 2657 tribularentur,
3523 2578 3864 2645 clamave-

2319 2696 2479 2753 runt
2516 2686 2612 2752 ad
2654 2689 3053 2755 Dominum.
3101 2713 3134 2753 ι
3188 2686 3370 2753 Psal.
3428 2707 3672 2767 xxxin,
3723 2684 3801 2750 18
3844 2704 3859 2748 :

2327 2793 2809 2861 Clamarerunt
2841 2794 3051 2884 justi,
3113 2794 3388 2886 quando
3453 2793 3755 2861 sentiunt
3793 2812 3865 2858 se

2321 2901 2614 2992 quodam
2646 2901 2845 2970 taedio
2884 2901 3083 2981 affici,
3127 2914 3192 2971 et
3244 2904 3592 2971 Dominus
3644 2922 3867 2969 exau-

2318 3011 2490 3079 divit
2526 3037 2655 3080 eos.
2700 3012 2991 3095 Baruch,
3035 3037 3132 3096 ιιι,
3193 3016 3214 3081 l
3262 3036 3278 3081 :
3320 3014 3618 3082 Domine
3636 3012 3865 3079 omni-

2310 3130 2659 3214 potens....
2704 3123 2939 3190 anima
2979 3123 3048 3189 in
3087 3123 3457 3213 anqustiis,
3527 3130 3591 3189 et
3652 3119 3866 3210 spiri-

2318 3240 2430 3297 tus
2474 3232 2727 3298 anxius
2752 3231 3011 3299 clamat
3041 3232 3138 3296 ad
3172 3242 3257 3298 te.

2409 3466 2443 3505 ι
2475 3443 2570 3509 ΕΙ
2599 3442 2681 3510 de
2708 3442 3215 3511 necessitatibus
3244 3466 3505 3511 eorum.
3544 3453 3599 3509 ι’
3613 3442 3741 3512 llic
3774 3442 3864 3510 li-

2315 3551 2599 3635 beratio,
2633 3554 2699 3620 in
2730 3576 2864 3644 qua
2896 3555 3214 3623 dicuntur
3252 3553 3415 3624 duo,
3476 3553 3743 3632 Primo,
3784 3551 3865 3621 li·

2317 3659 2599 3729 beratio.
2671 3660 3008 3740 Secundo,
3069 3661 3317 3730 modus
3406 3660 3859 3741 liberationis,

2315 3765 2435 3845 ibi,
2468 3775 2532 3843 5.
2574 3768 2659 3835 20
2704 3791 2719 3836 :
2764 3797 2797 3832 αι
2851 3770 3044 3837 Misit
3072 3769 3351 3837 verbum
3378 3791 3613 3837 suum.
3644 3794 3680 3831 n

2406 3873 2580 3944 Dicit
2613 3898 2777 3965 ergo
2811 3898 2826 3942 :
2880 3874 2994 3945 Sic
3029 3876 3500 3946 clamaverunt
3539 3898 3557 3946 ε
3604 3882 3673 3945 et
3716 3886 3863 3945 sta-

2315 3982 2436 4051 tim
2479 4010 2513 4047 c
2558 3983 2871 4054 liberavit
2898 4009 3009 4054 eos
3045 3987 3130 4055 de
3173 3986 3687 4056 necessitatibus
3742 4010 3861 4056 eo-

2312 4114 2491 4159 rum.
2546 4119 2577 4157 ι
2626 4091 2906 4185 Expone
2954 4104 3028 4164 ut
3066 4117 3298 4187 supra.
3354 4092 3412 4162 ll
3470 4093 3727 4173 Esdrae,
3764 4116 3854 4170 ιι,

2311 4200 2447 4268 27:
2499 4200 2581 4268 In
2628 4209 2925 4292 tempore
2977 4201 3454 4270 tribulationis
3505 4225 3650 4273 suae
3711 4202 3864 4270 cla-

2311 4317 2665 4375 maverunt
2711 4309 2809 4376 ad
2855 4321 2941 4389 te,
2992 4320 3057 4379 et
3108 4318 3187 4377 tu
3232 4308 3319 4377 de
3352 4308 3521 4378 coelo
3568 4308 3860 4395 audisti,

2310 4414 2563 4485 scilicet
2591 4439 2732 4484 eos.
2769 4416 2945 4487 l'sal.
2992 4440 3235 4501 xxxin,
3267 4420 3308 4487 7
3346 4440 3365 4489 ι
3413 4420 3552 4488 Iste
3590 4441 3864 4512 pauper

2307 4525 2660 4605 clamavit,
2692 4537 2758 4595 et
2784 4528 3124 4596 Dominus
3162 4527 3522 4596 exaudivit
3560 4551 3745 4607 eum,
3795 4538 3859 4595 et

2307 4659 2394 4702 es
2419 4633 2732 4702 omnibus
2760 4631 3332 4704 tribulationibus
3360 4635 3519 4727 ejus
3554 4633 3856 4704 salvavit

2307 4767 2486 4812 eum.
2533 4741 2794 4813 Daniel.
2826 4764 2924 4823 ιιι,
2957 4744 3044 4811 88
3079 4764 3098 4813 :
3138 4743 3389 4815 Salvos
3427 4767 3551 4814 nos
3576 4744 3746 4835 lecit
3773 4743 3858 4811 de

2308 4875 2520 4920 manu
2557 4853 2815 4919 mortis.

2392 5207 2427 5245 ι
2477 5181 2672 5249 Misit
2707 5177 2982 5247 verbum
3026 5200 3260 5247 suum.
3316 5202 3349 5243 n
3407 5175 3536 5245 llic
3603 5198 3851 5245 secun-
3969 5203 4097 5273 ,η

2301 5286 2490 5363 dum,
2525 5287 2779 5355 scilicet
2815 5285 3059 5355 modus
3098 5283 3547 5363 liberationiS,
3582 5284 3653 5352 in
3708 5304 3847 5376 quo

2384 5541 2410 5580 ⁸
2436 5542 2614 5599 Eccli.
2644 5558 2719 5612 u,
2749 5545 2801 5599 ⁹.
2833 5541 2918 5599 Cf.
2949 5541 3105 5601 Psal.
3135 5558 3383 5614 unm,
3414 5545 3486 5599 3:
3542 5544 3673 5599 Vita
3721 5557 3844 5599 mee

2296 5637 2519 5707 interno
2541 5630 3033 5706 appropinquavit.
