5008 6329
2209 444 2635 516 PSALMUS
2685 444 2956 514 CXLII.

1005 623 1185 690 stino
1213 620 1487 701 honori,
1521 630 1588 690 et
1653 621 1824 689 forte
1890 619 2208 710 ampliori
2269 617 2552 685 restitu-

1004 738 1114 797 tus
1139 731 1188 799 ⁴.

1100 969 1132 1002 α
1160 942 1276 1011 Ad
1326 937 1788 1028 confitendum
1827 936 2114 1004 nomini.
2153 959 2187 1000 n
2247 934 2377 1003 Hic
2450 945 2553 1003 est

1003 1046 1403 1120 secundum,
1461 1043 1615 1110 finis
1655 1042 2052 1110 eductionis.
2093 1041 2365 1109 Primus
2412 1041 2554 1109 sci-

1002 1152 1163 1221 licet
1188 1160 1264 1219 ut
1294 1150 1609 1218 laudetur
1636 1150 1843 1218 Deus.

1093 1260 1210 1326 Ait
1241 1260 1469 1328 enim:
1508 1258 1623 1327 Sic
1663 1257 1833 1326 educ
1871 1258 2171 1325 animam
2214 1278 2438 1323 meam
2470 1254 2554 1322 de

1003 1365 1344 1434 custodia:
1407 1375 1474 1433 et
1539 1364 1693 1443 hoc,
1769 1392 1803 1428 tt
1846 1364 1944 1432 ad
1986 1362 2476 1451 confitendum,
2518 1388 2550 1424 ι)

1003 1473 1430 1542 confessione
1486 1473 1731 1551 laudis,
1798 1500 1830 1534 «
1864 1470 2130 1538 nomini
2159 1480 2307 1550 tuo,
2346 1497 2379 1532 n
2421 1492 2554 1538 no-

1001 1580 1309 1648 minabili
1340 1584 1658 1672 potentiae
1689 1587 1755 1646 et
1794 1577 2193 1667 benignitati
2224 1584 2380 1643 tuae.
2417 1575 2550 1643 Isa.

1003 1712 1291 1767 xxxvm,
1333 1691 1454 1758 19:
1521 1690 1779 1765 Vivens,
1823 1688 2051 1754 vivens
2090 1687 2235 1779 ipse
2268 1684 2555 1773 confite-

1006 1795 1194 1863 bitur
1243 1796 1394 1864 tibi.
1451 1796 1666 1863 Exod.
1716 1818 1832 1876 xv,
1873 1796 1899 1860 1
1934 1802 1999 1861 et
2027 1816 2203 1884 seq„
2256 1792 2406 1859 Filii
2451 1791 2555 1859 ls-

1003 1904 1143 1972 rael
1209 1902 1473 1972 liberati
1544 1904 1626 1970 de
1698 1902 2027 1993 AEgyptO,
2105 1908 2555 1969 cantaverunt

1003 2012 1343 2080 canticum
1370 2010 1697 2078 Domino.
1733 2008 1839 2077 lsa
1898 2032 1980 2087 m,
2022 2010 2141 2077 11:
2182 2010 2453 2076 Venient
2480 2009 2552 2076 in

995 2118 1167 2189 Sion
1198 2117 1576 2207 qaudentes
1606 2117 1653 2183 ’.

1081 2352 1117 2389 α
1151 2328 1264 2394 Me
1325 2334 1722 2417 exspectant
1784 2323 1998 2414 justi.
2039 2354 2070 2385 ι»
2135 2324 2305 2393 Ecce
2372 2325 2550 2392 alius

988 2434 1168 2511 finis,
1211 2441 1279 2502 et
1324 2432 1571 2502 dicitur
1626 2434 1696 2500 in
1724 2454 2018 2523 persona
2055 2434 2296 2523 capitis
2327 2434 2548 2523 magis

993 2540 1290 2634 proprie.

1082 2649 1293 2729 Quasi
1324 2649 1578 2717 diceret
1611 2670 1627 2714 ε
1667 2646 1781 2716 Sic
1824 2671 1932 2715 me
1964 2648 2175 2716 libera
2206 2648 2290 2716 de
2329 2669 2550 2716 carce·

992 2781 1065 2826 re
1129 2756 1215 2825 ad
1269 2755 1547 2825 laudem
1596 2759 1898 2824 nominis
1938 2758 2063 2834 tui,
2099 2766 2165 2823 et
2214 2758 2425 2823 etiam
2459 2755 2546 2823 ad

992 2863 1481 2934 laetificandum
1539 2864 1787 2954 justos,
1868 2873 1933 2932 et
2035 2863 2544 2945 aedilicandum,

4095 444 4221 508 479

2663 614 2825 703 quia
2867 641 2900 675 «
2952 634 3061 679 me
3115 619 3507 699 exspectant
3570 608 3759 699 justi
3826 611 4035 679 donec
4108 633 4217 676 re-

2663 720 2932 788 tribuas
2961 720 3162 804 milti,
3201 744 3234 785 ι
3263 728 3336 786 ut
3370 718 3826 800 aedificentur,
3876 727 3943 787 et
3994 719 4223 787 exsul-

2660 833 2830 893 tent.
2875 824 3025 892 Hoc
3062 848 3306 893 verum
3356 831 3458 891 est
3506 823 3586 890 de
3638 821 4074 913 MartyribuS,
4133 824 4213 890 de

2664 954 2959 1024 quorum
3009 930 3228 1023 gloria
3277 938 3432 1021 post
3462 929 3893 997 eductionem
3937 929 4017 997 de
4064 952 4216 997 cor-

2662 1061 2829 1129 pore
2859 1040 3176 1106 laetantur
3192 1039 3388 1127 justi,
3430 1045 3499 1103 et
3525 1036 3970 1113 aedificantur‚
4003 1046 4061 1104 et
4092 1060 4218 1126 po-

2662 1147 2925 1215 tissime
2974 1145 3056 1213 de
3123 1147 3367 1237 capite,
3427 1168 3724 1235 quorum
3791 1145 4007 1236 gloria
4066 1152 4217 1235 post

2666 1265 2961 1323 mortem
2992 1255 3117 1322 fuit
3155 1254 3515 1323 aedilicatio
3538 1255 3770 1322 totius.
3806 1254 3937 1321 Isa.
3974 1277 4079 1331 Lx,
4127 1256 4208 1321 9:

2663 1368 2779 1433 Me
2815 1363 3085 1443 insulae,
3129 1365 3341 1432 sancti
3383 1364 3637 1432 scilicet
3675 1362 3977 1454 undique
4025 1385 4218 1430 ama-

2666 1472 3079 1541 ritudinibus
3133 1481 3486 1561 tamquam
3555 1470 3964 1561 quibusdam
4018 1472 4216 1538 undis

2664 1580 3006 1661 concussi,
3039 1589 3453 1670 exspectant.
3489 1578 3595 1655 Et,
3630 1601 3793 1657 xxx,
3832 1579 3913 1646 18
3949 1601 3965 1646 ε
4021 1580 4221 1646 Beati

2665 1711 2897 1756 omnes
2946 1691 3071 1780 qui
3123 1697 3513 1779 exspectant
3556 1709 3736 1755 eum.
3777 1687 4028 1755 Jerem.
4073 1710 4211 1764 mv,

2666 1799 2743 1866 8:
2825 1799 3266 1889 Exspectatio
3311 1797 3553 1874 lsrael,
3604 1797 3917 1865 salvator
3963 1797 4116 1886 ejus
4148 1798 4214 1864 in

2665 1915 2966 1997 tempore
2984 1904 3485 1974 tribulationis.
3522 1904 3937 1995 Exspectant
3968 1928 4103 1984 me,
4145 1914 4216 1972 ut

2659 2013 3117 2082 reformentur
3161 2014 3395 2081 anima
3424 2022 3490 2080 et
3536 2034 3849 2102 corpore.
3898 2011 4004 2079 Ad
4051 2011 4213 2079 Phi·

2660 2120 2779 2212 lip.
2803 2143 2897 2196 tn,
2923 2122 3008 2187 20
3030 2128 3098 2187 et
3118 2122 3193 2187 21
3229 2120 3708 2190 :Salvatorem
3737 2129 4211 2210 exspectamus

2565 2237 2574 2245 '
2660 2228 3043 2296 Dominum
3061 2235 3374 2295 nostrum
3400 2229 3638 2294 lesum
3670 2226 4048 2307 Christum,
4091 2228 4214 2318 qui

2659 2334 3068 2425 reformabit
3122 2358 3371 2425 corpus
3452 2334 3875 2402 humilitatis
3944 2344 4211 2413 nostrat,

2656 2447 3172 2536 confiquratum
3199 2448 3473 2538 corpori
3498 2447 3845 2515 claritatis
3889 2469 4056 2514 suae.
4102 2445 4207 2514 Ad

2660 2575 2868 2643 quam
2911 2553 3469 2621 reformationem
3508 2552 3883 2644 gloriosam
3917 2575 4041 2621 nos
4072 2576 4221 2644 per-

2657 2660 2863 2727 ducat
2892 2659 3232 2749 gloriosus
3273 2658 3484 2726 Filius
3514 2658 3665 2738 Dei,
3702 2658 3818 2749 qui
3866 2667 3966 2727 est
4006 2658 4223 2727 bene-

2658 2762 2879 2831 dictus
2953 2787 3072 2855 per
3127 2765 3365 2832 omnia
3449 2762 3699 2832 saecula
3776 2763 4219 2832 saeculorum.

2658 2869 2909 2939 Amen.

2201 3339 2674 3421 PSALMUS
2706 3342 3009 3418 CXLII.

1484 3685 1913 3757 Per-secutus
1958 3683 2048 3752 ab
2093 3684 2489 3770 Absalone,
2531 3682 2911 3756 humiliter
2934 3682 3132 3777 petit
3161 3683 3303 3756 Dei
3330 3682 3724 3754 auxilium.

1048 4047 1107 4095 ι.
1163 4024 1516 4096 Psalmus
1569 4024 1826 4110 David,

1261 4135 1587 4229 Quando
1604 4136 2175 4231 persequebatur
2204 4157 2373 4207 eum
2406 4136 2558 4207 Ab·

1262 4244 1521 4325 salom,
1549 4244 1740 4314 filius
1778 4244 1956 4332 ejus.
1996 4244 2092 4334 (11
2134 4243 2312 4337 neg.
2357 4246 2550 4332 xvn).

1172 4349 1510 4428 Domine,
1536 4349 1788 4419 exaudi
1823 4367 2226 4420 orationem
2260 4371 2498 4420 meam
2528 4370 2546 4419 ε

1262 4455 1566 4527 auribus
1635 4455 1918 4548 percipe
1974 4455 2553 4527 obsecrationem

1265 4588 1505 4637 meam
1562 4565 1635 4636 in
1692 4565 1990 4636 veritate
2048 4584 2170 4637 tua
2224 4565 2545 4637 :exaudi

1265 4696 1382 4745 me
1425 4673 1657 4745 intua
1689 4673 1990 4764 justitia.

1045 4802 1113 4851 2.
1171 4780 1263 4851 Et
1332 4803 1476 4853 non
1524 4780 1748 4852 intres
1824 4780 1895 4852 in
1969 4781 2322 4871 judicium
2382 4803 2551 4852 cum

1266 4910 1478 4959 servo
1519 4908 1672 4974 tuo,
1714 4888 1884 4981 quia
1941 4910 2084 4959 non
2134 4888 2554 4979 justificabi-

1264 5014 1383 5066 tur
1423 4996 1494 5065 in
1538 5015 1924 5090 conspectu
1972 5013 2099 5066 tuo
2144 4996 2387 5065 omnis
2441 4997 2556 5068 vi-

1265 5123 1473 5171 vens.

1043 5209 1109 5279 3.
1163 5206 1359 5300 Quia
1391 5229 1811 5300 persecutus
1860 5227 1967 5279 est
2008 5206 2352 5279 inimicus
2393 5206 2555 5278 ani-

1265 5337 1465 5387 mam
1526 5337 1791 5398 meam‚
1855 5315 2266 5386 humiliavit
2309 5314 2381 5384 in
2417 5334 2554 5385 ter·

1267 5444 1342 5494 ra
1389 5423 1616 5495 vitam
1647 5443 1881 5494 meam
1917 5445 1934 5491 ε

1079 5691 1097 5728 ¹
1128 5692 1215 5751 Cf.
1248 5693 1462 5750 Genes.
1491 5711 1588 5761 ιι..
1617 5697 1688 5752 20
1723 5698 1783 5751 et
1820 5710 1946 5768 seq.

1078 5780 1327 5855 Vulgata
1375 5781 1575 5854 habet,
1608 5784 1719 5842 lsa.
1764 5799 1840 5853 ιι,
1873 5786 1977 5839 u:
2034 5783 2268 5840 Venient
2310 5786 2367 5839 in
2417 5785 2553 5839 Sion

2846 4023 3249 4098 Collocavit
3312 4047 3431 4097 me
3498 4025 3572 4097 in
3620 4025 3978 4105 obscuris,
4031 4024 4214 4096 sicut

2938 4149 3274 4203 mortuos
3314 4131 3587 4202 saeculi.

2709 4263 2781 4331 4.
2841 4241 2935 4313 Et
2971 4239 3306 4312 anxiatus
3345 4259 3454 4312 est
3501 4262 3721 4333 super
3753 4262 3867 4310 me
3916 4240 4217 4333 spiritus

2934 4370 3143 4419 meus
3187 4348 3313 4419 :in
3355 4370 3473 4419 me
3521 4347 3894 4419 turbatum
3942 4367 4050 4418 est
4097 4370 4220 4419 cor

2938 4478 3214 4527 meum.

2715 4568 2780 4637 5.
2834 4565 3119 4636 Memor
3166 4564 3270 4636 fui
3339 4565 3624 4636 dierum
3683 4564 4153 4657 antiquorum
4201 4589 4216 4634 ε

2933 4667 3329 4738 meditatus
3369 4689 3534 4738 sum
3564 4667 3638 4738 in
3670 4666 4016 4739 omnibus
4056 4689 4223 4761 ope·

2935 4774 3138 4845 ribus
3204 4773 3378 4859 tuis,
3437 4774 3510 4845 in
3583 4773 3789 4845 sactis
3864 4795 4216 4845 manuum

2935 4899 3226 4952 tuarum
3276 4880 3707 4951 meditabar.

2711 4996 2778 5059 6.
2838 4987 3168 5083 Expandi
3220 5009 3483 5058 manus
3522 5010 3722 5058 meas
3770 4989 3859 5058 ad
3893 5006 4013 5059 te:
4059 4988 4214 5059 ani-

2938 5116 3057 5164 ma
3105 5115 3263 5165 mea
3329 5092 3515 5165 sicut
3573 5114 3762 5165 terra
3820 5094 3974 5164 sine
4035 5116 4217 5186 aqua

2824 5289 2832 5295 ⁶
2935 5200 3094 5272 tibi.

2711 5331 2779 5400 7.
2832 5304 3193 5376 velociter
3231 5305 3490 5375 exaudi
3531 5326 3674 5383 me,
3702 5304 4056 5376 Domine:
4092 5305 4213 5376 de·

2935 5411 3098 5483 fecit
3130 5412 3433 5505 spiritus
3450 5434 3685 5483 meus.

2664 5685 2978 5745 laudantes.
