5008 6329
710 284 835 353 174

707 479 856 525 vere
884 467 981 526 est
1008 458 1221 526 cibus.
1285 457 1545 523 Cantic.
1598 477 1668 533 V,
1738 455 1766 521 1
1811 477 1826 521 ε
1884 452 2256 531 Comedite,

707 566 939 650 amici,
977 565 1205 645 bibite,
1240 572 1304 629 et
1333 561 1803 646 inebriamini,
1838 561 2255 629 charissimi.

705 672 854 741 Hoc
887 672 1189 739 Joannes
1237 669 1546 749 satiatus,
1600 677 1667 738 et
1715 668 2093 737 inebriatus
2136 666 2258 734 ob-

705 778 1028 847 dormivit
1065 777 1135 842 in
1173 777 1327 843 sinu
1382 776 1550 844 Jesu
1598 779 1642 844 ¹.
1705 776 1785 843 In
1844 774 2260 842 medicinam

701 884 1245 970 saluberrimam,
1288 893 1357 953 et
1385 884 1802 976 generalem,
1832 880 2042 950 Eccli.
2069 902 2256 958 xmu,

701 991 787 1057 24
812 1012 827 1055 ε
852 989 1201 1058 Medicina
1230 991 1542 1058 omnium
1574 990 1645 1054 in
1672 986 2124 1075 festinatione
2150 1007 2263 1051 ne-

707 1098 909 1167 hulae.
957 1097 1054 1165 111
1103 1097 1273 1189 Reg.
1306 1120 1454 1174 v111,
1505 1098 1585 1162 12
1621 1095 2018 1163 :Dominus
2076 1092 2260 1159 dixit

701 1218 776 1274 ut
803 1207 1148 1276 habitaret
1172 1208 1245 1274 in
1283 1202 1539 1271 nebula
1573 1226 1595 1270 .·
1626 1203 1803 1272 sicut
1829 1201 2089 1293 pillulae
2120 1223 2261 1268 me-

700 1317 1043 1385 dicinales,
1089 1314 1520 1405 Augustinus
1555 1335 1570 1379 ε
1611 1340 1645 1376 α
1681 1311 1815 1392 Qui
1853 1311 2107 1380 vulnus
2130 1308 2261 1378 ha-

705 1453 738 1493 «
773 1426 914 1509 bet,
963 1423 1376 1492 medicinam
1425 1423 1692 1514 quaerit.
1730 1447 1764 1488 ι
1812 1420 1891 1489 In
1931 1422 2259 1490 comitem

703 1529 1251 1621 inseparabilem,
1285 1529 1527 1596 Matth.
1570 1552 1812 1613 xxvm,
1873 1530 1958 1595 20
1998 1551 2014 1595 :
2084 1530 2261 1594 Ecce

674 1660 822 1727 ,eqo
845 1636 1189 1704 vobiscum
1217 1658 1373 1703 sum
1405 1633 1726 1702 omnibus
1756 1632 1997 1700 diebus
2048 1653 2261 1721 usque

702 1745 799 1812 ad
823 1744 1480 1812 consummationem
1503 1740 1764 1808 saeculi.
1810 1737 2060 1830 Implet
2089 1736 2260 1806 illud

699 1850 861 1919 Luc.
893 1872 1081 1930 xxiv,
1116 1850 1201 1917 29
1228 1870 1243 1916 :
1279 1850 1488 1916 Mane
1515 1846 1896 1923 nobiscum,
1929 1845 2255 1914 Domine.

705 1959 907 2027 Joan.
950 1980 1045 2036 v1,
1088 1957 1172 2025 57
1210 1978 1226 2024 ε
1274 1955 1413 2041 Qui
1450 1953 1830 2022 manducat
1859 1976 2086 2021 meam
2113 1975 2264 2020 car-

703 2086 880 2141 nem,
911 2072 976 2131 et
1015 2061 1186 2130 bibit
1224 2084 1452 2130 meum
1516 2060 1956 2151 sanquinem,
2019 2060 2090 2126 in
2156 2081 2263 2126 me

703 2177 954 2246 manet,
986 2176 1052 2235 et
1089 2189 1212 2258 eqo
1279 2167 1353 2233 in
1410 2164 1566 2234 illo.
1622 2164 1701 2232 In
1760 2162 2260 2231 reconciliatio-

701 2298 884 2356 nem,
946 2283 1014 2343 et
1067 2295 1332 2364 pacem,
1366 2272 1474 2340 Ad
1522 2271 1775 2363 Ephes.
1821 2293 1895 2349 u,
1937 2271 2018 2338 14
2056 2292 2073 2338 ε
2109 2271 2262 2361 Ipse

701 2393 795 2451 est
822 2406 973 2474 pax
1011 2392 1274 2466 nostra,
1308 2382 1435 2472 qui
1458 2381 1625 2469 lecit
1668 2389 1966 2470 utraque
2013 2400 2257 2446 unum.

702 2490 861 2560 ldeo
901 2492 1158 2581 optime
1188 2489 1283 2557 ibi
1312 2489 1376 2557 ei
1413 2488 1661 2557 dieitur
1693 2509 1710 2554 τ
1748 2515 1783 2551 α
1821 2486 2020 2554 Dona
2059 2484 2262 2555 nobis

703 2628 737 2663 κ
795 2619 1060 2689 pacem.
1105 2620 1140 2663 ι
1210 2595 1287 2664 ln
1344 2593 1641 2664 hostiam
1709 2593 2080 2663 salutarem
2134 2615 2260 2684 pro

699 2704 1112 2798 quotidianis
1158 2701 1420 2772 delictis
1459 2702 1735 2771 nostris.
1784 2700 2195 2769 Ambrosius
2239 2722 2256 2768 :

696 2841 731 2878 α
772 2812 1353 2903 Quotiescumque
1385 2809 1519 2879 hoc
1562 2808 2090 2878 Sacramentum
2139 2831 2261 2876 su-

697 2950 731 2985 α
777 2922 1008 2998 mitur,
1060 2918 1354 2988 subaudi
1409 2918 1639 3010 digne,
1703 2926 1979 3009 peccata
2020 2916 2261 2985 dimit-

703 3057 734 3091 «
777 3034 1036 3095 tuntur.
1079 3025 1244 3093 llaec
1284 3047 1520 3093 mensa
1552 3026 1880 3093 convivas
1911 3045 2077 3091 suos
2105 3045 2261 3113 pec-

699 3160 732 3201 «
777 3136 944 3204 catis
1021 3132 1387 3225 obligatoS,
1484 3129 1750 3223 supple,
1842 3129 2254 3212 venialibus,

699 3269 732 3309 α
774 3244 1142 3327 immunes,
1197 3249 1265 3309 et
1320 3239 1573 3309 liberos
1612 3240 1793 3309 facit.
1833 3265 1867 3306 »
1939 3238 2251 3309 Versus:

767 3450 977 3519 Arrha,
1026 3450 1218 3518 cibus,
1265 3450 1589 3523 medicina,
1615 3468 1840 3524 comes,
1878 3468 2016 3527 pax,
2062 3452 2260 3509 hostia

1960 3543 2255 3600 Christus.

791 3783 873 3853 Et
902 3782 989 3852 ob
1020 3783 1152 3851 hoc
1183 3784 1442 3874 optime
1474 3784 1893 3876 praeponitur
1948 3780 2100 3852 haec
2156 3781 2258 3851 lit·

700 3899 843 3959 tera
897 3912 1061 3958 mu
1094 3882 1257 3979 (Ὦ),
1328 3888 1514 3981 quod
1581 3892 2067 3981 interpretatur
2133 3888 2258 3956 bo-

698 4020 863 4065 num
894 4020 917 4065 :
947 3995 1113 4088 quid
1141 3998 1325 4066 enim
1354 4018 1547 4088 oeque
1575 3996 1838 4065 bonum
1871 3997 2003 4066 isto
2070 3996 2252 4085 cibo,

696 4104 806 4173 vel
838 4104 1083 4173 melius
1119 4104 1155 4172 P
1182 4102 1395 4172 Nihil.

791 4345 825 4387 ι
850 4321 1116 4388 Memor
1132 4318 1261 4385 erit
1288 4319 1361 4386 in
1396 4316 1753 4386 saeculum.
1801 4342 1836 4385 ι
1860 4316 1992 4387 nie
2019 4339 2259 4387 secun-

700 4428 906 4496 dum:
948 4435 1127 4496 tacta
1155 4425 1338 4495 euim
1397 4425 1812 4494 sacramenti
1879 4426 2259 4495 institutio-

697 4561 810 4618 ne,
854 4543 1273 4605 monstratur
1329 4533 1613 4626 impleta
1675 4534 1909 4604 divina
1954 4535 2259 4626 promis-

700 4670 828 4717 sno.

783 4753 902 4821 Ait
928 4751 1113 4820 enim
1149 4773 1165 4818 ε
1201 4747 1317 4819 Sic
1371 4749 1543 4836 dixi,
1610 4751 1797 4843 quod
1845 4752 2256 4822 memoriam

697 4861 877 4939 fecit,
919 4856 1051 4927 hoc
1088 4863 1215 4937 est,
1244 4856 1475 4938 faciet,
1515 4866 1589 4927 et
1635 4880 1865 4929 escam
1923 4859 2139 4944 dedit,
2192 4868 2260 4929 et

697 4969 820 5050 sic,
854 4995 888 5030 κ
924 4988 1184 5035 memor
1226 4965 1382 5044 erit,
1439 4990 1475 5030 ι
1524 4988 1904 5035 memorem
1979 4988 2053 5036 se
2109 4989 2263 5037 esse

701 5072 1048 5167 implendo
1089 5070 1585 5141 demonstrabit
1622 5069 1759 5153 hic,
1797 5098 1831 5140 ι
1866 5076 2260 5143 testamenti

691 5185 829 5261 sui,
865 5211 899 5245 κ
946 5178 1419 5273 promissionis
1448 5202 1612 5259 suae,
1660 5204 1694 5246 ι
1729 5182 1801 5249 in
1827 5181 2165 5251 saeculum
2219 5208 2251 5247 ι

696 5287 1027 5359 duraturi.
1062 5284 1225 5354 Luc.
1271 5308 1319 5368 1,
1352 5287 1439 5355 73
1477 5308 1495 5356 ε
1535 5289 1818 5357 ,Iuravit
1863 5290 1964 5358 ad
2023 5289 2255 5360 Abra-

668 5376 857 5467 ⁸laeam
884 5404 1161 5490 patrem
1188 5403 1531 5479 nostrum,
1564 5396 1900 5467 daturum
1927 5421 2003 5469 se
2025 5397 2248 5469 nobis.

772 5632 791 5671 ¹
812 5626 899 5686 ct.
918 5628 1088 5686 toan.
1115 5643 1244 5699 xm,
1272 5629 1367 5688 23.

1701 282 1789 352 D.
1837 281 2044 350 ALB.
2097 277 2318 346 MAG.

2371 277 2576 344 ORD.
2631 278 2921 345 PRAED.

2464 450 2742 531 Iterum,
2778 452 2846 517 in
2877 451 3192 520 omnibus
3223 455 3517 543 antiquis
3538 456 3907 539 sacrificiis,

2376 559 2541 649 quid
2587 559 2766 627 aliud
2800 559 3023 641 fiebat,
3056 561 3184 628 nisi
3216 583 3299 629 ex
3355 562 3515 651 ipsis
3580 564 3771 631 factis
3838 586 3910 631 se

2374 668 2677 735 futurum
2729 692 2966 737 verum
3006 671 3434 755 sacrificium,
3496 692 3631 760 quo
3674 671 3911 739 retice-

2373 796 2605 842 remur
2641 776 2709 840 in
2765 784 3126 864 conspectu
3201 779 3368 865 ejus,
3440 775 3910 868 figurabatur?

2376 877 2513 948 Sed
2542 881 2829 972 figuram
2889 883 3177 974 impleri,
3248 891 3315 951 et
3381 885 3906 974 promissionem

2374 989 2559 1056 reddi
2636 988 3008 1078 oportebat.
3088 990 3328 1059 Matth.
3381 1013 3449 1069 ν,
3534 994 3614 1061 18
3678 1016 3693 1060 :
3754 992 3908 1059 Iota

2370 1118 2587 1163 unum
2642 1107 2764 1164 aut
2812 1120 2986 1165 unus
3050 1122 3227 1190 ape-z·
3279 1122 3414 1167 non
3451 1099 3836 1190 praeteribit
3865 1120 3908 1163 a

2376 1205 2541 1296 leqe,
2586 1206 2791 1272 donec
2846 1207 3074 1272 omnia
3126 1207 3326 1296 fiant.
3386 1206 3517 1275 Isa.
3579 1231 3687 1286 nv,
3751 1209 3826 1274 11
3888 1227 3904 1271 ε

2383 1311 2685 1402 Verbum}
2717 1315 2905 1403 quod
2964 1316 3344 1406 eqredietur
3419 1315 3501 1383 de
3555 1338 3669 1383 ore
3732 1338 3904 1397 meo,

2369 1441 2508 1487 non
2547 1430 2911 1487 revertetur
2964 1422 3061 1488 ad
3095 1445 3198 1489 me
3231 1444 3545 1489 vacuum.

2461 1525 2749 1615 Propter
2784 1526 2913 1594 hoc
2983 1529 3234 1617 optime
3302 1529 3723 1619 praeponitur
3811 1528 3905 1594 ibi

2371 1651 2479 1697 101>
2533 1632 2640 1721 (5),
2693 1631 2875 1722 quod
2929 1635 3400 1723 interpretatur
3446 1635 3756 1715 scientia,
3797 1632 3905 1700 vel

2364 1740 2811 1832 principium,
2892 1740 2957 1807 id
3033 1750 3155 1821 est,
3244 1744 3523 1811 scientia
3586 1765 3739 1833 quae
3806 1750 3907 1810 est

2370 1845 2805 1937 principium,
2857 1849 3133 1917 scientia
3165 1849 3418 1918 scilicet
3447 1850 3728 1917 omnino
3768 1871 3911 1916 cer-

2374 1962 2462 2034 ta,
2550 1964 2616 2023 et
2687 1955 3076 2037 infallibilis,
3147 1957 3258 2026 lex
3330 1957 3582 2027 divina.
3654 1958 3901 2027 Matth.

2372 2086 2559 2142 xxiv,
2594 2063 2676 2132 35
2733 2086 2749 2133 ε
2813 2065 3072 2134 Coelum
3140 2076 3204 2134 et
3250 2076 3430 2134 terra
3486 2066 3901 2146 transibunt,

2373 2170 2576 2239 verba
2606 2180 2834 2238 autem
2863 2194 3012 2239 mea
3039 2195 3174 2240 non
3205 2173 3675 2264 praeteribunt.

2473 2490 2867 2556 «Virtutem
2941 2512 3244 2580 operum.
3309 2518 3342 2552 ι»
3401 2489 3764 2560 Praemisso
3819 2492 3902 2560 de

2369 2601 2772 2669 sacramenti
2822 2599 3265 2679 institutione,
3312 2599 3424 2669 hic
3468 2601 3904 2693 subjungitur

2370 2708 2452 2776 de
2474 2708 2757 2775 instituti
2791 2706 3274 2799 divulgatione,
3309 2731 3463 2776 cum
3502 2707 3653 2777 aliis
3691 2711 3907 2777 mira-

2368 2814 2618 2884 bilibus
2692 2837 2843 2906 quae
2877 2815 3029 2882 fecit
3068 2814 3371 2883 Christus
3424 2840 3440 2884 ε
3494 2824 3562 2885 et
3589 2816 3906 2885 dicuntur

2368 2924 2529 2992 duo.
2566 2923 2823 3003 Prim0,
2857 2922 3157 3013 tangitur
3193 2921 3591 3015 divulgatio.
3638 2922 3903 2993 Secun-

2370 3030 2485 3109 do,
2573 3030 2743 3098 ratio
2819 3051 3027 3120 quare
3081 3027 3300 3098 voluit
3354 3028 3716 3123 divulgari,
3777 3032 3898 3114 ibi,

2365 3149 2432 3221 ἵ.
2475 3142 2514 3210 7
2553 3161 2570 3210 2
2607 3166 2643 3207 ι
2680 3141 2768 3209 Ut
2796 3138 2909 3208 det
2945 3139 3114 3210 illis.
3152 3166 3186 3203 n

2455 3248 2573 3317 Ait
2603 3249 2844 3316 enim:
2900 3246 3014 3316 Sic
3079 3246 3261 3315 dedit
3316 3270 3567 3329 escam,
3637 3271 3904 3319 memor

2365 3358 2781 3438 testamenti,
2822 3366 2885 3424 et
2913 3364 3066 3447 post
3113 3355 3241 3425 hoc
3303 3382 3336 3422 α
3371 3359 3690 3427 virtutem
3739 3384 3905 3452 ope-

2366 3490 2521 3537 rum
2559 3488 2864 3534 suorum.
2903 3492 2936 3527 υ
2971 3464 3211 3534 Glossa
3253 3464 3436 3544 dicit,
3481 3467 3666 3557 quod
3696 3497 3729 3530 «
3774 3491 3902 3537 οω-

2368 3598 2402 3640 e
2435 3596 2553 3642 cos
2591 3570 3022 3647 illuminavit,
3086 3579 3152 3639 et
3217 3570 3495 3640 claudos
3548 3572 3901 3642 ambulare

2365 3706 2400 3746 ι
2443 3678 2663 3749 fecit'.
2703 3705 2736 3741 ι
2771 3677 2852 3746 Et
2883 3700 3010 3769 ego
3049 3678 3251 3759 addo,
3284 3678 3469 3770 quod
3507 3680 3731 3770 majus
3769 3691 3896 3761 est,

2362 3784 2547 3878 quod
2579 3806 2822 3876 panem
2882 3792 2949 3851 et
2976 3784 3213 3852 vinum
3241 3783 3311 3851 in
3349 3807 3621 3854 carnem
3651 3795 3719 3856 et
3747 3810 3903 3856 san·

2363 3891 2642 3984 guinem
2683 3890 3032 3983 proprium
3063 3890 3446 3959 convertit:
3489 3893 3674 3984 quod
3738 3917 3902 3964 suos

2366 3998 2523 4069 inde
2559 3997 2796 4090 pascit.
2844 4026 2876 4061 κ
2907 3999 3362 4067 Annuntiavit
3380 4000 3649 4093 populo
3673 4025 3827 4089 suo,
3862 4029 3898 4067 n

2362 4129 2603 4200 parvo,
2645 4106 2714 4174 in
2753 4104 3048 4173 Ecclesia
3110 4128 3474 4177 converse.
3534 4107 3694 4179 noec
3756 4119 3904 4179 erat

2363 4217 2605 4295 virtus,
2645 4214 2728 4283 de
2767 4237 2901 4305 qua
2939 4212 3141 4283 Eccli.
3176 4237 3367 4294 xvm,
3400 4217 3440 4283 4
3473 4237 3491 4286 ε
3574 4218 3901 4288 Virtutem

2363 4320 2868 4416 maqnitudinis
2894 4319 3050 4411 ejus
3085 4323 3241 4412 quis
3268 4323 3654 4393 enuntiabit
3683 4324 3727 4394 ?
3753 4325 3906 4394 Vir·

2363 4439 2474 4501 tus
2539 4436 2768 4498 autem
2832 4426 2985 4512 Dei,
3062 4449 3212 4519 qum
3277 4426 3408 4498 hoc
3479 4429 3660 4511 fecit,
3741 4432 3903 4525 quid

2366 4536 2550 4607 aliud
2578 4545 2680 4605 est
2715 4557 2921 4627 quam
2949 4557 3194 4603 manus
3218 4533 3344 4603 Dei
3371 4537 3407 4605 P

2455 4645 2744 4737 Propter
2795 4641 2928 4712 hoc
3007 4642 3180 4713 bene
3241 4644 3662 4737 praeponitur
3732 4669 3901 4717 mu

2363 4754 2516 4853 (D),
2575 4752 2758 4845 quod
2786 4751 3262 4844 interpretatur
3285 4753 3561 4846 palma,
3601 4755 3712 4825 vel
3745 4778 3902 4825 ma-

2363 4883 2517 4931 nus.
2561 4859 2767 4941 Quasi
2823 4858 3075 4930 diceret
3140 4883 3157 4928 :
3218 4860 3630 4932 Annuntiari
3681 4862 3902 4932 voluit

2363 4969 2622 5062 populo
2685 4990 2811 5036 suo
2902 4990 3181 5036 manum
3248 4991 3470 5055 suam,
3523 4971 3898 5061 potentiam

2363 5075 2641 5156 scilicet,
2683 5097 2839 5167 quae
2875 5082 3030 5144 ante
3067 5076 3513 5146 nesciebatur.
3553 5077 3687 5146 Isa.
3758 5101 3892 5158 un,

2368 5185 2397 5252 1
2445 5205 2464 5252 :
2516 5186 2613 5252 Ee
2679 5180 3029 5251 brachium
3087 5184 3399 5269 Domini,
3453 5184 3569 5253 eui
3635 5185 3902 5255 reveta-

2364 5302 2515 5362 tum
2560 5300 2657 5360 est
2699 5288 2739 5359 ?

2435 5627 2460 5665 ¹
2484 5627 2574 5687 Cf.
2604 5628 2741 5687 Luc.
2773 5642 2875 5698 vu,
2927 5628 3016 5683 27.
