5008 6329
757 355 887 423 418

850 525 1311 617 Spiritualiter
1340 535 1569 593 autem
1612 525 1723 594 hic
1788 535 1890 594 est
1954 527 2319 618 descriptio

758 636 953 727 pravi
999 631 1289 711 Praelati,
1325 635 1484 723 quia
1515 635 1583 702 in
1633 637 1962 727 principio
2021 638 2166 726 ipse
2215 642 2316 703 est

759 754 1113 834 tamquam
1204 745 1670 822 simulacrum,
1775 749 1919 814 sive
2021 745 2309 815 idolum.

759 849 1037 918 Zachar.
1073 852 1258 930 x1,1·1
1297 874 1310 918 ε
1342 853 1400 920 Ο
1430 862 1781 943 pastor,et
1819 853 2090 920 idolum
2132 852 2316 918 dere-

762 964 1076 1049 linquens
1123 967 1449 1052 qreqem!
1494 961 1665 1029 Cum
1707 971 1938 1028 tamen
1979 963 2047 1026 in
2088 960 2317 1027 Eccle-

762 1069 863 1135 sia
928 1092 1069 1137 non
1135 1070 1460 1138 deberent
1528 1091 1675 1136 esse
1747 1067 1937 1136 tales,
2024 1067 2307 1133 Numer.

760 1197 952 1260 xxm,
996 1178 1076 1242 21
1127 1198 1143 1242 ε
1184 1177 1338 1243 Non
1377 1185 1474 1242 est
1504 1173 1774 1240 idolum
1837 1175 1909 1240 in
1944 1172 2185 1252 Jacob,
2245 1171 2315 1239 id

762 1290 890 1363 est,
932 1305 1071 1349 non
1101 1282 1301 1349 debet
1328 1303 1498 1359 esse,
1531 1305 1650 1348 nec
1701 1282 1995 1360 videtur,
2059 1280 2127 1347 id
2183 1287 2311 1355 est,

763 1409 889 1455 nec
915 1388 1132 1456 videri
1164 1389 1388 1470 debet,
1428 1390 1887 1457 simulacrum
1928 1392 2001 1456 in
2065 1386 2310 1456 Israel.

766 1491 926 1576 Sed,
978 1493 1152 1563 heu!
1199 1494 1473 1573 Rachel,
1517 1495 1583 1562 id
1634 1506 1758 1574 est,
1828 1495 2155 1572 Ecclesia,
2215 1492 2317 1559 fu-

764 1609 909 1667 rata
955 1609 1058 1669 est
1097 1600 1279 1668 idola
1333 1603 1546 1690 patris
1589 1604 1691 1668 sui
1719 1602 1766 1684 ¹,
1802 1600 2089 1668 Gentilis
2127 1598 2316 1665 scili-

762 1716 868 1775 cet
895 1706 1131 1797 populi
1164 1730 1178 1773 :
1225 1716 1291 1775 et
1328 1708 1480 1775 ideo
1521 1715 1679 1774 sunt
1720 1728 1928 1796 opera
1983 1726 2314 1772 manuum

762 1812 1150 1891 hominum,
1222 1837 1358 1881 non
1417 1813 1928 1887 l)ei·artiticio,
2020 1812 2160 1878 imo
2250 1819 2316 1877 et

762 1920 1233 1990 fraudulentiis
1281 1921 1670 2003 hominum,
1732 1931 1798 1988 et
1854 1921 2157 1987 humana
2200 1941 2317 2008 po-

762 2029 972 2099 tentia
1002 2028 1441 2098 fabricantur.
1479 2029 1780 2105 Baruch,
1817 2051 1911 2110 v1,
1949 2029 2033 2096 50
2081 2049 2095 2094 :
2157 2028 2314 2095 Non

758 2147 921 2204 sunt
949 2136 1076 2217 dii,
1107 2136 1233 2204 sed
1274 2159 1481 2228 opera
1520 2159 1858 2203 manuum
1922 2133 2311 2213 hominum,

760 2252 824 2312 et
850 2243 1132 2311 nullum
1158 2245 1293 2312 Dei
1319 2266 1491 2334 opus
1527 2266 1682 2310 eum
1736 2240 1907 2309 illis.
1970 2266 2003 2306 ι
2068 2241 2161 2309 Os
2197 2238 2316 2306 lta-

764 2350 941 2428 bent,
976 2361 1043 2420 et
1087 2374 1226 2419 non
1268 2351 1658 2442 loquentur,
1690 2377 1719 2413 n
1797 2349 2055 2441 aliquid
2120 2348 2311 2426 utile,

760 2457 878 2527 sed
973 2458 1441 2548 imperiosum,
1522 2467 1588 2525 et
1680 2455 2309 2525 comminatorium.

761 2566 1047 2657 Apocal.
1083 2590 1228 2649 xm,
1272 2573 1311 2634 2
1348 2589 1363 2633 :
1413 2567 1504 2636 Os
1541 2567 1698 2657 ejus
1742 2568 1922 2634 sieut
1957 2589 2032 2633 os
2072 2565 2312 2644 leonis,

764 2673 950 2765 quod
1015 2673 1201 2742 l'oetet
1257 2697 1381 2764 per
1434 2672 1810 2765 crapulam,
1887 2673 2143 2743 lacerat
2195 2693 2318 2762 per

763 2781 1279 2867 detractionem,
1372 2783 1553 2872 rugit
1641 2804 1764 2871 per
1841 2781 2318 2850 comminatio·

762 2911 946 2968 nem,
991 2887 1109 2958 sed
1138 2890 1219 2958 de
1249 2890 1728 2981 praedicatione
1752 2889 1949 2958 nihil.
2004 2889 2134 2957 lsa.
2178 2913 2312 2974 nvi,

767 3000 900 3067 10:
950 2997 1168 3067 Canes
1223 2997 1403 3064 muti
1464 3019 1600 3063 non
1668 2996 1969 3064 valentes
2026 2995 2310 3064 latrare.

766 3129 799 3171 α
838 3104 1090 3174 Oculos
1123 3102 1399 3185 liabent,
1434 3129 1469 3169 n
1511 3105 1595 3173 ad
1634 3102 2007 3173 videndum
2055 3113 2321 3197 tempo-

763 3211 958 3293 ralia,
1028 3235 1062 3278 e
1104 3221 1169 3279 et
1211 3234 1349 3280 non
1386 3211 1735 3296 videbunt,
1799 3238 1831 3279 n
1901 3211 2160 3305 aliquid
2234 3213 2319 3282 de

763 3317 1229 3411 spiritualibus
1282 3318 1505 3387 bonis.
1585 3317 1871 3387 Numer.
1915 3343 2107 3398 xxxv,
2175 3322 2309 3389 16:

767 3427 906 3513 Qui
933 3425 1179 3494 cadens
1207 3434 1477 3517 apertos
1503 3424 1707 3494 habet
1749 3427 2007 3495 oculos.
2068 3426 2310 3495 matth.

760 3556 877 3615 xv,
961 3534 1042 3601 14
1112 3555 1129 3600 ε
1200 3534 1423 3603 Sinite
1487 3534 1651 3601 illos
1707 3557 1732 3602 .·
1789 3537 1946 3603 caeci
1996 3545 2185 3617 sunt,
2253 3544 2317 3603 et

763 3641 965 3709 duces
1028 3662 1380 3708 coecorum.
1430 3668 1462 3703 «ι
1523 3642 1741 3741 ᾼιινοε
1802 3640 2081 3721 liabent,
2128 3667 2162 3708 ι
2231 3642 2316 3711 ad

764 3746 1219 3825 adulationes,
1284 3775 1316 3809 α
1378 3756 1442 3814 et
1523 3769 1660 3814 non
1716 3748 2004 3816 audient
2055 3777 2089 3812 n
2167 3773 2315 3819 cor-

767 3851 1124 3919 rectiones.
1188 3850 1211 3916 1
1272 3851 1357 3919 ad
1399 3849 1703 3919 Timoth.
1756 3875 1851 3932 iv,
1903 3854 1944 3920 4
1996 3876 2014 3921 ε
2073 3857 2133 3924 Α
2215 3878 2319 3923 vc-

766 3959 974 4025 ritate
1053 3957 1331 4048 quidem
1412 3956 1737 4024 auditum
1808 3969 2138 4040 avertent,
2222 3961 2322 4028 ad

762 4064 1055 4156 sabulos
1109 4074 1338 4132 autem
1414 4075 1908 4135 convertentur.
1982 4067 2312 4138 Proverb.

766 4193 883 4251 xv,
987 4172 1064 4238 ¹2
1138 4193 1154 4238 ε
1227 4158 1383 4240 ‘Non
1479 4180 1672 4238 amat
1760 4174 2089 4264 pestilens
2159 4198 2316 4244 eum

766 4277 891 4367 qui
949 4299 1022 4343 se
1081 4277 1389 4367 corripit.
1453 4274 1589 4345 Sed
1624 4278 1965 4349 Dominus
2017 4283 2319 4351 minatur

767 4383 866 4450 eis
905 4404 1026 4473 per
1047 4381 1447 4463 Jeremiam,
1476 4381 1733 4454 Jerem.
1775 4409 1896 4468 xu,
1940 4389 2014 4456 17
2061 4411 2079 4458 ε
2117 4388 2323 4475 Quod

762 4490 829 4557 si
861 4510 999 4557 non
1045 4487 1421 4568 audierint,
1469 4491 1764 4560 evellam
1808 4504 2077 4584 qentem
2112 4496 2317 4565 illam

765 4594 1113 4664 evulsione
1190 4605 1254 4662 et
1302 4595 1716 4687 perditione,
1785 4604 1889 4668 ait
1938 4604 2310 4672 Dominus.

769 4726 806 4768 e
836 4703 976 4772 Nec
1019 4712 1119 4769 est
1142 4703 1456 4795 spiritus,
1493 4729 1527 4770 ι
1570 4705 1835 4797 supple,
1880 4708 2129 4793 bonus,
2166 4740 2200 4776 κ
2242 4713 2316 4781 in

765 4831 882 4877 ore
924 4809 1257 4900 ipsorum.
1310 4838 1342 4870 n
1381 4808 1528 4894 Ille,
1583 4810 1667 4880 do
1706 4835 1870 4905 quo,
1909 4813 2113 4884 Joan.
2170 4841 2312 4904 xv1,

771 4914 851 4983 13
883 4937 900 4983 2
949 4914 1121 4984 Cum
1160 4925 1391 4983 autem
1430 4920 1684 4988 venerit
1712 4918 1838 4989 ille
1864 4921 2174 5015 Spiritus
2202 4949 2316 4993 ve-

761 5021 1017 5104 ritatis,
1081 5020 1343 5090 docebit
1400 5046 1515 5092 vos
1588 5049 1855 5095 omnem
1931 5032 2308 5100 veritatem.

763 5126 901 5196 Sed
973 5128 1247 5218 spiritus
1294 5131 1638 5211 vanitatis,
1717 5133 1801 5203 do
1878 5157 2044 5227 que,
2076 5138 2105 5206 1
2139 5139 2307 5233 Reg.

761 5255 954 5316 xvm,
1017 5236 1045 5301 1
1114 5260 1131 5303 :
1208 5236 1473 5306 Invasit
1531 5242 1821 5331 spiritus
1893 5245 2028 5311 Dei
2081 5246 2314 5314 malus

760 5338 966 5419 Saul,
1033 5350 1098 5407 et
1142 5343 1608 5436 prophetabat
1670 5348 1743 5414 in
1792 5348 2017 5417 medio
2067 5351 2315 5422 domus

759 5468 923 5515 suae.

838 5671 860 5710 ⁸
888 5673 973 5733 Ct.
1007 5675 1221 5736 cenes.
1248 5692 1407 5749 un,
1440 5681 1529 5737 ¹⁹.

1749 353 1831 421 D.
1882 354 2084 421 ALB.
2137 353 2359 421 MAG.
2410 354 2616 420 om).
2667 354 2961 421 PRAED.

2520 524 2853 596 «Similes
2890 527 3059 594 illis.
3098 551 3130 592 a
3165 526 3295 594 Hic
3331 528 3723 617 imprecatio
3754 554 3771 597 ε
3814 530 3959 619 pri-

2421 657 2561 713 mo,
2594 633 2829 702 talium
2859 633 3247 701 factoribus
3287 632 3627 717 Secundo,
3674 635 3962 703 cultori-

2420 741 2571 820 buS,
2615 742 2731 824 ibi,
2769 769 2801 808 α
2844 745 2937 810 Et
2967 765 3220 810 omnes.
3262 771 3294 804 »

2511 852 2686 918 Dicit
2714 874 2874 941 ergo
2908 876 2923 919 :
2955 853 3119 919 Tam
3160 875 3337 920 vana
3376 861 3534 920 sunt
3570 849 3956 928 simulacra,

2422 966 2487 1026 et
2515 967 2651 1024 tam
2685 958 2970 1041 inutilia,
3014 969 3079 1026 et
3112 988 3144 1024 α
3177 962 3301 1050 qui
3323 962 3596 1050 saciant
3623 984 3728 1042 ea,
3766 987 3799 1026 n
3833 958 3962 1026 hac

2422 1063 2791 1130 intentione
2857 1073 2930 1130 ut
2992 1064 3305 1132 colantur
3368 1066 3453 1133 ab
3532 1065 3957 1147 hominibuS,

2425 1196 2457 1231 α
2481 1169 2658 1258 fiant
2696 1169 2842 1236 illis
2867 1170 3150 1250 similes,
3188 1195 3221 1236 »
3266 1181 3341 1239 ut
3391 1172 3760 1241 reddantur
3808 1196 3963 1240 om-

2422 1277 2584 1344 nino
2634 1277 2790 1344 vani
2837 1286 2903 1344 et
2951 1278 3246 1346 inutiles.
3314 1278 3617 1368 Sapient.
3676 1302 3821 1358 xw,
3863 1280 3957 1347 8:

2422 1387 2558 1454 Per
2584 1407 2828 1452 manus
2854 1387 3041 1476 quod
3061 1387 3147 1475 fit
3187 1387 3481 1468 idolum,
3515 1388 3960 1456 maledictum

2423 1503 2518 1558 est
2547 1501 2610 1558 et
2639 1494 2889 1583 ipsum,
2932 1504 2995 1560 et
3022 1496 3146 1585 qui
3170 1493 3335 1582 secit
3366 1495 3575 1563 illud.

2516 1626 2546 1659 «
2607 1600 2701 1665 Et
2755 1621 2982 1666 omnes
3036 1601 3160 1690 qui
3203 1600 3559 1690 confidunt
3618 1603 3689 1669 in
3754 1602 3874 1678 εἰς,
3921 1625 3955 1666 ι

2420 1703 2714 1771 colentes
2769 1728 2849 1772 ea
2922 1715 3272 1797 tamquam
3329 1707 3492 1776 deos
3528 1730 3753 1776 veros.
3823 1707 3954 1775 isa.

2423 1836 2576 1888 xm,
2629 1815 2700 1879 Π
2740 1837 2754 1880 :
2790 1815 3326 1903 Confundamur
3361 1818 3758 1906 confusione
3840 1839 3959 1906 qm

2421 1921 2770 2008 confidunt
2842 1923 2913 1987 in
2983 1922 3322 2013 sculptili.
3402 1923 3775 1994 Deuteron.
3834 1945 3954 2004 vu,

2421 2030 2556 2094 26:
2597 2030 2751 2096 Non
2799 2032 3047 2119 inferes
3093 2033 3456 2123 quippiam
3504 2055 3590 2100 ea:
3652 2032 3842 2101 idolo
3885 2033 3959 2098 in

2422 2135 2699 2202 domum
2755 2145 2973 2216 tuam,
3033 2161 3115 2205 ne
3147 2139 3284 2227 fias
3331 2139 3725 2218 anatliema,
3781 2140 3960 2206 sicut

2421 2253 2484 2308 et
2523 2243 2711 2310 illud
2743 2253 2860 2311 est.
2899 2243 3010 2312 Sic
3039 2244 3380 2313 idolorum
3419 2256 3783 2329 amatoreS,
3825 2246 3961 2313 sci-

2421 2347 2573 2417 licet
2625 2350 2959 2417 malorum
3023 2351 3497 2433 praelatorum,
3557 2363 3623 2421 et
3653 2354 3958 2443 ipsorum

2421 2456 2740 2535 fautores,
2810 2457 3148 2527 maledicti
3222 2470 3383 2529 sunt
3444 2464 3620 2529 sicut
3674 2460 3797 2544 illi,
3895 2467 3962 2528 et

2421 2564 2688 2654 utrique
2717 2563 3194 2645 deservientes,
3239 2575 3305 2633 et
3352 2567 3507 2656 ipsi,
3549 2575 3616 2634 et
3653 2567 3957 2657 ipsorum

2422 2668 2874 2737 fabricatores.
2935 2669 3238 2761 Sapient.
3291 2696 3432 2756 xiv,
3473 2674 3514 2742 9
3557 2692 3574 2742 ε
3615 2672 3961 2743 Similiter

2422 2776 2578 2844 odio
2613 2787 2771 2842 sunt
2801 2779 2942 2844 Deo
3000 2779 3255 2868 impius
3302 2791 3366 2847 et
3412 2781 3728 2871 impietas
3773 2778 3952 2869 ejus·

2422 2879 2619 2963 Osee,
2653 2902 2746 2959 tx,
2786 2883 2864 2949 10
2900 2905 2915 2948 :
2965 2883 3166 2950 Facti
3216 2891 3379 2951 sunt
3433 2882 3952 2960 abominabiles,

2418 2989 2596 3056 sicut
2622 3010 2700 3055 ea
2728 3011 2880 3079 quae
2916 2989 3332 3058 dilexerunt.

2516 3327 2549 3367 ι
2591 3304 2851 3372 Domus
2885 3304 3129 3371 Israel.
3168 3328 3202 3369 ι
3248 3302 3378 3373 Hic
3432 3312 3533 3372 est
3568 3305 3762 3373 tertia
3799 3327 3956 3397 pars

2424 3409 2700 3488 Psalmi,
2742 3411 2812 3477 in
2842 3434 2974 3502 qua
3003 3413 3246 3481 invitat
3272 3411 3359 3480 ad
3396 3412 3665 3481 laudem
3695 3412 3820 3482 Dei
3852 3413 3955 3482 di-

2420 3541 2677 3599 versos,
2737 3528 2803 3587 et
2843 3520 3220 3589 distinctos.
3263 3519 3346 3587 Et
3384 3521 3605 3611 primo
3644 3522 3741 3590 sic
3799 3544 3816 3590 ε
3881 3520 3956 3588 ln

2421 3626 2639 3716 prima
2709 3635 2897 3718 parte
2969 3628 3208 3695 invitat
3287 3629 3522 3696 verbo.
3611 3627 3955 3705 Secundo,

2422 3732 2596 3801 lacto
2627 3741 2693 3801 et
2739 3733 3072 3825 exemplo,
3108 3734 3228 3816 ibi,
3260 3742 3323 3813 ᾗ.
3359 3737 3437 3804 21
3478 3756 3494 3802 :
3553 3736 3962 3805 Benedictus

2421 3840 2759 3910 Dominus
2785 3864 2871 3909 esc
2896 3841 3086 3911 Sion.
3126 3870 3158 3902 n

2511 3946 2588 4015 ln
2615 3950 2833 4038 prima
2865 3949 3180 4018 dicuntur
3215 3949 3377 4018 duo.
3423 3949 3682 4030 Primo,
3719 3972 3959 4019 omnes

2423 4055 2491 4122 in
2523 4077 2732 4122 unum
2791 4057 3033 4124 invitat
3094 4058 3180 4125 ad
3209 4056 3652 4126 laudandum.
3692 4056 3966 4126 Secun-

2422 4161 2534 4242 do,
2568 4164 2793 4231 statim
2826 4164 3224 4245 subdividit,
3267 4164 3386 4244 ibi,
3424 4192 3457 4232 ι
3502 4169 3769 4235 Domus
3812 4168 3961 4235 Aa·

2423 4293 2570 4339 ron.
2602 4299 2637 4336 ι

2511 4377 2638 4448 Ubi
2696 4381 2918 4469 primo
2985 4378 3228 4450 invitat
3300 4381 3591 4472 majores
3655 4390 3722 4452 et
3786 4382 3961 4452 alios

2424 4487 2769 4555 Praelatos.
2829 4486 3172 4566 Secundo,
3244 4489 3590 4557 ministros
3636 4489 3763 4557 sub
3829 4489 3962 4559 illis

2421 4595 2846 4679 constitutos,
2880 4594 2997 4675 ibi,
3029 4603 3093 4672 5.
3128 4598 3214 4665 20
3259 4617 3275 4664 :
3315 4621 3348 4661 ι
3389 4599 3656 4665 Domus
3688 4599 3876 4666 Levi.
3923 4622 3957 4663 s

2416 4702 2668 4784 Tertio,
2709 4702 3007 4771 minores
3045 4712 3114 4773 et
3156 4701 3490 4783 subditos,
3549 4702 3667 4786 ibi,
3727 4733 3761 4768 κ
3824 4704 3964 4791 Qui

2419 4809 2692 4875 timetis.
2730 4830 2765 4874 ι

2509 4914 2685 4984 Dicit
2720 4939 2882 5008 ergo
2917 4940 2934 4985 ε
2964 4915 3152 4985 Talia
3179 4924 3343 4985 sunt
3401 4915 3608 4999 idola,
3677 4925 3743 4986 et
3798 4918 3960 5010 potii

2422 5023 2602 5114 quod
2639 5024 2894 5094 similes
2923 5026 3086 5094 fiant
3113 5023 3412 5095 colentes
3455 5026 3595 5107 illa,
3660 5026 3778 5096 sed
3833 5048 3960 5095 vos

2419 5132 2535 5223 qui
2564 5133 2723 5202 estis
2756 5158 2789 5198 ι
2830 5134 3073 5203 domus
3104 5134 3346 5214 Israel,
3381 5162 3418 5202 ι
3451 5135 3520 5204 id
3557 5144 3682 5215 est,
3735 5134 3958 5203 Deum

2416 5239 2723 5308 videntes
2752 5241 2881 5310 fide
2911 5241 3223 5323 formata,
3258 5267 3295 5309 e
3329 5243 3695 5313 benedicite
3719 5244 3960 5314 Domi·

2414 5369 2600 5416 num.
2644 5373 2678 5409 1·
2710 5347 2974 5416 Daniel.
3020 5370 3119 5431 m,
3152 5350 3239 5419 83
3272 5372 3289 5418 :
3333 5350 3701 5420 Benedicat
3736 5351 3964 5422 Israel

2414 5456 2819 5537 Dominum,
2859 5478 3067 5547 opera
3095 5458 3241 5549 ejus
3271 5467 3339 5529 et
3374 5458 3956 5549 magnificentiam

4066 3455 4229 3503 Tertia

3987 3508 4314 3569 unffi-tu.
