5008 6329
398 2122 571 2192 uz

664 328 790 396 320

664 500 777 569 Sic
808 503 1027 571 David
1059 504 1102 579 ¹,
1147 508 1212 569 et
1238 501 1499 568 Daniel.
1536 525 1680 583 xm,
1729 503 1810 569 45
1849 524 1862 567 ε
1906 502 2202 570 Suscita·

661 611 754 675 vit
773 611 1110 676 Dominus
1147 608 1467 697 spiritum
1505 619 1814 676 sanetum
1848 609 2052 697 pueri
2073 607 2202 695 ju-

660 717 898 782 nioris.

748 822 832 888 Et
852 830 1079 890 tamen
1113 851 1146 887 «
1167 823 1702 913 justificationes
1721 833 1894 900 tuaS,
1930 850 1960 883 ι)
1997 843 2208 911 quan-

660 939 1105 1023 tumcumque
1149 941 1567 1016 contemnat,
1613 959 1644 993 «
1687 955 1820 999 non
1840 954 1992 997 sum
2024 930 2205 997 obli-

660 1048 789 1106 tus,
837 1065 870 1101 »
907 1038 1154 1130 Supra,
1208 1041 1281 1106 in
1336 1039 1577 1106 eodem
1636 1038 1910 1106 Psalmo
1970 1061 2199 1119 cxvnt,

661 1146 744 1212 93
779 1166 794 1211 2
841 1146 922 1212 ln
950 1156 1274 1213 “eternum
1302 1168 1439 1212 non
1468 1143 1834 1212 obliviscar
1850 1144 2207 1234 justifica-

664 1252 874 1318 tiones
903 1260 1077 1327 tuas,
1139 1252 1307 1341 quia
1355 1253 1428 1317 in
1459 1252 1622 1342 ipsis
1654 1252 2017 1341 vivificasti
2073 1273 2202 1318 me.

665 1357 819 1425 Non
885 1356 1084 1425 debet
1131 1358 1477 1425 contemni
1524 1357 2003 1435 adolescentia,
2058 1380 2206 1447 quae

666 1464 1314 1553 Deijustiticationes
1337 1488 1476 1533 non
1498 1464 1974 1533 obliviscitur]
1998 1464 2211 1532 ad't'i-

667 1571 880 1640 moth.
917 1597 1008 1656 ιν,
1046 1575 1126 1641 12
1162 1597 1177 1642 :
1212 1576 1425 1642 Nemo
1457 1574 1986 1641 adolescentiam
2018 1583 2208 1640 tuam

665 1691 1070 1758 contemnat,
1116 1680 1362 1749 dicitur
1396 1678 1755 1748 Timotheo
1797 1682 1867 1747 in
1908 1680 2029 1747 Dei
2088 1679 2210 1766 ju-

664 1786 1182 1856 stificationibus
1208 1788 1497 1856 erudito.

756 2130 790 2171 α
819 2106 1105 2173 Iustitia
1137 2113 1278 2173 tua.
1331 2133 1363 2167 »ι
1408 2105 1537 2173 llic
1581 2105 1883 2188 tertium,
1943 2103 2012 2170 in
2070 2125 2206 2194 quo

663 2212 1097 2303 subjungitur
1124 2235 1330 2280 causa
1358 2221 1426 2282 et
1446 2213 1616 2281 ratio
1648 2234 1855 2305 quare
1876 2210 2022 2278 vult
2051 2234 2210 2279 con·

664 2324 900 2404 temni,
934 2331 1001 2392 et
1030 2345 1241 2414 quare
1279 2323 1801 2412 justificationes
1850 2344 1987 2389 non
2030 2320 2210 2387 obli-

661 2430 942 2499 viscitur
973 2452 988 2496 ε
1016 2439 1081 2498 et
1109 2429 1413 2520 tangitur
1439 2428 1713 2520 duplex.
1755 2428 2012 2504 Primo,
2039 2449 2209 2518 prm·

664 2538 779 2605 mii
856 2537 1223 2605 aetemitns.
1314 2534 1657 2619 Secundo,
1733 2535 2207 2626 promissionis

664 2648 938 2729 veritaS,
974 2644 1091 2723 ibi,
1137 2671 1173 2708 α
1213 2647 1310 2712 Et
1350 2645 1464 2712 Iex
1492 2656 1635 2711 tua.
1673 2669 1707 2709 ι

753 2753 865 2820 Ait
910 2775 1126 2843 ergo:
1188 2751 1304 2819 Sic
1345 2761 1772 2831 contemnor,
1833 2774 1957 2819 nec
2013 2774 2202 2828 curu,

661 2860 778 2929 sed
814 2859 1130 2929 adhaereo
1143 2859 1767 2950 justificationibus,
1802 2860 1961 2951 quia
2030 2886 2062 2923 ι
2085 2858 2209 2948 ju-

657 2969 850 3036 stitia
887 2976 1033 3047 tua,
1074 2996 1106 3029 »ι
1139 2989 1276 3058 qua
1322 2965 1546 3035 reddis
1601 2966 1968 3057 unicuique
2009 2966 2206 3055 juxta

661 3075 925 3154 merita,
975 3074 1241 3166 supple,
1299 3081 1401 3142 est
1476 3099 1509 3140 ι
1533 3071 1820 3163 justitia
1872 3076 1940 3140 in
2006 3084 2207 3142 εισι·-

657 3205 849 3266 mem,
886 3209 919 3248 ι
980 3191 1233 3251 aeterna
1297 3180 1576 3266 scilicet,
1663 3190 1727 3251 et
1801 3184 2203 3273 promittens

658 3301 906 3362 {eterna
935 3290 1119 3360 bona
1173 3290 1398 3369 bonis,
1444 3292 1551 3360 vel
1589 3298 1842 3359 :eterna
1872 3291 2202 3383 supplicia

658 3401 880 3472 malis.
926 3401 1316 3494 Sapient.1,
1384 3402 1504 3470 15:
1536 3402 1823 3470 lustitia
1875 3411 2206 3492 perpetua

657 3517 754 3576 est
790 3507 1329 3576 etoimmorlalis.
1363 3505 1631 3575 Daniel.
1668 3530 1762 3583 tx,
1798 3507 1883 3574 22
1916 3530 1933 3573 ι
1983 3509 2208 3575 Donec

658 3615 968 3684 deleatur
994 3615 1352 3707 iniqnitaS,
1388 3623 1455 3683 et
1499 3613 1887 3682 adducatur
1918 3612 2207 3704 justitia

658 3723 1095 3814 sempiterna.

746 3854 782 3895 ι
817 3831 913 3897 Et
957 3828 1072 3896 lea·
1117 3837 1264 3908 tua,
1302 3854 1336 3894 ι
1397 3849 1549 3919 qum
1615 3849 1741 3895 nos
1796 3826 1993 3896 docet
2050 3828 2203 3910 ista,

661 3965 694 4006 ι
728 3939 1000 4007 veritas.
1037 3963 1071 4003 ι
1114 3936 1402 4006 Malacli.
1457 3959 1529 4015 ιι,
1573 3938 1615 4002 ti
1649 3957 1665 4006 ε
1711 3940 1851 4006 Lex
1901 3938 2206 4005 ueritatis

655 4046 797 4134 suit
824 4046 895 4114 in
923 4066 1040 4112 ore
1093 4043 1272 4134 ejus,
1332 4042 1588 4112 scilicet
1636 4043 1826 4126 Levi,
1875 4043 1957 4111 de
2012 4045 2209 4133 cujus

656 4155 864 4245 stirpe
893 4152 1166 4244 Moyses
1193 4151 1544 4244 legislator
1568 4152 1719 4222 tuit.
1757 4152 1835 4220 tit
1877 4176 2055 4221 nova
2085 4175 2210 4221 ve-

658 4263 843 4344 ritas,
873 4261 1074 4330 Joan.
1107 4283 1275 4346 xva,
1323 4261 1402 4329 Π
1449 4283 1466 4329 :
1499 4265 1735 4328 Somno
1765 4272 1922 4329 tuns
1960 4264 2208 4330 veritas

658 4375 775 4435 est.
813 4364 1101 4458 Propter
1137 4363 1269 4434 hoc
1298 4365 1415 4456 qui
1467 4367 1770 4433 veritatis
1817 4375 1978 4436 sunt
2015 4388 2210 4434 ama-

662 4486 869 4557 tores,
954 4474 1239 4544 audiunt
1306 4495 1577 4556 vocem,
1638 4480 1705 4542 et
1786 4474 2007 4564 legem
2055 4472 2200 4542 nei.

660 4585 867 4656 Joan.
899 4606 1094 4668 xvnt,
1126 4580 1210 4651 37
1254 4601 1272 4651 z
1310 4582 1551 4650 Omnis
1595 4583 1720 4673 qui
1746 4592 1842 4649 est
1896 4607 1982 4649 ea·
2032 4584 2211 4650 reri-

667 4703 833 4777 tate,
866 4691 1066 4762 audit
1092 4713 1316 4759 vocem
1357 4712 1603 4758 meam.

759 5037 795 5075 α
834 5005 1215 5079 Tribulatio
1260 5017 1325 5075 et
1368 5007 1711 5097 anqustia.
1756 5033 1787 5070 ιι
1853 5005 1976 5074 llic
2014 5028 2212 5098 quar·

674 5127 844 5196 tum,
900 5116 972 5184 iu
1026 5138 1165 5207 quo
1220 5113 1521 5205 tangitur
1582 5114 2082 5203 perseverantia
2139 5113 2206 5181 in

674 5224 881 5307 bono,
908 5222 983 5301 in
1014 5220 1450 5290 tribulatione
1474 5227 1541 5289 et
1577 5219 1874 5289 miseria.
1919 5219 2068 5289 Duo
2096 5243 2212 5288 er-

671 5354 760 5424 go
798 5332 1136 5400 dicuntur.
1188 5329 1452 5414 Primo,
1493 5329 1922 5399 miseriarum
1973 5330 2209 5398 multi-

671 5438 970 5532 plicatio,
1028 5444 1094 5506 et
1151 5437 1324 5504 intra
1380 5444 1446 5505 et
1487 5444 1694 5504 extra.
1746 5437 2090 5520 Secundo,
2134 5439 2203 5505 in

738 5673 757 5712 ¹
786 5674 810 5730 1
839 5671 975 5744 neg.
1009 5684 1142 5736 χιιι,
1178 5667 1262 5724 u.

1653 329 1733 394 D.
1786 328 1985 395 ΑΕΒ.
2041 327 2254 395 MAG.

2312 327 2518 395 ont).
2572 326 2866 393 PRAED.

2313 500 2495 567 hono
2525 501 2904 568 constantia
2933 521 3086 566 cum
3121 498 3207 565 ad
3230 499 3412 578 litur,
3460 527 3492 560 «
3528 502 3870 568 Mandata

2315 617 2464 675 tua.
2516 635 2548 670 »

2400 717 2580 785 Dicit
2611 739 2773 806 ergo
2810 741 2823 784 :
2870 715 2983 784 Sic
3030 716 3358 805 ignorans
3413 722 3478 780 et
3520 725 3872 805 contemp·

2312 831 2421 890 tus
2457 847 2637 902 sum,
2683 832 2751 892 et
2787 832 3013 891 tamen
3053 831 3402 906 onustam,
3445 827 3612 912 quia
3652 848 3686 889 α
3751 834 3874 889 trt-

2310 931 2603 1011 baluzio,
2639 957 2673 997 ι
2716 933 3031 1012 exterior,
3069 956 3103 997 α
3163 939 3227 998 et
3274 933 3627 1019 anqustia,
3674 956 3708 996 ι
3763 932 3874 997 in-

2311 1040 2521 1107 terior
2576 1039 2819 1117 cordi3‚
2879 1065 2913 1104 ι
2956 1040 3360 1106 invenerunt
3415 1059 3523 1102 me
3598 1065 3633 1101 υ
3675 1060 3874 1129 para-

2311 1156 2457 1216 tum
2487 1146 2637 1214 illas
2675 1148 3006 1214 sustinere
3034 1152 3388 1235 gratanter
3422 1152 3490 1211 et
3528 1145 3864 1214 laetanter.

2315 1256 2471 1324 Scio
2512 1257 2696 1325 enim
2743 1254 2909 1321 illud
2955 1252 3295 1344 Apostoli,
3340 1251 3403 1317 ΙῙ
3439 1254 3522 1320 ad
3559 1253 3864 1321 Timoth.

2313 1386 2408 1441 ιιι,
2450 1365 2530 1430 12
2566 1385 2582 1430 :
2644 1363 2890 1432 Omnes
2928 1362 3051 1452 qui
3082 1363 3200 1452 pie
3248 1359 3490 1426 volunt
3539 1363 3759 1429 vivere
3797 1362 3868 1427 in

2319 1471 2585 1540 Christo
2637 1472 2826 1548 les-u,
2880 1468 3418 1559 persecutionem
3479 1469 3862 1557 patientur.

2314 1580 2464 1649 Act.
2495 1603 2639 1664 xiv,
2682 1581 2760 1646 21
2813 1601 2829 1646 ε
2888 1582 3024 1647 Per
3061 1576 3327 1645 multas
3383 1576 3870 1646 tribulationes

2313 1696 2575 1780 oportet
2610 1709 2732 1755 nos
2772 1687 3029 1754 intrare
3059 1686 3131 1751 in
3169 1705 3460 1773 reqnnm
3507 1686 3861 1754 coelorum.

2315 1796 2510 1865 Unde
2564 1795 2828 1886 gaudeo
2866 1816 3023 1862 cum
3074 1793 3143 1860 in
3203 1798 3405 1881 portu
3444 1814 3553 1861 me
3613 1794 3861 1862 sentio.

2314 1905 2601 1995 Propter
2630 1901 2810 1994 quod
2866 1902 3135 1984 dicitur,
3180 1899 3340 1976 soh,
3392 1899 3489 1979 νἰ,
3537 1902 3618 1969 to
3657 1925 3673 1970 :
3706 1903 3870 1970 Ilaec

2313 2013 2488 2079 milti
2511 2012 2605 2079 sit
2648 2009 3048 2089 consolatio,
3100 2017 3177 2075 ut
3206 2007 3524 2097 affliqens·
3563 2031 3695 2089 me,
3739 2007 3870 2075 do-

2318 2115 2453 2182 lori
2477 2137 2613 2181 non
2635 2120 2909 2205 parcat.

2404 2353 2438 2394 α
2524 2326 2864 2396 Mandata
2928 2334 3074 2392 tua.
3155 2348 3186 2389 a
3261 2323 3392 2390 llic
3455 2323 3861 2393 secundum.

2314 2434 2522 2515 Quasi
2560 2433 2812 2502 diceret
2856 2455 2871 2499 z
2921 2431 3034 2499 Sic
3075 2433 3487 2499 invenerunt
3535 2455 3645 2501 me
3687 2430 3871 2499 mala

2317 2539 2531 2608 multa
2572 2558 2590 2607 ε
2641 2545 2708 2605 et
2746 2544 2974 2605 tamen
3015 2562 3051 2600 α
3103 2533 3466 2603 meditatio
3505 2558 3657 2602 mea
3696 2544 3795 2602 est
3830 2561 3863 2596 »

2313 2650 2457 2739 ipsa
2500 2675 2535 2711 α
2567 2647 2897 2714 mandata
2929 2654 3050 2713 tua
3094 2670 3128 2709 ιι
3163 2643 3247 2711 de
3280 2642 3643 2712 dilectione
3684 2666 3873 2711 sem-

2315 2780 2435 2849 per
2490 2755 2802 2825 habenda
2843 2757 2910 2823 in
2967 2763 3058 2832 te,
3119 2760 3187 2821 et
3225 2754 3295 2819 in
3353 2754 3698 2842 proximo.
3761 2751 3869 2819 Ad

2315 2866 2605 2933 Roman.
2659 2886 2803 2941 vin,
2858 2864 2940 2930 35
2984 2885 2999 2929 ε
3046 2862 3219 2947 Quis
3255 2861 3609 2950 separabit
3655 2883 3780 2929 nos
3825 2884 3870 2928 a

2312 2974 2648 3041 charitate
2704 2968 3029 3041 Christi?
3064 2967 3502 3036 tribulatio?
3555 2978 3685 3038 etc.
3740 2968 3872 3037 Jo-

2313 3103 2458 3163 sue,
2503 3102 2551 3159 1,
2574 3080 2635 3148 .8
2677 3099 2693 3145 t
2730 3078 2880 3146 Non
2912 3075 3179 3144 recedat
3209 3075 3531 3143 volumen
3567 3076 3741 3169 teqis
3779 3073 3869 3144 ab

2313 3212 2426 3257 ore
2453 3197 2596 3256 tuo.
2631 3189 2730 3255 De
2757 3207 2899 3263 orc,
2934 3186 3243 3276 inquam,
3279 3181 3504 3251 cordis
3537 3205 3554 3250 ε
3590 3205 3867 3252 necesse

2314 3304 2414 3364 est
2470 3294 2651 3387 quod
2735 3291 3102 3384 aliquando
3186 3290 3271 3359 de
3347 3312 3466 3358 ore
3530 3292 3863 3382 corporis.

2314 3402 2571 3471 Cantic.
2615 3422 2761 3477 vni,
2794 3401 2832 3466 'i
2878 3421 2893 3466 :
2935 3402 3153 3488 Aquae
3182 3395 3447 3477 multae,
3492 3397 3873 3467 tribulatio·

2314 3532 2478 3578 num
2510 3516 2576 3577 et
2622 3506 3121 3598 angustiarum,
3161 3526 3297 3572 non
3332 3512 3713 3594 potnerunt
3742 3527 3869 3572 ex-

2311 3618 2657 3708 stinquere
2683 3615 3116 3683 charitatem.

2407 3969 2441 4005 α
2467 3941 2801 4032 ,Ἐᾳιιίἱαε
2819 3939 3211 4006 testimonia
3246 3933 3475 4006 tuaP»
3502 3936 3630 4006 llic
3671 3959 3874 4030 quar·

2317 4058 2382 4118 ta
2429 4046 2731 4117 conditio
2794 4068 2811 4114 ε
2864 4054 3501 4138 quantumcumque
3531 4045 3719 4113 enim
3758 4067 3870 4114 ac-

2316 4164 2588 4227 cusator
2630 4156 2736 4226 sui
2776 4155 2888 4237 sit,
2920 4161 3557 4247 quantumcumque
3584 4153 3864 4231 zelator,

2316 4273 2946 4359 quantumcumque
3027 4260 3314 4330 humilis
3399 4268 3468 4329 et
3547 4270 3874 4331 constans

2321 4370 2672 4448 t‘raelatus.
2707 4377 2935 4437 tamen
2966 4389 3106 4436 non
3136 4365 3322 4455 valet
3348 4364 3433 4433 ad
3465 4365 3870 4459 regendum,

2318 4478 2375 4546 si
2417 4500 2558 4547 non
2600 4475 2787 4544 sitin
2834 4497 2917 4544 eo
2960 4473 3275 4565 (equitas,
3318 4478 3397 4539 ut
3434 4493 3574 4540 non
3614 4475 3704 4541 sit
3731 4494 3880 4541 om-

2318 4586 2484 4655 nino
2515 4584 2818 4675 acceptio
2856 4603 3307 4673 personarum
3344 4577 3527 4671 apud
3577 4580 3799 4650 Deum
3854 4602 3871 4649 ε

2320 4703 2385 4763 et
2417 4692 2737 4762 dicuutur
2762 4690 2917 4761 tria.
2958 4688 3225 4771 Primo,
3267 4690 3635 4757 contitetur
3665 4689 3877 4756 bene-

2318 4801 2472 4870 ficio
2523 4798 2696 4890 legis
2732 4820 2806 4867 se
2850 4795 3101 4867 habere
3146 4794 3567 4887 aequitatem.
3623 4795 3881 4865 Secun-

2320 4907 2436 4988 do,
2484 4908 2656 4998 petit
2700 4905 2868 4996 legis
2914 4901 3467 4994 intelligentiam,
3505 4901 3623 4984 ibi,
3679 4931 3711 4966 ι
3756 4904 3882 4971 In-

2324 5015 2672 5083 tellectum
2712 5012 2805 5082 da
2843 5012 3038 5081 milti.
3078 5035 3113 5078 ι
3156 5009 3414 5088 Tertio,
3456 5032 3887 5102 conseqeun·

2322 5129 2462 5191 tem
2503 5120 2660 5190 inde
2705 5119 2926 5211 tangit
2967 5117 3361 5203 utilitatem,
3402 5117 3523 5195 ibi,
3560 5145 3597 5184 ι
3643 5120 3739 5187 Et
3776 5117 3887 5186 vi-

2328 5252 2515 5299 vam.
2558 5255 2591 5293 ι

2414 5338 2531 5404 Ait
2559 5356 2723 5427 ergo
2757 5354 2774 5402 ε
2821 5331 2935 5401 Sic
2965 5333 3032 5401 in
3085 5329 3531 5401 tribulatione
3561 5339 3884 5403 constans

2317 5468 2497 5526 sum,
2530 5452 2598 5511 et
2623 5462 2992 5535 persevero
3027 5462 3045 5508 t
3077 5446 3147 5508 et
3176 5439 3387 5507 etiam
3423 5462 3456 5503 ι
3491 5440 3884 5509 testimonia

3984 3952 4163 4018 114
