5008 6329
644 260 764 324 122
1641 270 1716 335 n.
1774 272 1969 341 ΑΕΒ,
2025 276 2240 343 MAG.
2295 279 2498 347 oen.
2556 285 2848 356 PRAED.

638 428 877 500 fluctus
917 435 1088 523 ejus,
1123 448 1189 506 et
1218 441 1288 504 in
1318 447 1606 517 tantum,
1645 444 1829 532 quod
1871 471 1902 509 ι(
1960 469 2182 512 ascen·

639 536 810 605 dunt
872 563 1080 632 usque
1127 546 1224 610 ad
1264 544 1488 626 coelos,
1545 575 1577 611 n
1641 550 1902 639 judicio
1963 550 2182 621 homi-

636 669 825 732 num,
857 650 962 716 vel
995 674 1208 740 usque
1250 653 1335 719 ad
1381 656 1611 737 coelos‚
1657 659 1741 726 ad
1781 661 1966 729 illam
2019 687 2179 754 par-

2286 465 2628 543 surgente,
2718 460 3027 528 turbatur
3128 473 3348 533 totum
3434 466 3826 556 aliquando.

2284 559 2523 629 Ezech.
2567 586 2777 645 xxvii,
2821 567 2903 632 27
2946 577 3012 635 et
3041 570 3125 637 28
3182 596 3196 638 ε
3235 574 3496 641 Cadent
3528 575 3594 640 in
3633 572 3833 640 corde

2283 676 2496 741 maris
2528 676 2597 741 in
2645 677 2755 744 die
2782 681 3000 746 ruinae
3031 691 3189 747 tuse.
3225 686 3282 749 Α
3313 686 3545 750 sonitu
3584 683 3837 750 clamo-

633 764 767 821 tcm
834 758 1007 824 aeris
1064 781 1213 848 quae
1271 761 1513 832 dicitur
1578 769 1847 836 coelum.
1928 771 2169 839 Matth.
2283 781 2378 846 ris
2420 781 2958 869 qubernatorum
2998 797 3278 854 tuorum
3321 789 3833 855 conturbabun-

635 885 775 938 xm,
819 864 859 929 4
928 885 944 930 ε
1016 867 1111 933 Et
1165 883 1491 940 venerunt
1528 877 1836 945 volucres
1875 880 2055 957 coeli,
2114 891 2177 947 et
2281 895 2396 951 tur
2415 886 2685 956 classes.
2721 891 2802 958 Et
2832 902 3018 975 nota,
3053 893 3239 984 quod
3268 903 3372 962 est
3400 894 3826 962 conturbatio
3855 908 4174 1008 Con't‘arpnip

629 970 1059 1040 comederunt
1084 999 1233 1045 ea.«
1273 983 1369 1048 Et
1399 983 1809 1049 descendunt
1848 1008 2064 1076 usque
2083 986 2179 1054 ad
2279 992 2742 1063 admirationis
2765 1002 2831 1066 in
2855 1002 3545 1084 rationabili,Cantic.
3569 1026 3660 1082 vt,
3702 1003 3772 1067 11
3804 1024 3819 1068 :
3873 976 4153 1114 ‘'libyn‘'

627 1077 924 1170 abyssos,
962 1112 995 1147 »
1041 1087 1108 1154 id
1143 1096 1265 1166 est,
1314 1089 1397 1155 ad
1446 1089 1849 1179 abyssorum
1896 1096 2174 1183 prosun-
2276 1101 2529 1167 Anima
2562 1124 2709 1169 mea
2753 1107 3183 1174 conturbavit
3211 1133 3320 1175 me
3340 1120 3620 1201 propter
3643 1132 3823 1199 qua·
3877 1084 4021 1168 νὀἶιῖἷ
4042 1084 4143 1170 211⁹(-

626 1185 732 1254 da.
795 1189 976 1260 Psal.
1033 1216 1188 1270 κου,
1253 1196 1343 1261 4ε
1405 1197 1766 1267 Mirabiles
1843 1202 2171 1272 elationes
2276 1205 2515 1296 driqas
2543 1211 2956 1279 Aminaa'ab.
3004 1212 3164 1283 Luc.
3202 1237 3247 1292 1,
3294 1216 3421 1283 29:
3472 1218 3637 1299 Quae
3665 1238 3820 1282 cum
3890 1178 4142 1280 331133.

625 1300 859 1375 maris,
894 1299 1240 1367 mirabilis
1269 1303 1338 1368 in
1370 1303 1535 1371 altis
1574 1309 1938 1380 Dominus,

345 4962 464 5033 25

714 1537 746 1575 α
779 1515 1032 1583 Anima
1074 1539 1332 1587 eorum.
1367 1551 1395 1585 υ
1469 1524 1594 1592 llic
1640 1508 2044 1609 secundum,
2097 1530 2166 1596 in

622 1638 756 1705 quo
789 1622 980 1688 tactis
1005 1625 1320 1713 periculis
1366 1640 1783 1700 monstratur
1822 1636 2167 1724 periculo-

620 1750 770 1795 rum
826 1727 1282 1802 vehementia.
1326 1734 1413 1803 Et
1460 1736 1591 1806 hoc
1629 1762 1751 1829 per
1779 1744 1958 1811 tria:
2004 1746 2165 1834 quia

619 1837 847 1904 anima
876 1836 1114 1907 effecta
1144 1851 1245 1909 est
1276 1842 1533 1925 tabida,
1562 1854 1637 1913 ut
1668 1852 1859 1938 quasi
1915 1874 2163 1943 eorpus

618 1967 887 2014 movere
920 1969 1057 2015 non
1106 1952 1320 2039 possit
1366 1976 1381 2019 :
1434 1962 1500 2021 et
1555 1957 1850 2039 turbata,
1910 1970 1984 2028 ut
2040 1984 2159 2052 pa·

615 2075 760 2121 cem
809 2057 1113 2125 amiserit
1160 2058 1228 2125 in
1280 2063 1551 2152 seipsa:
1612 2073 1678 2133 et
1707 2066 2057 2158 ignorans,
2088 2079 2164 2139 ut

615 2163 804 2251 quasi
838 2174 1170 2234 excaecata
1202 2169 1288 2236 sit
1327 2170 1472 2257 ejus
1512 2171 1983 2265 intelligentia.
2041 2177 2161 2247 Se-

613 2271 934 2346 cundum.
993 2274 1113 2360 ibi,
1162 2284 1223 2354 ἵ.
1270 2279 1406 2347 2”1;
1467 2309 1499 2343 α
1557 2283 1845 2352 Turbati
1894 2298 2081 2355 sunt.
2119 2318 2153 2353 ι

608 2378 935 2461 Tertium,
973 2382 1091 2467 ibi,
1129 2410 1163 2449 ι
1194 2387 1292 2454 Et
1319 2389 1540 2457 omnis
1568 2393 1937 2484 sapientia.
1974 2427 2005 2460 υ

704 2487 875 2556 Dicit
913 2512 1075 2581 ergo
1120 2513 1136 2557 :
1194 2492 1308 2562 Sic
1358 2495 1605 2565 ssuctus
1646 2503 2045 2583 ascendunt,
2090 2516 2158 2576 et

609 2594 1048 2685 descendunt,
1082 2609 1150 2669 et
1178 2610 1366 2671 tanta
1404 2614 1506 2673 est
1554 2606 1933 2690 tribulatio,
1971 2617 2154 2705 quod

612 2729 643 2767 ι
677 2706 912 2773 anima
939 2729 1199 2787 eorum,
1228 2737 1262 2773 n
1286 2712 1356 2779 in
1387 2711 1493 2781 his
1526 2716 1720 2785 malis
1743 2723 2149 2810 poenalibuS,

607 2841 637 2871 u
674 2811 1072 2882 tabescebat.
1113 2816 1327 2897 asub,
1361 2842 1525 2905 xxx,
1566 2824 1644 2892 16
1687 2847 1703 2893 :
1748 2828 1831 2896 In
1871 2844 2153 2899 memet-

607 2921 751 3010 ipso
798 2926 1147 2993 marcescit
1207 2930 1444 2997 anima
1485 2953 1661 3015 mea,
1704 2944 1768 3002 et
1796 2941 2152 3027 possident

604 3050 709 3092 me
743 3026 888 3096 dies
926 3030 1360 3120 afflictionis.
1407 3034 1523 3104 Sic
1569 3043 1905 3134 contingit
1955 3046 2151 3116 Prae-

601 3130 777 3203 latis.
836 3137 1231 3211 Ascendunt
1292 3145 1529 3213 mundi
1602 3152 2150 3240 perturbationes

601 3242 968 3334 aliquando
1023 3271 1239 3341 usque
1286 3252 1372 3320 ad
1430 3254 1890 3329 turbationem
1922 3265 2151 3353 majo-

604 3374 780 3429 rum.
834 3353 1253 3426 descendunt
1292 3382 1508 3453 usque
1555 3363 1639 3433 ad
1679 3368 2145 3441 turbationem

603 3458 1018 3530 intimorum.
1051 3463 1210 3544 Job,
1243 3488 1375 3545 ιιι,
1419 3472 1505 3537 22
1541 3495 1557 3541 :
1601 3474 1993 3547 Fet-vescere
2024 3483 2149 3571 la-

597 3568 727 3634 ciet
751 3571 956 3658 quasi
997 3571 1216 3641 ollam
1248 3578 1685 3667 profundum
1718 3587 1957 3653 maris.
1995 3586 2146 3658 olla

602 3674 669 3741 in
697 3672 1046 3745 bulliendo
1075 3679 1281 3749 modo
1312 3683 1643 3769 elevatur,
1679 3690 1887 3759 modo
1926 3692 2147 3785 depri-

602 3782 829 3865 mitur,
897 3791 963 3852 et
1042 3796 1201 3856 tunc
1274 3791 1525 3862 cadunt
1580 3796 2145 3887 pusillanimitate

602 3890 856 3972 miseri,
897 3899 964 3959 et
1018 3892 1397 3967 tabescunt.
1451 3900 1757 3993 Sapient.
1817 3930 1960 3990 xvi,
2003 3911 2142 3981 26:

597 3996 869 4089 Inqrati
891 4022 1042 4092 spes
1087 4013 1444 4096 tamquam
1480 4009 1862 4084 hibernalis
1885 4016 2148 4108 qlacies

599 4103 908 4186 tabescet,
942 4119 1014 4178 et
1057 4110 1381 4204 disperiet
1418 4125 1775 4210 tamquam
1813 4148 2001 4215 aqua
2030 4150 2143 4194 su·

592 4233 957 4301 pervacua.
1000 4213 1185 4285 Psal.
1222 4241 1355 4300 cxi,
1394 4224 1476 4292 ¹0
1509 4247 1527 4292 z
1574 4227 1906 4297 Peccator
1949 4232 2146 4301 vide-

602 4318 724 4402 bit,
763 4328 828 4387 et
856 4321 1208 4405 irascetur,
1251 4326 1569 4401 dentibus
1602 4336 1751 4404 suis
1798 4339 2051 4426 fremet
2078 4352 2145 4411 et

594 4423 905 4505 tabescet,
971 4449 1129 4498 cum
1168 4429 1442 4506 deberet
1482 4442 1818 4530 patienter
1892 4469 2143 4539 exspe-

592 4541 796 4603 ctare.
831 4532 915 4603 Et
943 4535 1131 4616 alibi.
1202 4538 1380 4611 Psal.
1422 4568 1706 4628 xxxvm,
1748 4553 1825 4619 12
1870 4575 1886 4621 :
1925 4554 2143 4624 Tabe·

590 4664 769 4711 scere
780 4644 1193 4735 lecistisicut
1206 4673 1533 4724 araneam
1554 4658 1866 4728 animam
1882 4685 2134 4736 meam.

695 4988 728 5023 α
795 4963 1080 5036 Turbati
1128 4981 1316 5041 sunt.
1399 4999 1432 5040 s
1489 4974 1662 5050 Ecce
1726 4984 2131 5057 secundum.

596 5061 801 5145 Quasi
837 5068 1087 5143 diceret
1119 5097 1137 5144 ε
1169 5076 1526 5153 Tabel'acta
1582 5095 1683 5155 est
1742 5091 1997 5172 anima,
2041 5095 2135 5162 ita

591 5182 666 5242 ut
705 5196 841 5244 non
870 5194 1178 5255 moveret
1204 5209 1453 5280 corpus
1494 5214 1511 5261 :
1553 5201 1622 5263 et
1658 5199 1863 5267 etiam
1898 5230 1932 5264 κ
1974 5209 2134 5269 tur-

591 5280 738 5350 bati
758 5298 920 5356 sunt
953 5293 1133 5363 sicut
1167 5297 1422 5380 ebrius,
1461 5313 1526 5370 ct
1570 5307 1763 5377 moti.
1802 5339 1835 5372 n
1867 5308 2135 5382 Turba-

591 5389 683 5459 tio
749 5404 943 5465 sonat
1023 5402 1437 5497 principium
1486 5410 1947 5486 instabilitatis
2022 5420 2133 5488 in-

587 5499 851 5569 terioris
878 5505 942 5573 in
976 5506 1221 5580 affectu
1254 5535 1270 5581 :
1313 5516 1556 5599 motio,
1589 5520 1660 5589 in
1688 5545 2132 5596 consumma-

590 5606 794 5677 tione.
836 5609 1249 5688 Turbatione
1297 5624 1479 5692 enim
1549 5627 1618 5695 in
1678 5631 1848 5699 mari
1889 5634 2127 5703 mundi

2276 1316 2599 1402 audisset,
2659 1320 2940 1389 turbata
2995 1332 3092 1389 cst
3150 1324 3220 1389 in
3270 1345 3577 1390 sermone
3636 1323 3815 1412 ejus.

2273 1420 2545 1490 Doloris
2602 1426 2673 1492 in
2729 1429 3266 1519 concupiscibili,
3332 1430 3515 1499 Psal.
3568 1452 3663 1510 vt,
3713 1429 3809 1498 4:

2270 1533 2525 1599 Anima
2580 1557 2730 1603 mea
2789 1535 3067 1605 turbata
3120 1549 3217 1606 est
3254 1538 3459 1605 valde
3486 1560 3511 1606 .·
3546 1537 3668 1605 sed
3710 1548 3813 1617 tu,

2269 1639 2587 1724 Domine,
2612 1664 2957 1734 usquequo
2985 1641 3026 1711 ?
3050 1644 3343 1712 Timoris
3373 1645 3446 1712 in
3470 1643 3813 1722 irascibili,

2271 1748 2509 1817 Matth.
2571 1773 2641 1831 11,
2690 1750 2729 1818 3
2774 1773 2790 1820 ε
2841 1751 3149 1819 Audiens
3214 1763 3444 1820 autem
3517 1751 3816 1820 Herodes

2270 1879 2413 1938 rex,
2447 1856 2765 1925 turbatus
2815 1867 2936 1943 est,
2977 1869 3104 1928 etc.
3151 1856 3634 1951 Occupationis
3675 1861 3816 1927 ina-

2269 1965 2399 2046 nis,
2431 1963 2595 2033 Luc.
2636 1989 2703 2048 x,
2736 1966 2815 2033 41
2859 1990 2875 2035 ε
2923 1968 3229 2046 Martha,
3271 1969 3580 2048 Martha,
3619 1965 3815 2036 solli·

2268 2073 2406 2140 cita
2445 2095 2536 2149 es,
2569 2082 2634 2139 et
2670 2073 3001 2154 turbaris,
3044 2084 3175 2144 etc.

2358 2177 2494 2249 Sed
2524 2179 2879 2272 culpabilis
2909 2181 3129 2267 valde,
3161 2182 3437 2274 quando
3468 2182 3708 2251 accidit
3723 2204 3807 2250 ex

2265 2286 2613 2368 ebrietate,
2647 2314 2797 2380 quae
2837 2291 3051 2359 multa
3102 2291 3285 2359 mala
3318 2292 3497 2360 facit.
3532 2291 3810 2383 Depau·

2263 2404 2476 2487 perat,
2519 2395 2726 2466 Eccli.
2761 2420 2901 2481 xix,
2949 2400 2977 2465 1
3019 2420 3034 2466 :
3074 2398 3453 2491 Operarius
3507 2397 3808 2466 ebriosus

2261 2527 2395 2571 non
2430 2503 2992 2595 locupletabitur.
3025 2505 3301 2575 Secreta
3332 2507 3613 2583 revelat,
3643 2505 3811 2575 Pro·

2258 2614 2446 2681 verb.
2510 2637 2695 2694 xxxi,
2747 2615 2789 2681 4-
2861 2639 2876 2684 :
2946 2615 3248 2684 Nullum
3323 2629 3654 2687 secretum
3710 2626 3808 2684 est

2260 2719 2382 2789 ubi
2421 2731 2663 2810 reynat
2717 2721 3029 2789 ebrietas.
3081 2719 3421 2791 Virtutem
3481 2724 3802 2801 minorat,

2259 2828 2464 2897 Eccli.
2509 2851 2697 2909 xxxi,
2741 2830 2825 2897 40
2861 2853 2876 2897 :
2938 2829 3319 2899 Ebrietatis
3369 2832 3802 2911 animositas,

2259 2937 2709 3028 imprudentis
2736 2939 3044 3029 offensio,
3078 2940 3435 3008 minorans
3456 2941 3801 3019 virtutem,

2258 3053 2322 3112 et
2372 3046 2637 3134 faciens
2691 3046 3001 3116 vulnera.
3051 3047 3402 3117 Amaricat
3468 3049 3796 3128 animam,

2257 3151 2462 3222 Eccli.
2523 3177 2709 3233 xxxx,
2744 3154 2828 3224 39
2856 3178 2889 3223 .:
2957 3154 3376 3226 Amaritudo
3416 3156 3667 3226 anima·
3706 3158 3803 3225 ci·

2256 3286 2424 3331 num
2463 3264 2765 3333 multum
2797 3277 3144 3357 potatum.
3194 3264 3441 3346 inlicit,
3511 3276 3576 3335 et
3607 3289 3806 3336 vene·

2256 3380 2399 3454 nat,
2445 3371 2769 3442 Proverb.
2816 3397 3007 3454 xxm,
3035 3376 3111 3445 31
3148 3385 3216 3446 et
3236 3376 3323 3447 32
3367 3377 3515 3446 :Ne
3544 3377 3806 3445 intuea-

2257 3480 2353 3547 ris
2385 3481 2615 3548 cinum
2636 3481 2916 3573 quando
2933 3482 3268 3572 flavescit,
3298 3505 3455 3551 cum
3479 3483 3807 3574 splendu-

2256 3589 2386 3655 erit
2415 3588 2484 3654 in
2518 3589 2691 3656 vitro
2728 3588 2918 3657 color
2943 3589 3123 3679 ejus.
3157 3591 3561 3681 Inqreditur
3586 3590 3796 3659 blan-

2256 3693 2363 3770 de.
2393 3694 2603 3763 sedin
2624 3696 2988 3765 novissimo
3018 3696 3357 3767 mordebit
3395 3707 3474 3766 ut
3498 3695 3800 3767 coluber.

2255 3803 2624 3874 Hominem
2655 3829 2692 3875 a
2713 3808 2939 3899 seipso
2968 3806 3244 3886 alienat,
3268 3806 3640 3878 auferendo
3657 3830 3800 3888 cor,

2257 3911 2454 3992 Osee,
2515 3936 2608 3996 tv,
2686 3917 2752 3983 ll
2809 3916 3271 3999 :Fornicatio,
3312 3924 3380 3984 et
3416 3938 3680 3996 vinum,
3739 3925 3803 3984 et

2255 4021 2543 4090 ebrietas
2578 4027 2912 4115 auserunt
2937 4047 3074 4093 cor.
3108 4024 3169 4091 A
3211 4024 3358 4094 Deo
3390 4046 3513 4118 per
3539 4036 3804 4118 aposta·

2255 4131 2423 4198 siam
2485 4140 2776 4222 separat,
2841 4128 3223 4213 Eecli.xtx‚
3281 4132 3322 4201 2
3362 4154 3389 4203 .·
3442 4135 3681 4202 Vinum
3740 4141 3803 4201 et

2253 4232 2576 4303 mulieres
2600 4243 2994 4327 apostatare
3007 4236 3286 4325 faciunt
3302 4238 3666 4329 sapientes.
3688 4236 3803 4305 Sic

2254 4338 2545 4409 inebriat
2583 4340 2934 4411 materiale
2970 4343 3237 4412 vinum.
3303 4340 3443 4413 Sed
3470 4352 3573 4413 est
3610 4343 3802 4434 spiri·

2255 4449 2433 4519 tuale
2471 4451 2735 4533 vinum,
2782 4450 2968 4542 quod
3012 4451 3305 4521 inebriat
3346 4451 3796 4544 periculosius

2253 4557 2571 4643 multum,
2612 4558 2866 4628 scilicet
2904 4559 3187 4628 scientia
3222 4557 3592 4629 secularis.
3637 4559 3800 4629 Ber-

2251 4665 2502 4735 nardus
2547 4687 2564 4736 :
2638 4694 2673 4731 α
2733 4664 3032 4736 Scientia
3099 4665 3444 4737 secularis
3508 4666 3798 4737 inebriat

2252 4802 2287 4840 ι
2328 4773 2744 4859 curiositate,
2793 4795 2936 4843 non
2979 4770 3358 4845 charitate:
3419 4772 3789 4860 inebrians,

2251 4909 2285 4948 ι
2331 4904 2468 4951 non
2507 4880 2815 4952 reficiens
2846 4902 2864 4953 ε
2899 4880 3216 4974 implens.
3259 4905 3401 4953 non
3432 4885 3784 4953 nutriens:

2249 5014 2285 5056 ι
2318 5011 2635 5072 onerans,
2669 5011 2809 5060 non
2848 4987 3059 5059 robur
3083 4988 3420 5083 praebens.

2338 5230 2372 5269 ι
2425 5205 2523 5274 Et
2558 5204 2781 5274 omni-s
2853 5205 3199 5298 sapientia
3253 5223 3516 5275 eorum.
3564 5231 3600 5269 ιι
3665 5204 3795 5275 llic

2247 5315 2549 5396 tertium,
2590 5312 2844 5397 scilicet
2888 5314 3073 5406 quod
3111 5312 3405 5384 efficitur
3441 5315 3788 5407 ignorans.

2330 5424 2446 5493 Ait
2474 5425 2658 5494 enim
2694 5446 2710 5493 ε
2747 5422 2863 5492 Sic
2890 5423 3119 5493 anima
3150 5423 3436 5495 tabescit
3461 5434 3649 5496 mota
3683 5433 3793 5495 :et

2243 5530 2448 5599 etiam
2494 5561 2529 5594 α
2569 5531 2790 5599 amnis
2842 5531 3185 5623 sapientia
3240 5554 3503 5616 eorum,
3546 5560 3580 5595 ιο
3637 5553 3791 5624 quae

2244 5636 2312 5704 in
2370 5637 2599 5706 anima
2663 5643 2954 5716 constat,
3007 5665 3040 5702 α
3082 5636 3411 5707 devorata
3468 5646 3590 5720 est,
3636 5663 3668 5700 a
3702 5633 3790 5704 ad
