5008 6329
1888 375 2602 446 COMMENTARIUS
2653 376 2747 444 IN
2797 375 3231 444 PSALMUM
3282 373 3587 442 CXVIII.

1123 553 1448 621 Proverb.
1484 574 1726 629 xxvm,
1759 553 1842 620 5:
1902 550 2045 617 Viri
2092 548 2269 615 mali
2310 570 2446 614 non
2494 547 2686 637 coqi-

1121 672 1273 729 tant
1315 660 1682 750 judicium
1708 683 1731 726 .·
1816 659 1940 749 qui
2014 667 2246 724 autem
2324 654 2688 744 inquirunt

1120 772 1522 851 Dominum,
1561 769 2127 838 animadvertunt
2165 766 2420 830 omnia.
2466 762 2687 848 Hujus

1121 900 1385 947 memor
1422 877 1547 957 fui,
1594 903 1628 943 «
1674 887 1738 944 et
1786 874 2178 944 consolatus
2222 891 2378 937 sum
2429 894 2462 934 n
2508 869 2689 960 cogi-

1121 996 1270 1055 tans
1338 995 1594 1078 quanta
1655 986 1784 1053 erit
1854 987 2250 1050 sanctorum
2308 977 2541 1045 laetitia
2605 977 2687 1044 de

1121 1096 1396 1163 miseria
1422 1095 1731 1163 illorum.
1777 1088 1965 1158 Psal.
2008 1110 2168 1172 nvn,
2210 1088 2283 1154 11
2317 1109 2332 1153 :
2380 1085 2684 1155 Laetabi-

1122 1211 1235 1269 tur
1252 1203 1498 1291 justus
1526 1221 1686 1267 cum
1717 1196 1968 1265 viderit
1997 1195 2404 1273 vindictam,
2433 1215 2684 1260 manus

1119 1331 1307 1392 suas,
1341 1316 1467 1375 etc.
1512 1306 1602 1373 Et
1629 1312 1733 1372 est
1753 1302 2094 1394 judicium
2134 1303 2400 1379 mortiS,
2435 1300 2518 1368 de
2548 1321 2684 1390 quo

1120 1413 1328 1482 Eccli.
1377 1434 1670 1489 xxxvm,
1732 1411 1861 1478 23:
1919 1411 2190 1477 Memor
2241 1415 2377 1475 esto
2417 1404 2690 1495 judicii

1122 1522 1299 1589 mei:
1327 1521 1426 1587 sic
1454 1520 1639 1586 enim
1669 1519 1800 1586 erit
1836 1526 1902 1584 et
1949 1526 2172 1584 tuum.
2231 1538 2265 1579 ι
2305 1516 2403 1581 E't
2448 1535 2683 1580 conso-

1124 1631 1311 1699 latus
1335 1650 1519 1708 sum,
1556 1654 1592 1691 ι»
1628 1628 1793 1719 quia
1823 1648 2054 1718 supra,
2090 1624 2162 1692 in
2191 1621 2375 1693 Psal.
2410 1645 2565 1704 cxv,
2600 1623 2679 1690 5:

1120 1738 1435 1807 Pretiosa
1465 1738 1539 1804 in
1577 1743 1937 1826 conspectu
1964 1732 2255 1803 Domini
2302 1753 2486 1798 mors
2528 1753 2687 1797 san-

1120 1856 1386 1916 ctorum
1423 1846 1604 1936 ejus.
1641 1844 1729 1912 Et
1766 1851 1870 1913 est
1899 1840 2235 1934 judicium
2266 1839 2681 1923 afflictionis,

1121 1977 1256 2047 quo
1289 1964 1446 2022 tuos
1495 1952 1748 2044 affligis
1785 1951 1857 2018 in
1906 1949 2253 2042 praesenti,
2311 1955 2380 2016 et
2424 1947 2496 2015 in
2552 1944 2684 2014 hoc

1121 2066 1269 2153 ipso
1345 2058 1752 2129 consolaris,
1822 2056 1934 2126 Ad
1988 2054 2198 2124 Hebr.
2259 2077 2382 2134 xu,
2445 2055 2530 2121 5:
2589 2055 2686 2119 Et

1122 2169 1325 2238 obliti
1351 2170 1512 2237 estis
1540 2165 2061 2246 consolationis,
2103 2187 2256 2256 quae
2285 2163 2475 2232 vobis
2500 2172 2685 2231 tam-

1120 2301 1328 2370 quam
1365 2278 1545 2366 filiis
1575 2275 1917 2367 loquitur,
1951 2274 2138 2343 Deus
2176 2271 2454 2341 seilicet.
2502 2271 2685 2340 Pro-

1119 2394 1271 2478 pter
1306 2385 1440 2454 hoc
1469 2384 1746 2465 dicitur,
1787 2382 1949 2463 Job,
1980 2405 2076 2463 vt,
2111 2383 2151 2451 9
2184 2388 2251 2450 et
2284 2381 2407 2448 10:
2440 2380 2685 2450 Solvat

1120 2517 1407 2562 ’nanum
1443 2516 1679 2574 suam,
1750 2501 1814 2560 et
1866 2491 2177 2561 succidat
2212 2512 2342 2558 me.
2384 2492 2481 2557 Et
2544 2489 2686 2557 lzaec

1121 2601 1295 2669 milti
1321 2602 1418 2669 sit
1454 2599 1870 2679 consolatio,
1909 2610 1989 2668 ut
2025 2597 2356 2689 asfliqens
2402 2619 2513 2665 me
2556 2595 2687 2664 do-

1126 2710 1291 2788 lore,
1343 2732 1482 2777 non
1528 2717 1809 2800 parcat.
1855 2705 1941 2773 Et
1979 2714 2079 2774 est
2128 2703 2464 2795 judicium
2519 2727 2685 2797 pro-

1118 2817 1374 2907 prium,
1420 2837 1557 2905 quo
1590 2813 1809 2882 Filius
1842 2811 1969 2881 Dei
2006 2810 2352 2902 judicatus
2398 2811 2552 2891 suit,
2599 2811 2682 2880 de

1121 2946 1285 3016 quo,
1319 2923 1529 2993 Eccli.
1572 2943 1673 3002 ιιι,
1716 2922 1759 2988 2
1794 2943 1811 2988 :
1851 2919 2213 2991 Iudicium
2242 2919 2495 3011 μαινίς,
2555 2918 2683 2987 Dei

1121 3029 1308 3124 quod
1372 3028 1561 3098 dedit
1627 3027 1828 3109 Filio,
1885 3027 2145 3106 audite,
2200 3024 2366 3116 filii.
2421 3025 2507 3095 Et
2551 3024 2685 3094 hoc

1120 3138 1659 3211 consolatorium
1698 3142 1803 3206 est
1866 3134 2306 3216 Sanctorum,
2366 3132 2450 3204 de
2515 3155 2679 3227 quo,

1122 3254 1191 3319 in
1231 3248 1412 3317 l‘sal.
1455 3269 1622 3329 xxu,
1668 3247 1753 3315 ⁴:
1811 3246 2018 3337 Virqa
2074 3254 2223 3324 tua,
2283 3254 2348 3313 ct
2394 3241 2683 3312 baculus

1124 3369 1311 3443 tuus,
1344 3358 1496 3449 ipsa
1528 3379 1639 3424 mc
1672 3353 2033 3424 consolata
2068 3362 2254 3421 sunt.

1214 3704 1249 3740 α
1299 3679 1612 3769 Dejectio
1670 3677 1894 3746 tenuit
1923 3699 2051 3746 me.
2096 3702 2132 3744 ι
2195 3676 2323 3746 Ilio
2374 3676 2676 3756 tertium,

1121 3787 1190 3854 in
1231 3809 1371 3879 quo
1408 3785 1853 3878 subjungitur
1906 3784 2357 3856 nihilominus
2404 3783 2681 3856 aissictio

1118 3916 1245 3986 pro
1306 3891 1782 3985 spiritualibus
1839 3894 2137 3963 miseriis
2201 3892 2542 3962 aliorum:
2614 3901 2682 3964 et

1120 3998 1439 4069 dicuntur
1504 3996 1670 4067 duo.
1732 3998 2000 4087 Primo,
2055 4001 2279 4092 tangit
2327 4002 2680 4093 propriam

1119 4108 1586 4190 afflictionem,
1619 4130 1841 4201 usque
1897 4107 1985 4178 ad
2030 4109 2507 4180 delectionem.
2562 4109 2683 4180 Se-

1119 4216 1369 4298 cundo,
1430 4216 1774 4286 rationem
1835 4215 2019 4287 illius
2066 4216 2487 4301 delectionis,
2555 4218 2677 4301 ibi,

1128 4356 1162 4391 ι
1188 4329 1332 4398 Pro
1357 4324 1867 4420 peccatoribus.
1899 4354 1936 4391 ι

1205 4432 1387 4502 Dicit
1423 4454 1591 4526 ergo
1622 4454 1639 4501 ε
1670 4432 1787 4503 Sic
1813 4431 2206 4504 consolatus
2226 4457 2379 4503 sum
2402 4443 2521 4505 tua
2540 4458 2681 4506 me·

1117 4539 1340 4610 ditans
1384 4538 1674 4631 judicia,
1719 4549 2054 4634 quantum
2092 4549 2196 4611 est
2241 4542 2325 4612 de
2365 4565 2519 4614 me:
2559 4543 2679 4615 sed

1116 4657 1448 4743 quantum
1477 4648 1567 4720 ad
1603 4647 1804 4731 alios,
1839 4673 1876 4717 a
1904 4648 2195 4741 desectio
2224 4652 2446 4720 tenuit
2469 4675 2603 4735 me,
2638 4676 2673 4720 s

1102 4752 1222 4828 'vel
1266 4784 1301 4826 ι
1343 4757 1655 4838 toedium,
1717 4784 1751 4821 ιο
1815 4756 2197 4828 secundum
2253 4757 2461 4829 aliam
2501 4757 2679 4831 litte-

1114 4888 1286 4946 ram,
1321 4871 1391 4934 et
1426 4863 1707 4933 afflictio
1737 4863 1992 4946 cordis,
2045 4893 2083 4931 σε
2124 4888 2257 4958 pro
2290 4869 2675 4960 peccatori-

1115 4971 1241 5041 bus
1303 4969 1941 5064 derelinquentibus
2021 4972 2240 5065 leqem
2302 4984 2500 5044 tuam
2532 4999 2556 5045 .·
2636 5002 2668 5043 n

1115 5088 1380 5150 tantum
1415 5077 1562 5148 zelo
1603 5077 1804 5148 arder
1840 5103 1966 5171 pro
1995 5078 2181 5150 bono
2230 5079 2533 5153 illorum.
2566 5081 2676 5154 In·

1111 5191 1236 5271 Ira,
1270 5189 1342 5258 in
1378 5187 1626 5258 eodem
1688 5186 1970 5258 Psalmo
2018 5211 2248 5272 exvni,
2312 5194 2492 5264 139:
2538 5195 2676 5263 Ta-

1114 5292 1368 5365 bescere
1396 5318 1505 5364 me
1556 5295 1725 5385 lecit
1769 5292 1963 5362 zelus
1997 5316 2213 5376 meus,
2263 5298 2433 5389 quia
2470 5297 2675 5367 obliti

1107 5414 1272 5473 sunt
1313 5402 1520 5472 verba
1551 5410 1677 5471 tua
1733 5401 2003 5471 inimici
2052 5403 2212 5476 mei.
2277 5403 2535 5476 Thren.
2594 5427 2667 5485 n,

1116 5513 1236 5582 11:
1267 5511 1686 5601 Defecerant
1725 5532 1875 5602 prae
1908 5506 2236 5600 lacrymis
2279 5510 2471 5582 oeuli
2508 5514 2667 5600 mei,

1111 5617 1520 5691 conturbata
1547 5629 1712 5687 sunt
1739 5620 1999 5688 viscera
2034 5640 2213 5703 mea,
2249 5624 2548 5715 effusum
2575 5632 2674 5692 est

1114 5731 1184 5797 in
1248 5739 1431 5796 terra
1477 5724 1693 5816 jecur
1730 5748 1959 5796 nieum
2007 5750 2216 5821 super
2268 5732 2672 5799 contritione

4216 374 4346 440 269

2799 544 2974 634 filiae
3004 544 3255 635 populi
3302 545 3457 611 mei.
3503 542 3615 610 Sic
3662 541 4020 609 deficiebat
4062 540 4348 619 PauluS,

2801 648 2867 716 11
2935 648 3020 716 ad
3050 648 3355 737 Corinth.
3390 671 3484 727 x1,
3519 650 3643 715 29:
3696 649 3866 732 Quis
3918 649 4344 736 infirmatur,

2802 767 2863 825 et
2892 780 3014 848 eqo
3043 780 3175 824 non
3213 756 3525 845 infirmor
3549 754 3588 821 Ρ
3616 757 3769 844 quis
3796 755 4346 833 scandalizatur,

2801 875 2863 933 et
2893 890 3013 957 eqo
3043 889 3176 932 non
3209 888 3371 933 uror
3396 863 3436 931 ?
3466 863 3528 930 ΙΙ
3558 863 3736 931 Petr.
3774 886 3845 941 ιι,
3890 864 3930 929 8
3970 885 3984 929 :
4023 864 4349 930 Animam

2787 975 3065 1065 justam
3098 975 3354 1064 iniquis
3383 971 3695 1064 operibus
3724 969 4149 1040 cruciabant.

2891 1303 2926 1340 «
2980 1272 3370 1344 Cantabiles
3425 1273 3598 1341 milti
3660 1282 3876 1339 erant.
3927 1300 3960 1336 υ
4030 1273 4157 1341 llic
4215 1282 4343 1341 ter-

2794 1388 2993 1468 tium,
3054 1408 3138 1455 ex
3176 1407 3311 1477 quo
3375 1392 3475 1452 est
3537 1384 3915 1452 consolatio
3972 1383 4346 1475 Scriptura·

2797 1518 2977 1577 rum,
3038 1494 3317 1583 justitiae
3374 1491 3726 1560 meditatio
3802 1500 3869 1560 et
3950 1492 4175 1560 lectio.
4264 1491 4350 1560 Et

2797 1603 3098 1691 tangitur
3134 1601 3355 1691 primo
3386 1598 3761 1667 consolatio
3801 1608 4084 1691 propter
4124 1599 4350 1692 Scrip-

2798 1717 3005 1786 turas,
3067 1716 3134 1778 et
3197 1707 3441 1775 modos
3506 1706 3930 1775 consolandi.
3999 1705 4344 1785 Secund0,

2792 1818 2983 1889 locus
3048 1820 3119 1889 in
3179 1842 3313 1911 quo
3371 1818 3571 1888 datur
3624 1816 3769 1886 haee
3817 1818 4224 1903 consolatio,
4275 1827 4353 1888 ut

2794 1932 3016 2021 major
3043 1938 3385 2022 appareat,
3426 1929 3545 2008 ibi,
3593 1957 3627 1994 α
3669 1931 3750 1997 In
3794 1929 3966 1998 loco.
4014 1954 4047 1994 n

2880 2038 2999 2106 Ait
3060 2040 3286 2107 enim:
3350 2035 3462 2105 Sic
3527 2036 3920 2105 consolatus
3976 2059 4130 2105 sum
4182 2060 4352 2129 pro-

2795 2145 3146 2225 missione,
3198 2144 3614 2234 judiciorum
3683 2154 3959 2213 tuorum
4043 2145 4352 2214 recorda-

2794 2253 3008 2338 tione,
3050 2262 3117 2322 et
3179 2253 3492 2345 quamvis
3530 2251 3839 2320 deficiam
3890 2251 4113 2321 aliena
4151 2253 4353 2321 mise·

2800 2366 2925 2449 rin,
2970 2372 3037 2433 et
3065 2365 3626 2455 transgressione,
3660 2372 3892 2432 tamen
3939 2390 3970 2426 α
3986 2364 4353 2454 justifica-

2794 2474 3008 2542 tiones
3035 2482 3198 2552 tuae,
3244 2496 3277 2536 n
3332 2471 3695 2561 Scripturae
3742 2493 3977 2549 sacroe,
4027 2471 4350 2539 mandata

2780 2578 3228 2671 justificantia
3286 2579 3736 2660 continentes,
3803 2606 3837 2639 α
3916 2587 4114 2645 crant
4177 2578 4351 2645 milei

2790 2684 3195 2765 cantabiles,
3240 2713 3275 2749 n
3316 2685 3490 2752 sicut
3518 2683 3856 2752 cantilena
3886 2684 4344 2766 delectabiles,

2791 2816 2947 2864 cum
2984 2790 3135 2860 illas
3163 2793 3416 2884 cogito,
3450 2790 3643 2882 lego:
3679 2787 3918 2870 x·el,ad
3950 2790 4244 2859 litteram
4278 2792 4346 2858 in

2790 2903 3092 2975 Ecclesia
3128 2902 3437 2973 decanto.
3476 2901 3551 2971 In
3583 2901 3763 2970 l‘sal.
3797 2924 3919 2986 vu,
3980 2904 4042 2987 1,
4090 2921 4338 2995 supra:

2794 3019 3086 3087 Cantate
3135 3015 3432 3085 Domino
3496 3014 3839 3082 canticum
3872 3038 4151 3084 novum.
4218 3014 4338 3083 Ju-

2789 3127 2960 3210 dith,
3000 3149 3142 3209 xvi,
3176 3128 3218 3196 2
3250 3149 3273 3195 .·
3317 3127 3603 3198 Cantate
3659 3125 3962 3195 Domino
4012 3126 4082 3194 in
4148 3148 4341 3219 cym-

2790 3237 2992 3307 balis.
3028 3234 3321 3305 Multum
3353 3235 3536 3303 enim
3565 3234 3879 3302 solantur
3940 3234 4336 3327 Scripturzr,

2786 3347 2946 3432 Job,
3013 3370 3222 3422 xxxv.
3281 3348 3403 3416 ¹0:
3458 3347 3599 3433 Qui
3656 3345 3846 3413 dedit
3900 3346 4212 3413 carmina
4270 3348 4340 3415 in

2785 3464 2998 3525 nocte.
3034 3453 3352 3524 Carmina
3403 3454 3473 3522 in
3530 3462 3757 3536 nocte,
3812 3454 4181 3546 Scriptura}
4239 3476 4344 3523 sa·

2787 3589 2916 3638 erae
2946 3568 3016 3637 iu
3060 3564 3526 3637 tribulatione.
3571 3564 3678 3633 Ad
3736 3564 4036 3644 Roman,
4095 3589 4210 3652 xv,
4254 3569 4337 3636 4:

2791 3680 3251 3771 Quaecumque
3295 3678 3553 3771 scripta
3618 3687 3805 3754 sunt,
3875 3677 3976 3745 ad
4035 3687 4342 3747 nostram

2786 3786 3171 3857 doctrinam
3212 3787 3470 3878 scripta
3514 3796 3700 3866 sunt,
3763 3795 3842 3855 ut
3896 3809 4026 3878 per
4063 3788 4344 3880 patien-

2789 3895 2962 3963 tiam
3038 3902 3105 3962 εἰ
3194 3892 3725 3963 consolationem
3812 3894 4340 3986 scripturarum

2781 4021 2971 4094 spem
3008 3998 3407 4069 habeamus.

2878 4132 2913 4173 a
2954 4109 3038 4177 In
3107 4106 3254 4175 loco
3312 4104 3891 4196 pereqrinationis
3948 4127 4136 4186 meae,
4192 4131 4224 4172 n
4266 4106 4339 4175 in

2784 4217 2915 4288 hac
2952 4218 3121 4301 vita,
3162 4239 3314 4311 quoe
3340 4217 3796 4309 peregrinatio
3833 4225 3960 4285 est.
3997 4215 4057 4283 11
4090 4215 4177 4286 ad
4211 4216 4341 4288 Co-

2783 4324 2992 4396 rinth.
3021 4347 3095 4407 v,
3136 4325 3220 4394 6:
3255 4326 3442 4394 Dum
3469 4346 3711 4392 sumus
3750 4324 3824 4391 in
3862 4345 4171 4416 corpore,
4205 4348 4332 4417 pe-

4475 1329 4599 1394 54

2781 4437 3224 4529 reqrinamur
3249 4459 3293 4503 a
3322 4434 3646 4503 Domino.
3710 4432 3945 4502 Sancti
3993 4434 4177 4502 enim
4211 4457 4330 4526 pe·
4415 4443 4579 4491 saecu
4606 4444 4653 4490 tn

4362 4496 4456 4544 bne
4478 4501 4574 4542 vita
4594 4512 4676 4555 ps·

2781 4543 3032 4637 regrini
3079 4551 3262 4623 sunt,
3321 4541 3504 4633 quod
3562 4539 3829 4632 probat,
3876 4542 4038 4633 quia
4079 4543 4148 4610 in
4202 4541 4331 4613 hac
4412 4551 4610 4609 reatin!-

2781 4656 2923 4725 vita
2975 4676 3115 4724 non
3170 4652 3502 4721 oedilicant
3575 4673 3826 4741 magna
3872 4649 4150 4743 palatia,
4209 4654 4329 4723 sed

2779 4769 3170 4854 exspectant
3218 4768 3499 4841 aeterna,
3536 4757 3643 4826 Ad
3700 4756 3909 4838 liebr,
3979 4782 4128 4843 xm,
4198 4761 4323 4830 tt:

2775 4869 2933 4939 Non
2987 4865 3314 4936 habemus
3339 4866 3452 4935 hic
3511 4874 3894 4934 manentem
3954 4867 4327 4953 civitatem,

2774 4976 2898 5046 sed
2932 4978 3250 5068 suturam
3319 4974 3756 5066 inquirimus.
3828 4970 4009 5054 Quia
4064 4998 4336 5066 semper

2775 5085 2984 5155 finem
3013 5082 3170 5152 vitm
3223 5104 3362 5151 suoe
3401 5079 3856 5160 considerant,
3900 5077 4033 5150 Isa.
4089 5103 4328 5163 xxxin,

2783 5192 2907 5261 17:
2945 5189 3149 5261 Oculi
3176 5188 3332 5279 ejus
3360 5195 3630 5255 cement
3675 5197 3931 5255 terram
3962 5186 4047 5256 de
4102 5186 4327 5281 lonqe.

2777 5297 2955 5380 Quia
3012 5296 3238 5365 minus
3280 5318 3487 5388 quam
3541 5303 3833 5386 possunt
3877 5317 3951 5365 so
4010 5307 4327 5380 onerant,

2775 5408 2951 5477 sicut
3006 5404 3106 5475 illi
3158 5404 3324 5473 boni
3380 5403 3748 5496 peregrini,
3807 5404 3927 5496 qui
3985 5403 4328 5491 dicebant,

2776 5511 3018 5584 Matth.
3086 5534 3228 5592 xlx,
3296 5512 3426 5582 27:
3483 5511 3659 5580 Ecce
3730 5533 3854 5579 nos
3919 5512 4332 5605 reliquimus

2776 5624 3035 5706 omnia,
3097 5628 3227 5691 etc.
3284 5619 3463 5702 Quia
3524 5619 3860 5711 pretiosas
3925 5630 4149 5690 vestes
4186 5644 4328 5691 non

2777 5741 3041 5816 curant,
3087 5731 3206 5802 sed
3235 5730 3706 5801 tantummodo
3747 5733 4186 5812 necessarias,
4219 5756 4323 5803 se·
