5008 6329
708 393 835 462 262

707 563 909 651 vifica
972 584 1101 640 me,
1156 585 1191 625 n
1252 558 1653 627 charitatem
1713 560 2131 629 infundendo
2190 561 2260 625 in

709 691 844 749 me,
887 668 1002 756 qui
1068 688 1219 732 sum
1260 673 1574 734 mortuus
1633 690 1714 735 ex
1779 690 1888 735 me
1934 691 1949 735 :
2006 676 2072 735 et
2139 666 2268 734 hoc

712 776 952 842 nonin
992 795 1170 853 mea,
1205 772 1323 840 sed
1356 798 1390 839 ι
1426 776 1498 841 in
1547 783 1670 841 tua
1719 761 2066 863 aequitate,
2113 799 2145 838 n
2198 772 2265 840 id

714 889 840 961 est,
885 882 953 946 in
995 878 1290 962 Christe,
1325 881 1580 950 scilicet
1604 904 1724 970 per
1753 880 2124 958 Christum,
2150 881 2265 969 qui

712 996 832 1055 tua
862 996 961 1056 est
987 992 1297 1080 aequitas.
1351 988 1502 1073 Illa,
1564 991 1872 1078 inquam,
1907 1010 2114 1077 quam
2145 1012 2268 1078 pe-

712 1094 901 1163 tebat
949 1094 1108 1174 Job,
1186 1118 1378 1173 xxm,
1414 1096 1482 1173 7,
1561 1094 1833 1161 dicens:
1913 1096 2269 1184 Proponat

711 1204 1104 1293 aequitatem
1125 1211 1365 1269 contra
1385 1223 1514 1267 me.
1533 1199 1635 1265 Ibi
1655 1198 1898 1267 Glossa
1920 1222 1935 1267 :
1963 1226 2000 1265 α
2025 1198 2271 1290 AEqui-

714 1331 749 1373 ι
790 1314 894 1375 tas
914 1306 1198 1396 judicia,
1231 1304 1572 1372 mediator
1622 1303 1750 1372 Dei
1810 1310 1877 1372 et
1904 1302 2267 1371 hominum

715 1439 750 1481 e
786 1412 1095 1482 Christus
1147 1412 1372 1479 Jesus.
1411 1436 1446 1477 n
1513 1411 1672 1479 Alia
1721 1410 1950 1480 littera
2002 1409 2208 1478 habet
2247 1433 2261 1476 ε

714 1545 748 1586 ι
776 1519 1155 1609 injustitia,
1183 1544 1218 1584 n
1243 1526 1310 1587 et
1330 1520 1475 1609 ipse
1484 1519 1772 1609 justitia.
1800 1518 1936 1587 Iad
1955 1516 2263 1587 Corinth.

711 1650 762 1706 t,
796 1626 881 1695 30
916 1647 934 1693 ε
965 1628 1084 1693 Ex
1111 1627 1259 1717 ipso
1289 1649 1406 1694 vos
1452 1628 1609 1693 estis
1647 1627 1720 1693 in
1776 1626 2041 1694 Christo
2076 1629 2264 1706 lesu,

712 1733 836 1824 qui
861 1733 1094 1821 sactus
1141 1741 1239 1800 est
1290 1731 1488 1800 nobis
1523 1733 1865 1822 sapientia
1903 1755 1946 1799 a
1984 1732 2157 1811 Deo,
2204 1743 2267 1799 et

698 1840 1014 1928 justitia,
1048 1850 1113 1908 et
1138 1839 1624 1927 sanctificatiO,
1659 1846 1785 1908 etc.

799 2050 973 2120 Ecce
1020 2073 1229 2143 quam
1284 2049 1457 2141 petit
1506 2052 1798 2140 gratiam
1863 2047 1949 2116 ad
2007 2048 2266 2117 bonum

711 2166 1259 2249 promoventem,
1323 2179 1364 2226 a
1437 2158 1759 2236 vanitate,
1820 2155 2138 2234 elatione,
2200 2164 2266 2223 et

711 2264 1096 2355 suspicione
1143 2263 1603 2332 retrahentem
1637 2285 1653 2331 ε
1687 2271 1756 2333 et
1786 2262 2061 2332 tandem
2091 2283 2266 2331 con-

710 2372 910 2441 clusit
937 2372 1008 2439 in
1045 2372 1187 2439 vita
1234 2379 1454 2440 totam
1500 2372 1829 2440 orationis
1875 2370 2147 2438 seriem.
2181 2368 2264 2436 Et

706 2485 986 2568 propter
1031 2476 1165 2545 hoc
1221 2477 1648 2568 praeponitur
1694 2475 1921 2544 littera
1976 2474 2265 2543 Hebraea

706 2583 1165 2680 na(5·]),quod
1213 2584 1696 2676 interpretatur
1743 2591 1864 2664 est,
1924 2582 2037 2651 vel
2064 2582 2257 2652 vivo:

709 2697 826 2789 qui
866 2697 1048 2764 enim
1089 2693 1431 2774 habuerit,
1472 2693 1588 2764 ille
1618 2702 1747 2776 est,
1783 2702 1853 2764 et
1887 2693 2081 2762 vivit.

1307 3222 1473 3296 vau
1538 3224 1630 3326 ο)

699 3683 823 3752 4ι.
879 3660 973 3731 Et
1028 3657 1271 3731 veniat
1317 3678 1542 3752 super
1592 3679 1710 3729 me
1757 3657 2257 3730 misericordia

966 3785 1117 3854 tua,
1155 3765 1469 3838 Domine
1502 3765 1857 3838 :salutare
1897 3784 2110 3838 tuum
2142 3789 2253 3839 se-

964 3873 1293 3946 cundum
1323 3870 1703 3967 eloquium
1731 3888 1970 3944 tuum.

701 4005 823 4074 42.
881 3982 974 4053 Et
1005 3979 1464 4076 respondebo
1483 3978 2091 4075 exprobrantibus
2108 3980 2256 4053 mi-

972 4087 1047 4159 hi
1077 4085 1413 4174 verbum,
1446 4084 1620 4181 quia
1665 4087 1947 4181 speravi
1997 4087 2071 4160 in
2103 4109 2249 4159 ser·

964 4193 1312 4269 monibus
1350 4193 1523 4267 tuis.

693 4307 817 4397 43.
873 4305 967 4377 Et
1032 4325 1123 4377 ne
1177 4301 1463 4376 auferas
1527 4303 1619 4374 de
1683 4323 1810 4374 ore
1856 4324 2026 4376 meo
2087 4326 2253 4377 ver-

965 4411 1142 4485 bum
1249 4409 1577 4483 veritatis
1691 4432 2247 4507 usquequaque,

967 4519 1140 4615 quia
1192 4517 1267 4591 in
1324 4516 1619 4612 judiciis
1657 4517 1805 4591 tuis
1863 4542 2252 4616 superspe-

966 4649 1144 4700 ravi.

694 4756 815 4828 44.
871 4735 968 4809 Et
993 4732 1406 4807 custodiam
1434 4732 1669 4829 legem
1704 4750 1909 4807 tuam
1934 4758 2244 4832 semper.

963 4842 1037 4916 in
1069 4841 1424 4914 saeculum
1473 4857 1546 4914 et
1598 4840 1670 4913 in
1721 4844 2075 4918 saeculum
2114 4867 2248 4918 sae·

963 4949 1137 5022 culi.
1305 5007 1310 5012 .

695 5065 818 5149 45.
874 5059 967 5131 Et
1004 5056 1473 5129 ambulabam
1501 5053 1575 5128 in
1628 5055 2035 5141 latitudine,
2076 5061 2250 5155 quia

963 5163 1307 5236 mandata
1348 5181 1474 5235 tua
1502 5161 1887 5256 exquisivi.

692 5275 812 5347 ⁴6.
863 5273 960 5345 Et
1034 5270 1387 5366 loquebar
1451 5269 1526 5342 in
1593 5269 2036 5345 testimoniis
2104 5273 2249 5346 tuis

962 5377 1035 5451 in
1076 5396 1467 5475 conspectu
1500 5398 1781 5470 regum,
1813 5398 2046 5474 etnon
2077 5404 2249 5454 con-

965 5485 1345 5558 fundebar.

739 5620 834 5694 47
877 5595 973 5668 Et
1022 5592 1432 5665 meditabar
1503 5591 1580 5664 in
1654 5595 2023 5670 mandatis
2070 5597 2245 5682 tuis,

963 5723 1128 5803 quse
1156 5697 1402 5772 dilexi.
1635 5696 1648 5710 '

1694 389 1784 460 D.
1832 388 2034 458 ALB.
2087 387 2305 457 MAG.
2358 386 2569 457 ORD.
2621 389 2916 459 PRAED.

2370 561 2490 647 48.
2550 560 2642 629 Et
2689 559 2913 627 levavi
2964 579 3221 626 manus
3251 578 3447 625 meas
3494 557 3582 625 ad
3614 557 3921 627 manda-

2642 688 2711 738 ta
2759 685 2906 751 tua,
2957 687 3120 758 quae
3152 662 3393 748 dilexi,
3439 681 3507 733 et
3537 666 3916 735 exercebar

2641 776 2712 845 in
2750 769 3377 865 justificationibus
3419 772 3588 842 tuis.

3024 1300 3280 1393 vib-(7).

2466 1754 2500 1788 α
2534 1728 2629 1793 Et
2657 1726 2882 1794 veniat
2906 1749 3113 1818 super
3140 1750 3268 1795 me.
3304 1752 3339 1793 n
3384 1727 3461 1795 ln
3511 1728 3919 1819 praecedenti

2373 1834 2750 1917 octonario,
2793 1841 3019 1902 actum
3060 1842 3160 1902 est
3203 1834 3285 1903 de
3342 1833 3729 1904 humilitate
3768 1858 3915 1905 cor·

2372 1940 2502 2021 dis,
2536 1939 2648 2008 hic
2667 1940 2963 2010 secundo
2994 1939 3430 2033 subjungitur
3443 1942 3526 2011 de
3554 1943 3918 2012 strenuita-

2368 2053 2436 2113 te
2469 2046 2809 2123 exteriori,
2844 2053 2910 2114 et
2948 2045 3019 2113 in
3048 2068 3189 2123 ore,
3244 2055 3308 2115 et
3338 2048 3407 2115 in
3455 2069 3687 2138 opere,
3728 2047 3912 2139 quod

2369 2159 2473 2220 est
2536 2151 2904 2220 secundum
2956 2153 3024 2221 in
3084 2153 3328 2222 merito
3384 2155 3914 2245 proficientium,

2368 2267 2703 2349 quantum
2762 2258 2847 2327 ad
2892 2257 3313 2329 habilitatem
3362 2261 3447 2329 ad
3494 2260 3804 2330 bonum:
3850 2269 3918 2329 et

2368 2366 2689 2435 dicuntur
2714 2368 2875 2436 duo.
2909 2368 3170 2453 Primo,
3203 2368 3606 2460 supplicatio
3628 2391 3752 2460 pro
3770 2391 3919 2460 gra·

2364 2477 2463 2543 tia
2520 2477 2962 2556 strenuitatis,
2998 2477 3083 2545 ad
3139 2477 3599 2546 confitendum
3659 2478 3921 2546 verita-

2368 2591 2535 2666 tem,
2596 2590 2663 2651 et
2715 2582 3100 2652 faciendum
3158 2584 3418 2653 bonum
3480 2586 3781 2653 exterius
3844 2584 3916 2651 in

2367 2710 2598 2778 opere.
2654 2686 2995 2769 Secundo,
3051 2688 3413 2770 confessio,
3473 2686 3660 2779 quod
3707 2687 3919 2779 impe·

2367 2796 2576 2866 travit
2604 2795 2786 2888 quod
2841 2798 3032 2889 petit,
3085 2797 3458 2867 secundum
3512 2795 3699 2890 quod
3751 2795 3918 2888 legit

2368 2902 2638 2974 Glossa.
2704 2903 2831 2973 vel
2895 2903 3141 2974 melius
3187 2904 3385 2989 forte,
3436 2905 3789 2996 persuasio
3831 2901 3919 2972 ad

2368 3010 2874 3104 impetrandum
2898 3012 3082 3103 quod
3101 3013 3318 3104 petiit,
3351 3010 3471 3092 ibi,
3493 3019 3560 3090 5.
3586 3012 3717 3084 45:
3755 3036 3790 3078 ι
3819 3014 3919 3081 Et

2368 3119 2845 3191 ambulabam.
2880 3145 2915 3190 ι

2458 3229 2537 3300 In
2578 3232 2796 3325 prima
2847 3230 3009 3301 duo.
3080 3230 3338 3315 Primo,
3392 3232 3641 3323 petitur
3695 3234 3918 3325 gratia

2366 3338 2453 3407 ad
2503 3347 2778 3409 strenue
2850 3339 3340 3408 confitendum.
3401 3337 3746 3420 Secundo,
3828 3340 3917 3409 ad

2364 3447 2734 3539 agendum,
2767 3445 2885 3528 ibi,
2918 3453 2981 3524 ᾗ.
3023 3447 3111 3516 44
3151 3467 3169 3517 t
3217 3473 3252 3514 ι
3282 3448 3380 3516 Et
3403 3447 3787 3518 custodiam
3816 3447 3917 3518 le-

2358 3577 2541 3647 qem.
2578 3582 2615 3620 ι

2451 3663 2533 3735 In
2559 3666 2783 3758 prima
2817 3663 2979 3736 duo.
3013 3664 3273 3751 Primo,
3304 3667 3476 3757 petit
3498 3666 3789 3758 gratiam
3822 3665 3913 3736 ad

2358 3771 2682 3842 audacter
2698 3781 2765 3842 et
2782 3779 3051 3840 strenue
3080 3770 3539 3842 confitendum
3570 3772 3701 3841 sibi
3731 3771 3905 3843 dari.

2360 3879 2705 3959 Secundo,
2737 3877 2963 3948 datam
3004 3901 3143 3948 non
3191 3878 3464 3960 auferri,
3496 3878 3618 3960 ibi,
3651 3887 3717 3959 ᾖ.
3753 3880 3840 3949 43
3883 3900 3901 3951 z

2359 4013 2394 4054 ι
2436 3989 2536 4057 Et
2570 4011 2655 4056 ne
2688 3990 2994 4080 auferas.
3033 4012 3065 4053 n

2446 4091 2525 4162 ln
2578 4095 2800 4185 prima
2856 4092 3175 4163 dicuntur
3227 4095 3378 4164 tria.
3422 4094 3685 4181 Primo,
3736 4096 3909 4188 petit

2354 4200 2484 4269 sibi
2533 4201 2822 4271 conferri
2879 4202 3168 4291 gratiam
3224 4210 3720 4295 protegentem.
3773 4202 3907 4274 Se-

2353 4309 2606 4391 cundo,
2648 4311 2883 4381 venire
2919 4310 3112 4379 illum
3157 4333 3281 4404 per
3327 4333 3530 4405 quem
3587 4310 3905 4383 habenda

2353 4426 2458 4488 est
2483 4417 2731 4510 gratia,
2771 4417 2893 4501 ibi,
2945 4447 2981 4484 α
3011 4418 3343 4489 Salutat-e
3395 4429 3623 4488 tunm.
3668 4444 3703 4488 s
3736 4420 3904 4490 Ter-

2352 4529 2477 4610 tio,
2518 4527 2606 4598 ad
2634 4527 2799 4621 quid
2835 4529 3005 4621 petit
3055 4528 3299 4621 ipsam,
3366 4527 3746 4622 subjungit,
3777 4529 3898 4612 ibi,

2349 4640 2415 4712 5.
2452 4635 2539 4703 42
2570 4656 2589 4705 t
2632 4663 2665 4699 ι
2703 4637 2801 4705 Et
2827 4634 3263 4730 respondebo.
3301 4659 3336 4703 s

2439 4949 2624 5022 Dicit
2658 4972 2823 5044 ergo
2863 4972 2880 5022 ε
2918 4948 3055 5032 Sic,
3088 4951 3411 5037 Domine,
3469 4951 3706 5025 hahita
3749 4975 3895 5038 cor,

2350 5068 2428 5129 ut
2453 5061 2647 5152 petii,
2679 5059 2897 5152 legem
2938 5060 3283 5153 ponendo,
3341 5061 3636 5155 gratiam
3674 5062 3760 5132 ad
3789 5064 3902 5133 in·

2348 5166 2797 5260 telligendum
2845 5167 3096 5251 dando,
3146 5176 3275 5239 etc.
3312 5193 3347 5235 ι
3387 5170 3485 5238 Et
3514 5195 3549 5232 ι»
3585 5171 3821 5252 etiam,
3854 5195 3897 5242 o

2349 5277 2673 5361 Domine,
2699 5304 2735 5341 α
2767 5276 3233 5346 misericordia
3262 5285 3385 5344 tua
3413 5277 3665 5359 veniat,
3699 5301 3734 5345 s
3759 5301 3901 5350 non

2351 5392 2618 5454 tantum
2659 5385 2731 5452 in
2759 5405 2895 5463 me,
2927 5381 3045 5452 sed
3079 5409 3115 5446 α
3143 5404 3352 5474 super
3373 5405 3506 5464 me,
3551 5407 3586 5451 s
3627 5384 3713 5454 ad
3732 5408 3903 5477 pro-

2347 5491 2723 5585 tegendum
2765 5489 3021 5560 scilicet
3054 5510 3191 5559 me.
3247 5488 3476 5584 Super
3537 5491 3723 5561 enim
3785 5489 3900 5564 bic

2349 5605 2541 5667 notat
2583 5596 3102 5690 protectionem,
3155 5617 3297 5665 non
3351 5599 3891 5690 oppressionem.

2349 5705 2480 5778 Isa.
2519 5727 2569 5796 t,
2605 5705 2637 5771 1
2672 5724 2691 5775 ε
2737 5703 2914 5774 Visio
2959 5702 3187 5786 haic,
3235 5701 3382 5795 filii
3402 5705 3639 5789 Amos,
3679 5729 3894 5799 quam

4025 4980 4141 5048 41
