5008 6329
840 3929 1079 4076 Μὲῖ,
1093 4033 1164 4078 «u.
1192 3991 1498 4081 tangitur
1532 3991 1865 4070 dilatatio,
1896 4000 2224 4080 quantum
2256 3990 2339 4056 ad
2370 4013 2736 4058 couversos

917 4084 1092 4132 buno,

2014 366 2720 438 COMMENTARIUS
2772 365 2866 432 IN
2918 365 3351 439 PSALMUM
3403 369 3611 435 Cvn.

1202 542 1375 607 bono
1400 541 1922 629 fructificantes.
1971 541 2083 608 Isti
2137 545 2575 629 susceperunt
2628 537 2748 604 Dei

1201 644 1478 724 Filium,
1515 647 1689 714 sicut
1725 657 2005 716 truncus
2045 648 2321 735 suscipit
2378 646 2445 711 in
2506 644 2747 712 intimo

1199 755 1383 843 quod
1415 756 1737 824 inseritur
1767 759 1832 823 in
1874 755 2015 823 itto.
2056 753 2291 829 Jacob,
2328 776 2374 827 1,
2418 754 2490 817 21
2537 775 2552 818 :
2589 753 2751 821 Sus·

1196 862 1404 951 cipite
1442 863 1729 929 insitum
1759 861 2061 938 verbum,
2105 859 2295 947 quod
2327 868 2551 949 potest
2600 858 2751 924 sal-

1196 989 1356 1032 vare
1410 968 1684 1032 animas
1728 974 2009 1030 vestras.
2062 962 2213 1052 lpse
2252 964 2434 1030 enim
2483 971 2584 1030 est
2631 986 2750 1029 ca-

1193 1082 1319 1163 put
1392 1076 1725 1163 corporiS,
1786 1070 1971 1161 quod
2044 1079 2145 1139 cst
2219 1069 2583 1139 Ecclesia¹.
2663 1068 2748 1136 Et

1194 1182 1416 1271 magis
1467 1180 1948 1249 fructificantes
1988 1179 2143 1248 facit
2187 1203 2202 1247 ι
2255 1180 2394 1247 imo
2450 1200 2571 1267 per
2617 1176 2748 1245 hoc

1192 1293 1418 1380 ipsum
1478 1290 1660 1381 quod
1711 1291 2112 1381 suscipiunt,
2181 1289 2502 1356 fructiferi
2559 1295 2738 1354 sunt.

1196 1398 1506 1488 Sapient.
1551 1421 1673 1482 vn,
1722 1402 1792 1465 11
1849 1422 1863 1465 :
1924 1400 2249 1465 Venerunt
2295 1396 2469 1462 mihi
2513 1396 2745 1461 omnia

1193 1505 1369 1573 bona
1400 1508 1672 1599 paritet·
1708 1528 1862 1572 cum
1896 1505 2052 1571 illa.
2090 1502 2230 1569 Nos
2261 1525 2422 1594 ergo
2454 1502 2746 1591 suscipi-

1191 1637 1345 1682 mus
1377 1615 1729 1683 Christum
1762 1615 1828 1680 in
1872 1612 2071 1680 nobis
2098 1634 2219 1701 per
2246 1633 2477 1677 veram
2511 1610 2740 1687 fidem,

1190 1732 1256 1789 et
1307 1724 1452 1812 ipse
1501 1723 1799 1811 suscepit
1829 1743 1956 1787 nos
2006 1721 2076 1786 in
2122 1742 2193 1788 se
2231 1742 2353 1808 per
2391 1719 2739 1809 pietatem.

1190 1827 1296 1894 Ad
1347 1828 1638 1895 Roman.
1696 1850 1813 1911 xv,
1857 1828 1894 1894 7
1956 1848 1973 1895 ε
2024 1827 2364 1915 Suscipile
2430 1825 2738 1901 invicem,

1185 1938 1366 2003 sicul
1393 1945 1460 2003 et
1500 1936 1813 2003 Christus
1837 1935 2129 2024 suscepit
2162 1955 2296 1999 vos.

1283 2174 1316 2210 α
1366 2147 1559 2217 luda
1609 2171 1731 2214 rex:
1775 2169 1987 2213 nqu.
2054 2173 2085 2210 ι
2158 2144 2283 2212 llic
2337 2143 2737 2222 secuudum,

1188 2256 1446 2324 scilicet
1507 2254 1819 2323 Ecclesia».
1877 2253 2206 2330 dilatatio,
2269 2260 2599 2342 quantum
2657 2250 2743 2318 ad

1190 2361 1745 2431 exsultationem.
1779 2361 1988 2440 Quasi
2020 2361 2272 2428 diceret
2304 2382 2320 2426 :
2370 2360 2482 2426 Sic
2509 2358 2745 2426 dilata·

1190 2473 1340 2549 bor,
1413 2478 1481 2538 et
1576 2472 1787 2538 etiam
1866 2495 1899 2534 ι
1959 2470 2148 2538 luda
2210 2494 2242 2532 ιι
2320 2471 2445 2535 erit
2514 2492 2547 2533 ct
2623 2490 2747 2534 rea·

1191 2602 1407 2655 meus,
1445 2604 1480 2645 ι
1515 2579 1702 2670 quod
1733 2581 1857 2646 erit
1909 2602 2154 2666 magna
2211 2576 2530 2666 dignitas,
2584 2578 2743 2665 quia

1195 2711 1423 2777 regem
1461 2685 1725 2754 habebo
1747 2686 1828 2753 «le
1856 2685 2059 2762 suda,
2094 2685 2344 2752 scilicet
2370 2684 2741 2760 Christum,

1193 2796 1275 2863 de
1324 2818 1462 2886 quo
1523 2796 1771 2861 Genes.
1817 2816 1995 2875 xmx,
2053 2796 2092 2857 8
2142 2814 2158 2861 z
2217 2792 2431 2869 luda,
2498 2791 2746 2857 adora·

1196 2902 1366 2968 bem!
1396 2913 1461 2968 te
1486 2902 1630 2990 filii
1652 2902 1878 2992 patris
1917 2902 2047 2979 lui,
2082 2900 2149 2966 in
2179 2899 2472 2975 Christo,
2516 2900 2631 2988 qui
2664 2898 2745 2965 do

1191 3011 1368 3079 suda
1401 3011 1549 3088 fuit,
1584 3012 1757 3079 sicut
1797 3009 2050 3077 Paulus
2076 3008 2233 3076 dicit
2264 3007 2348 3076 ad
2379 3007 2584 3075 liebr.
2622 3030 2740 3085 vn,

1202 3120 1351 3200 Μ’,
1396 3128 1463 3188 et
1493 3118 1777 3210 Apocal.
1821 3140 1890 3194 v,
1923 3120 1963 3186 Ξι
2005 3140 2021 3186 :
2090 3118 2251 3185 Vicit
2299 3115 2400 3184 leo
2435 3115 2519 3183 de
2558 3115 2743 3184 tribu

1187 3227 1406 3297 luda.
1438 3227 1789 3309 Judicum,
1823 3250 1871 3312 ι,
1921 3228 1946 3292 l
1985 3235 2051 3292 et
2086 3228 2125 3291 2
2160 3247 2177 3292 :
2219 3226 2389 3309 Quis
2432 3223 2743 3292 ascendet

1191 3345 1351 3402 mele
1379 3358 1502 3401 nos
1537 3342 1775 3400 contra
1818 3333 2243 3410 &memmae-t
2273 3333 2402 3398 erit
2439 3331 2589 3398 dua·
2609 3329 2743 3398 bel-

1194 3442 1249 3509 li
1274 3441 1316 3508 Υ
1341 3442 1680 3532 Dixitque
1709 3441 2046 3508 Dominus
2076 3462 2097 3505 .-
2133 3439 2357 3506 ludas
2385 3438 2694 3505 ascendet
2715 3462 2738 3506 .-

1191 3573 1334 3616 ecce
1371 3546 1638 3615 tradidi
1667 3555 1919 3614 terram
1950 3548 2020 3613 in
2060 3568 2270 3612 nuum
2299 3544 2477 3633 ejus,

1283 3915 1315 3946 «ι
1352 3884 1565 3953 Moab
1597 3884 1795 3952 lebes.
1836 3911 1868 3950 ι»
1913 3883 2039 3953 llic
2066 3883 2465 3969 secuudum,
2500 3887 2565 3952 in
2597 3908 2735 3976 quo

1190 4097 1276 4165 de
1315 4097 1678 4176 Gentibus,
1717 4120 1869 4188 quae
1907 4098 2208 4187 tangitur
2248 4097 2313 4163 in
2350 4095 2735 4165 differentia

1188 4203 1461 4295 triplici.
1500 4203 1760 4281 Prinne,
1802 4205 1988 4295 quod
2042 4203 2603 4294 multiplicabitur
2647 4227 2733 4274 ex

1183 4311 1523 4404 superbis.
1560 4312 1903 4390 Secundo,
1937 4313 2124 4405 quod
2159 4335 2239 4380 ex
2280 4313 2566 4404 cupidis,
2609 4314 2728 4394 ibi,

1184 4450 1222 4488 α
1271 4423 1350 4489 In
1396 4421 1806 4489 Idumam.
1859 4448 1895 4486 ιι
1935 4420 2188 4505 Tertio,
2236 4422 2420 4512 quod
2457 4444 2542 4489 ex
2590 4444 2733 4490 car·

1182 4528 1455 4598 natibus
1481 4537 1550 4599 et
1597 4528 1993 4609 luxuriosis,
2049 4527 2168 4606 ibi,
2246 4553 2282 4595 ι
2332 4528 2515 4597 Milia·
2562 4529 2732 4597 alie·

1177 4639 1471 4728 niqenae.
1517 4664 1553 4702 ιι

1271 4744 1449 4812 Dicit
1476 4766 1687 4834 ergo:
1724 4745 1838 4813 Sic
1864 4746 1918 4812 si
1953 4745 2155 4813 fueris
2184 4745 2548 4826 exaltatus,
2581 4743 2730 4814 lioec

1179 4852 1362 4921 bona
1399 4853 1828 4943 provenient,
1871 4875 2024 4943 quae
2054 4851 2333 4943 praedixi
2366 4874 2383 4920 :
2418 4860 2485 4921 et
2521 4853 2726 4921 etiam

1179 4988 1216 5027 ι
1244 4959 1484 5040 Moab,
1522 4986 1555 5022 ιι
1590 4958 1892 5050 superbi.
1935 4958 2063 5027 lsa.
2111 4982 2252 5039 xm,
2302 4960 2372 5027 ll
2425 4982 2444 5029 ε
2498 4961 2730 5029 Audi-

1175 5070 1403 5136 vimus
1465 5065 1860 5159 superbiam
1924 5064 2158 5146 Moab,
2230 5066 2564 5160 superbus
2628 5077 2728 5136 est

1176 5175 1406 5244 valde.
1480 5201 1518 5239 ιι
1576 5175 1737 5243 Iz'rit
1781 5171 1980 5251 lebes,
2032 5201 2064 5234 ιι
2120 5172 2420 5257 vascula,
2481 5201 2518 5238 α
2582 5177 2729 5267 spei

1245 5391 1268 5428 ¹
1299 5391 1390 5449 Ad
1423 5393 1640 5468 Ephes.
1674 5410 1719 5464 ι,
1748 5397 1820 5451 22
1851 5410 1868 5450 ι
1898 5395 2105 5468 Ipsum,
2137 5394 2370 5452 scilicet
2398 5396 2725 5468 Christum,

1172 5482 1328 5540 dedic
1357 5490 1527 5555 caput
1554 5498 1727 5555 supra
1755 5501 1964 5541 omnem
1999 5483 2323 5543 Ecclesiam.

1243 5572 1269 5609 ¹
1297 5571 1385 5630 Ad
1421 5570 1598 5628 ltebr.
1630 5588 1727 5643 ru,
1775 5573 1887 5630 st:
1935 5576 2286 5645 Haniiseuum
2332 5580 2410 5632 est
2459 5575 2612 5648 quod
2656 5593 2729 5633 ea·

1083 5680 1090 5684 ·
1172 5664 1322 5722 Iuda
1351 5669 1509 5720 ortus
1537 5663 1610 5718 sit
1641 5662 1905 5721 Dominus
1932 5672 2133 5722 noster.

1242 5753 1268 5790 ⁸
1303 5752 1445 5811 vide
1476 5751 1984 5810 commentarium
2016 5755 2076 5811 in
2107 5751 2262 5811 Psal.
2293 5768 2408 5824 ιιι,
2442 5753 2531 5825 ¹0,
2588 5770 2719 5830 pag.

4303 368 4427 434 139

2857 562 3044 619 meae,
3098 568 3128 600 ιι
3186 541 3258 605 in
3308 540 3559 630 quibus
3609 541 3737 606 erit
3776 561 3932 630 spes
3981 560 4158 607 mea.
4214 537 4423 617 Quasi

2853 648 3105 717 diceret
3150 672 3166 714 :
3221 648 3355 739 Ipsi
3411 650 3686 737 superbi
3733 651 3801 715 in
3872 647 4207 717 Gentibus
4256 670 4424 715 con-

2853 764 3231 834 vertentur,
3288 763 3354 822 et
3410 767 3610 822 erunt
3676 779 3842 823 vasa
3910 758 4080 847 spei.
4154 756 4231 822 In
4288 754 4421 822 alio

2855 864 3133 931 Psalmo
3156 860 3201 939 ³,
3264 862 3511 930 (licitur
3561 864 3736 943 olla,
3812 864 3999 953 quod
4057 863 4237 931 idem
4293 871 4416 930 est.

2850 970 2888 1036 J
2896 970 3011 1048 ob,
3045 992 3184 1053 xm,
3217 972 3300 1036 22
3328 992 3343 1036 :
3385 973 3778 1038 Fervescere
3804 972 4023 1060 saciet
4049 971 4416 1047 Dominus,

2852 1076 3108 1145 scilicet
3156 1078 3421 1146 fervore
3479 1079 3689 1160 bono,
3745 1079 3951 1168 quasi
3997 1077 4221 1145 ollam
4262 1101 4423 1168 pro-

2849 1184 3158 1273 fundum
3187 1208 3402 1262 mare,
3439 1207 3557 1252 cor
3586 1186 3846 1253 scilicet
3901 1183 4421 1275 profundissimi

2850 1292 3249 1379 peccatoris,
3309 1291 3577 1358 fervore
3628 1290 4044 1369 devotionis,
4124 1299 4191 1359 et
4244 1293 4413 1380 spei.

2848 1398 3128 1467 Zacliar.
3196 1422 3338 1477 xiv,
3400 1401 3485 1467 20
3531 1420 3547 1465 ε
3606 1401 3837 1466 Erunt
3889 1399 4132 1467 lebetes
4182 1400 4257 1465 in
4295 1398 4421 1465 do-

2851 1528 3043 1572 mum
3075 1507 3363 1573 Domini
3391 1508 3593 1595 quasi
3615 1505 3882 1596 phialae
3911 1529 4146 1574 coram
4172 1505 4414 1573 altari.

2849 1613 2933 1679 Et
2962 1613 3108 1681 sinc
3139 1613 3347 1681 dubio
3394 1612 3598 1682 Moab
3643 1617 4129 1704 interpretatur
4166 1637 4252 1681 ex
4277 1636 4420 1703 pa-

2848 1730 2972 1797 tre,
3008 1729 3074 1788 et
3104 1721 3328 1811 signat
3359 1721 3539 1789 lilios
3579 1721 3763 1788 illius
3803 1722 3919 1812 qui
3951 1723 4211 1812 appetit
4270 1742 4417 1788 esse

2847 1837 3064 1918 pater,
3098 1828 3355 1896 scilicet
3386 1838 3802 1918 peccatores.
3846 1828 4050 1897 Joan.
4095 1852 4243 1910 vm,
4276 1828 4362 1894 44
4395 1849 4412 1895 τ

2870 1937 2994 2002 Vos
3021 1959 3108 2003 ex
3133 1945 3336 2026 patre
3392 1936 3676 2004 diabolo
3716 1938 3901 2004 estis.
3948 1937 4063 2004 Isti
4105 1936 4279 2005 liunt
4318 1935 4420 2002 le-

2848 2041 2968 2110 bes
3005 2045 3176 2133 spei,
3219 2046 3381 2134 quia
3422 2046 3491 2111 in
3524 2045 3689 2135 ipsis
3718 2043 4051 2112 debemus
4080 2066 4273 2135 spem
4306 2066 4414 2111 ac-

2847 2151 3096 2241 cipere.
3167 2152 3366 2230 osee,
3421 2176 3493 2231 ιι,
3552 2156 3683 2221 15:
3743 2152 3944 2221 Dabo
3975 2154 4122 2223 εἰ...
4156 2152 4412 2220 vallem

2846 2263 3073 2329 Acleor
3109 2261 3681 2353 adoperiendam
3733 2284 3950 2351 spem.
4014 2259 4184 2339 Quis
4231 2262 4412 2327 cuim

2846 2369 3096 2458 cogitat
3143 2368 3684 2436 misericordiam
3726 2365 3850 2435 nei
3905 2368 3975 2436 in
4025 2376 4414 2458 peccatores

2848 2473 3168 2558 maiores,
3221 2494 3430 2562 quam
3490 2472 3617 2539 fuit
3673 2469 3909 2539 Achor
3936 2471 3988 2555 ⁴,
4048 2493 4416 2539 conversos

2849 2579 2934 2647 ad
2975 2577 3350 2658 Christum,
3397 2589 3465 2647 et
3504 2579 3590 2646 ab
3633 2579 3781 2668 ipso
3824 2576 4124 2658 Christo,
4169 2587 4238 2646 et
4277 2599 4416 2645 nou

2848 2686 3004 2753 inde
3045 2684 3272 2753 haurit
3311 2688 3561 2777 spem?
3613 2685 3808 2753 Sicut
3863 2684 4345 2777 Magdalenam
4366 2701 4413 2767 ⁸,

2847 2792 3320 2871 Mauhaeumu,
3357 2792 3655 2862 Paulum
3685 2790 3731 2861 ⁷.
3780 2792 4092 2885 Sophon.
4134 2816 4230 2870 ιιι,
4281 2795 4349 2860 lt
4395 2817 4411 2861 :

2846 2904 3186 2992 Auferam
3225 2902 3309 2969 de
3346 2904 3571 2969 medio
3618 2904 3729 2969 lui
3775 2903 4269 2993 maqniloquus
4303 2924 4417 2969 su-

2839 3007 3096 3100 perbiae
3135 3019 3294 3090 τηε,
3338 3009 3673 3100 superbos
3722 3008 4009 3091 scilicet,
4060 3011 4180 3101 qui
4225 3033 4415 3099 mag-

2847 3139 2933 3185 na
2973 3119 3198 3187 sciunt
3225 3117 3444 3209 loqui,
3486 3128 3554 3186 et
3592 3139 3812 3209 pauca
3850 3117 4097 3200 facere,
4133 3126 4209 3186 ut
4248 3119 4414 3187 liant

2844 3250 3008 3295 vasa
3038 3229 3275 3319 gratiae
3301 3249 3501 3296 mem.

2946 3465 2977 3501 α
3051 3439 3134 3506 In
3206 3438 3617 3509 Idumaeam.
3701 3464 3737 3502 ιι
3798 3436 3929 3506 llic
3993 3438 4398 3507 secundum.

2842 3546 3051 3624 Quasi
3085 3545 3339 3614 diceret
3373 3568 3390 3614 :
3436 3546 3552 3613 Sic
3580 3554 4073 3614 convertentur
4098 3544 4401 3638 superbi,

2841 3663 2909 3723 et
2988 3654 3194 3724 etiam
3267 3680 3300 3720 ι
3399 3654 3774 3723 emendam
3866 3655 4408 3723 calceamentum

2838 3784 3096 3840 ηιειιηι,
3127 3786 3158 3824 ιι
3202 3759 3705 3829 humanitatem
3745 3784 4003 3840 meam,
4051 3769 4407 3852 tamquam

2839 3866 3379 3937 calceamentum
3463 3868 3807 3937 divinitati
3858 3870 4154 3945 unitum.
4227 3893 4263 3935 ι
4335 3869 4405 3935 in

2840 3978 3251 4057 Idumaeam,
3324 4004 3359 4040 ιο
3409 3977 3480 4044 in
3526 3978 3982 4068 sanguineam
4025 3978 4401 4058 civitatem,

2838 4086 2910 4152 in
2957 4083 3267 4174 cupidos,
3323 4092 3392 4153 et
3432 4106 3705 4164 avaros,
3758 4085 3877 4175 qui
3931 4085 4208 4177 rapiunt
4252 4108 4403 4177 qum

2836 4215 3216 4286 pauperum
3246 4200 3432 4262 suat.
3478 4191 3686 4261 Ecoli.
3729 4214 3973 4274 xxxiv,
4005 4194 4093 4262 25
4127 4214 4145 4262 ε
4187 4196 4407 4263 Panis

2835 4303 3210 4394 equitium,
3259 4303 3405 4372 vita
3453 4324 3850 4395 pauperum
3915 4310 4015 4372 est
4053 4324 4079 4371 .·
4125 4304 4254 4395 qui
4295 4303 4407 4372 de·

2832 4411 3131 4502 fraudat
3180 4411 3422 4496 illum,
3472 4412 3679 4480 homo
3722 4412 4094 4502 sanquine}
4140 4420 4265 4482 est.
4326 4411 4402 4480 ln

2834 4519 3004 4589 tales
3059 4518 3600 4589 calceamentum
3658 4542 3865 4588 suum
3919 4519 4226 4590 Ecclesia
4288 4543 4406 4589 ex·

2832 4626 3077 4708 tendit,
3120 4627 3283 4720 quia
3319 4626 3525 4696 fidem
3568 4626 3654 4696 de
3701 4628 4176 4698 incarnatione
4223 4650 4398 4721 prae·

2833 4734 3039 4815 dicat,
3080 4743 3150 4802 et
3193 4733 3530 4802 immittit.
3580 4733 3716 4802 lsa.
3768 4756 3878 4818 ιν,
3911 4735 3953 4802 5
3980 4757 3998 4803 :
4030 4737 4209 4805 Ecce
4231 4759 4396 4828 qen·

2832 4855 2968 4914 tem
2992 4864 3207 4934 quam
3226 4840 3592 4925 ηειοίεόαε,
3618 4843 3916 4912 vocabis.
3941 4844 4144 4923 Osee,
4169 4866 4244 4925 ιι,
4270 4845 4396 4913 24:

2830 4955 3082 5022 Dicam
3111 4975 3248 5020 non
3283 4952 3558 5045 populo
3595 4976 3747 5021 meo
3777 4976 3803 5021 .·
3854 4952 4172 5045 populus
4216 4977 4406 5024 meus

2831 5083 2902 5129 es
2947 5072 3049 5129 tu.
3112 5059 3262 5129 lloc
3299 5059 3870 5140 calceamentum,
3933 5061 4133 5151 cujus
4182 5066 4404 5133 corri-

2832 5168 3017 5258 giam
3092 5166 3362 5237 solvere
3436 5167 3797 5258 indignum
3873 5190 3947 5236 se
4060 5167 4402 5239 fatebatur

2830 5393 2901 5449 84
2928 5393 3073 5451 tomi
3100 5392 3220 5452 xvi
3252 5392 3508 5468 huJusee
3539 5391 3849 5449 editionis.

2902 5482 2928 5518 ⁴
2958 5483 3050 5542 Cf.
3079 5483 3281 5555 lasne,
3303 5499 3403 5556 vu,
3432 5483 3504 5539 2⁴
3534 5487 3597 5540 et
3619 5482 3717 5539 2⁶.

2902 5571 2931 5609 ⁸
2957 5572 3045 5632 Cf.
3079 5574 3220 5632 Lac.
3251 5590 3355 5644 m,
3384 5574 3456 5630 ³7
3485 5578 3546 5630 et
3582 5587 3713 5646 seq.

2900 5665 2927 5703 ⁸
2952 5666 3040 5725 Cf.
3075 5667 3281 5724 naith.
3312 5682 3391 5735 ιι,
3422 5667 3458 5722 9
3487 5669 3549 5722 et
3566 5680 3695 5738 seq.

2902 5754 2927 5791 '¹
2954 5754 3041 5813 Cf.
3074 5755 3203 5813 Act.
3235 5770 3315 5823 ιι,
3352 5755 3376 5811 1
3411 5758 3473 5811 et
3500 5769 3630 5827 seq.
