<?xml version="1.0" encoding="UTF-8"?>
<!DOCTYPE html PUBLIC "-//W3C//DTD XHTML 1.0 Transitional//EN"
    "http://www.w3.org/TR/xhtml1/DTD/xhtml1-transitional.dtd">
<html xmlns="http://www.w3.org/1999/xhtml" xml:lang="en" lang="en">
 <head>
  <title>
</title>
<meta http-equiv="Content-Type" content="text/html;charset=utf-8" />
  <meta name='ocr-system' content='tesseract 3.04.00' />
  <meta name='ocr-capabilities' content='ocr_page ocr_carea ocr_par ocr_line ocrx_word'/>
</head>
<body>
  <div class='ocr_page' id='page_1' title='image "balbertimagnira02chgoog_0308.png"; bbox 0 0 5008 6329; ppageno 0'>
   <div class='ocr_carea' id='block_1_1' title="bbox 412 1472 588 1542">
    <p class='ocr_par' dir='ltr' id='par_1_1' title="bbox 412 1472 588 1542">
     <span class='ocr_line' id='line_1_1' title="bbox 412 1472 588 1542; baseline 0.023 -4"><span class='ocrx_word' id='word_1_1' title='bbox 412 1472 588 1542; x_wconf 74' lang='grc'><strong>103</strong></span> 
     </span>
    </p>
   </div>
   <div class='ocr_carea' id='block_1_2' title="bbox 373 4383 550 4449">
    <p class='ocr_par' dir='ltr' id='par_1_2' title="bbox 373 4383 550 4449">
     <span class='ocr_line' id='line_1_2' title="bbox 373 4383 550 4449; baseline 0.006 -2"><span class='ocrx_word' id='word_1_2' title='bbox 373 4383 550 4449; x_wconf 70' lang='grc'><strong>101</strong></span> 
     </span>
    </p>
   </div>
   <div class='ocr_carea' id='block_1_3' title="bbox 677 314 805 380">
    <p class='ocr_par' dir='ltr' id='par_1_3' title="bbox 677 314 805 380">
     <span class='ocr_line' id='line_1_3' title="bbox 677 314 805 380; baseline 0.008 -1"><span class='ocrx_word' id='word_1_3' title='bbox 677 314 805 380; x_wconf 85' lang='grc'><strong>298</strong></span> 
     </span>
    </p>
   </div>
   <div class='ocr_carea' id='block_1_4' title="bbox 674 480 2241 1199">
    <p class='ocr_par' dir='ltr' id='par_1_4' title="bbox 674 480 2241 1199">
     <span class='ocr_line' id='line_1_4' title="bbox 682 480 2232 572; baseline -0.004 -24"><span class='ocrx_word' id='word_1_4' title='bbox 682 505 712 542; x_wconf 84' lang='grc'>«</span> <span class='ocrx_word' id='word_1_5' title='bbox 747 484 1015 572; x_wconf 76' lang='lat' dir='ltr'><strong>Leqem,</strong></span> <span class='ocrx_word' id='word_1_6' title='bbox 1053 511 1085 544; x_wconf 86' lang='lat'>»</span> <span class='ocrx_word' id='word_1_7' title='bbox 1153 484 1462 571; x_wconf 85' lang='lat' dir='ltr'><strong>inquam,</strong></span> <span class='ocrx_word' id='word_1_8' title='bbox 1531 480 1893 570; x_wconf 83' lang='lat' dir='ltr'><strong>«posuisti</strong></span> <span class='ocrx_word' id='word_1_9' title='bbox 1958 481 2155 559; x_wconf 72' lang='lat' dir='ltr'><strong>mihi,</strong></span> <span class='ocrx_word' id='word_1_10' title='bbox 2200 507 2232 543; x_wconf 88' lang='lat'>»</span> 
     </span>
     <span class='ocr_line' id='line_1_5' title="bbox 678 589 2233 679; baseline -0.001 -24"><span class='ocrx_word' id='word_1_11' title='bbox 678 612 881 678; x_wconf 88' lang='lat' dir='ltr'><strong>quam</strong></span> <span class='ocrx_word' id='word_1_12' title='bbox 949 612 1179 679; x_wconf 82' lang='lat' dir='ltr'><strong>supra,</strong></span> <span class='ocrx_word' id='word_1_13' title='bbox 1222 596 1287 664; x_wconf 58' lang='grc' dir='ltr'><strong>ὴ.</strong></span> <span class='ocrx_word' id='word_1_14' title='bbox 1350 591 1459 670; x_wconf 91' lang='grc'><strong>33,</strong></span> <span class='ocrx_word' id='word_1_15' title='bbox 1527 589 1871 679; x_wconf 76' lang='lat' dir='ltr'><strong>petebam,</strong></span> <span class='ocrx_word' id='word_1_16' title='bbox 1935 590 2166 657; x_wconf 89' lang='lat' dir='ltr'><strong>dicens</strong></span> <span class='ocrx_word' id='word_1_17' title='bbox 2219 611 2233 654; x_wconf 91' lang='lat'><strong>:</strong></span> 
     </span>
     <span class='ocr_line' id='line_1_6' title="bbox 676 697 2239 788; baseline -0.001 -24"><span class='ocrx_word' id='word_1_18' title='bbox 676 700 918 788; x_wconf 79' lang='lat' dir='ltr'><strong>Leqem</strong></span> <span class='ocrx_word' id='word_1_19' title='bbox 943 721 1130 788; x_wconf 80' lang='lat' dir='ltr'><strong>pone</strong></span> <span class='ocrx_word' id='word_1_20' title='bbox 1166 699 1362 779; x_wconf 71' lang='lat' dir='ltr'><strong>mihi,</strong></span> <span class='ocrx_word' id='word_1_21' title='bbox 1407 698 1733 776; x_wconf 75' lang='lat' dir='ltr'><strong>Domine,</strong></span> <span class='ocrx_word' id='word_1_22' title='bbox 1789 699 1975 764; x_wconf 83' lang='lat' dir='ltr'><strong>viam</strong></span> <span class='ocrx_word' id='word_1_23' title='bbox 2003 697 2239 785; x_wconf 83' lang='lat' dir='ltr'><strong>justi-</strong></span> 
     </span>
     <span class='ocr_line' id='line_1_7' title="bbox 674 804 2241 893; baseline -0.003 -21"><span class='ocrx_word' id='word_1_24' title='bbox 674 806 1078 893; x_wconf 83' lang='lat' dir='ltr'><strong>ficationum</strong></span> <span class='ocrx_word' id='word_1_25' title='bbox 1109 816 1417 878; x_wconf 84' lang='lat' dir='ltr'><strong>tuarum.</strong></span> <span class='ocrx_word' id='word_1_26' title='bbox 1467 808 1599 872; x_wconf 77' lang='lat' dir='ltr'><strong>lsa.</strong></span> <span class='ocrx_word' id='word_1_27' title='bbox 1638 826 1876 880; x_wconf 74' lang='lat' dir='ltr'><strong>xxxin,</strong></span> <span class='ocrx_word' id='word_1_28' title='bbox 1923 804 2053 869; x_wconf 82' lang='lat'><strong>22:</strong></span> <span class='ocrx_word' id='word_1_29' title='bbox 2099 805 2241 869; x_wconf 89' lang='lat' dir='ltr'><strong>Do-</strong></span> 
     </span>
     <span class='ocr_line' id='line_1_8' title="bbox 676 912 2240 1004; baseline -0.002 -24"><span class='ocrx_word' id='word_1_30' title='bbox 676 917 902 981; x_wconf 80' lang='lat' dir='ltr'><em>minus</em></span> <span class='ocrx_word' id='word_1_31' title='bbox 936 914 1171 1004; x_wconf 72' lang='lat' dir='ltr'><strong>judex</strong></span> <span class='ocrx_word' id='word_1_32' title='bbox 1224 928 1477 998; x_wconf 83' lang='lat' dir='ltr'><strong>noster,</strong></span> <span class='ocrx_word' id='word_1_33' title='bbox 1572 913 1919 979; x_wconf 80' lang='lat' dir='ltr'><em>Dominus</em></span> <span class='ocrx_word' id='word_1_34' title='bbox 1991 912 2240 1001; x_wconf 73' lang='lat' dir='ltr'><strong>leqiser</strong></span> 
     </span>
     <span class='ocr_line' id='line_1_9' title="bbox 674 1018 2238 1107; baseline -0.004 -20"><span class='ocrx_word' id='word_1_35' title='bbox 674 1030 919 1099; x_wconf 80' lang='lat' dir='ltr'><strong>noster,</strong></span> <span class='ocrx_word' id='word_1_36' title='bbox 973 1023 1313 1090; x_wconf 82' lang='lat' dir='ltr'><strong><em>Dominus</em></strong></span> <span class='ocrx_word' id='word_1_37' title='bbox 1343 1046 1466 1090; x_wconf 73' lang='lat' dir='ltr'><strong>rea:</strong></span> <span class='ocrx_word' id='word_1_38' title='bbox 1496 1027 1769 1086; x_wconf 79' lang='lat' dir='ltr'><strong>noster.-</strong></span> <span class='ocrx_word' id='word_1_39' title='bbox 1839 1018 1983 1107; x_wconf 87' lang='lat' dir='ltr'><strong>ipse</strong></span> <span class='ocrx_word' id='word_1_40' title='bbox 2015 1018 2238 1084; x_wconf 84' lang='lat' dir='ltr'><strong>veniet</strong></span> 
     </span>
     <span class='ocr_line' id='line_1_10' title="bbox 675 1130 1237 1199; baseline 0 -1"><span class='ocrx_word' id='word_1_41' title='bbox 675 1140 741 1199; x_wconf 88' lang='lat' dir='ltr'><strong>et</strong></span> <span class='ocrx_word' id='word_1_42' title='bbox 758 1130 1065 1199; x_wconf 80' lang='lat' dir='ltr'><em>salvabit</em></span> <span class='ocrx_word' id='word_1_43' title='bbox 1091 1154 1237 1199; x_wconf 84' lang='lat' dir='ltr'><strong>nos.</strong></span> 
     </span>
    </p>
   </div>
   <div class='ocr_carea' id='block_1_5' title="bbox 651 1442 2231 4127">
    <p class='ocr_par' dir='ltr' id='par_1_5' title="bbox 651 1442 2231 4127">
     <span class='ocr_line' id='line_1_11' title="bbox 770 1442 2231 1538; baseline 0.001 -29"><span class='ocrx_word' id='word_1_44' title='bbox 770 1476 802 1510; x_wconf 92' lang='lat'>«</span> <span class='ocrx_word' id='word_1_45' title='bbox 849 1450 1071 1533; x_wconf 84' lang='lat' dir='ltr'><strong>Quam</strong></span> <span class='ocrx_word' id='word_1_46' title='bbox 1137 1447 1375 1517; x_wconf 84' lang='lat' dir='ltr'><strong>dulcia</strong></span> <span class='ocrx_word' id='word_1_47' title='bbox 1411 1442 1768 1538; x_wconf 81' lang='lat' dir='ltr'><strong>saucibus.</strong></span> <span class='ocrx_word' id='word_1_48' title='bbox 1814 1467 1849 1508; x_wconf 70' lang='grc' dir='ltr'><strong>ιι</strong></span> <span class='ocrx_word' id='word_1_49' title='bbox 1910 1443 2040 1511; x_wconf 87' lang='lat' dir='ltr'><strong>IIic</strong></span> <span class='ocrx_word' id='word_1_50' title='bbox 2096 1451 2231 1511; x_wconf 89' lang='lat' dir='ltr'><strong>ter-</strong></span> 
     </span>
     <span class='ocr_line' id='line_1_12' title="bbox 675 1550 2230 1644; baseline -0.004 -23"><span class='ocrx_word' id='word_1_51' title='bbox 675 1554 843 1621; x_wconf 89' lang='lat' dir='ltr'><strong>tium</strong></span> <span class='ocrx_word' id='word_1_52' title='bbox 884 1554 1199 1622; x_wconf 82' lang='lat' dir='ltr'><strong>secundae</strong></span> <span class='ocrx_word' id='word_1_53' title='bbox 1229 1556 1441 1644; x_wconf 86' lang='lat' dir='ltr'><strong>partis</strong></span> <span class='ocrx_word' id='word_1_54' title='bbox 1474 1552 1687 1618; x_wconf 87' lang='lat' dir='ltr'><strong>totius</strong></span> <span class='ocrx_word' id='word_1_55' title='bbox 1729 1551 2090 1629; x_wconf 90' lang='lat' dir='ltr'><strong>octonarii,</strong></span> <span class='ocrx_word' id='word_1_56' title='bbox 2161 1550 2230 1615; x_wconf 92' lang='lat' dir='ltr'><strong>in</strong></span> 
     </span>
     <span class='ocr_line' id='line_1_13' title="bbox 670 1657 2231 1753; baseline -0.003 -23"><span class='ocrx_word' id='word_1_57' title='bbox 670 1685 805 1752; x_wconf 91' lang='lat' dir='ltr'><strong>quo</strong></span> <span class='ocrx_word' id='word_1_58' title='bbox 835 1663 1129 1732; x_wconf 83' lang='lat' dir='ltr'><strong>ostendit</strong></span> <span class='ocrx_word' id='word_1_59' title='bbox 1158 1685 1230 1731; x_wconf 87' lang='lat' dir='ltr'><strong>se</strong></span> <span class='ocrx_word' id='word_1_60' title='bbox 1258 1662 1643 1753; x_wconf 79' lang='lat' dir='ltr'><strong>percepisse</strong></span> <span class='ocrx_word' id='word_1_61' title='bbox 1683 1657 2062 1726; x_wconf 78' lang='lat' dir='ltr'><strong>bonitatem</strong></span> <span class='ocrx_word' id='word_1_62' title='bbox 2122 1658 2231 1726; x_wconf 91' lang='lat' dir='ltr'><strong>di-</strong></span> 
     </span>
     <span class='ocr_line' id='line_1_14' title="bbox 667 1764 2230 1860; baseline -0.002 -25"><span class='ocrx_word' id='word_1_63' title='bbox 667 1771 842 1836; x_wconf 76' lang='lat' dir='ltr'><strong>vinae</strong></span> <span class='ocrx_word' id='word_1_64' title='bbox 876 1769 1044 1860; x_wconf 89' lang='lat' dir='ltr'><strong>legis</strong></span> <span class='ocrx_word' id='word_1_65' title='bbox 1081 1792 1096 1837; x_wconf 72' lang='grc' dir='ltr'>ε</span> <span class='ocrx_word' id='word_1_66' title='bbox 1131 1777 1198 1837; x_wconf 88' lang='lat' dir='ltr'><strong>et</strong></span> <span class='ocrx_word' id='word_1_67' title='bbox 1228 1771 1431 1836; x_wconf 89' lang='lat' dir='ltr'><strong>etiam</strong></span> <span class='ocrx_word' id='word_1_68' title='bbox 1470 1792 1503 1828; x_wconf 68' lang='lat' dir='ltr'><em>a</em></span> <span class='ocrx_word' id='word_1_69' title='bbox 1540 1764 1821 1854; x_wconf 86' lang='lat' dir='ltr'><strong>eloquia</strong></span> <span class='ocrx_word' id='word_1_70' title='bbox 1853 1772 1998 1848; x_wconf 84' lang='lat' dir='ltr'><strong>tua,</strong></span> <span class='ocrx_word' id='word_1_71' title='bbox 2033 1789 2066 1828; x_wconf 82' lang='grc'><strong>»</strong></span> <span class='ocrx_word' id='word_1_72' title='bbox 2134 1764 2230 1832; x_wconf 84' lang='lat' dir='ltr'><strong>fa-</strong></span> 
     </span>
     <span class='ocr_line' id='line_1_15' title="bbox 666 1871 2226 1968; baseline -0.002 -25"><span class='ocrx_word' id='word_1_73' title='bbox 666 1886 770 1944; x_wconf 87' lang='lat' dir='ltr'><strong>cta</strong></span> <span class='ocrx_word' id='word_1_74' title='bbox 810 1885 990 1955; x_wconf 87' lang='lat' dir='ltr'><strong>sunt,</strong></span> <span class='ocrx_word' id='word_1_75' title='bbox 1038 1902 1071 1942; x_wconf 72' lang='grc' dir='ltr'>ι</span> <span class='ocrx_word' id='word_1_76' title='bbox 1104 1898 1316 1968; x_wconf 82' lang='lat' dir='ltr'><strong>quam</strong></span> <span class='ocrx_word' id='word_1_77' title='bbox 1374 1874 1646 1952; x_wconf 80' lang='lat' dir='ltr'><strong>dulcia,</strong></span> <span class='ocrx_word' id='word_1_78' title='bbox 1686 1898 1717 1936; x_wconf 69' lang='grc' dir='ltr'><strong>ιι</strong></span> <span class='ocrx_word' id='word_1_79' title='bbox 1783 1871 1850 1939; x_wconf 90' lang='lat' dir='ltr'><strong>id</strong></span> <span class='ocrx_word' id='word_1_80' title='bbox 1891 1880 1993 1939; x_wconf 88' lang='lat' dir='ltr'><strong>est</strong></span> <span class='ocrx_word' id='word_1_81' title='bbox 2026 1871 2226 1941; x_wconf 83' lang='lat' dir='ltr'><strong>valde</strong></span> 
     </span>
     <span class='ocr_line' id='line_1_16' title="bbox 665 1979 2222 2073; baseline -0.003 -24"><span class='ocrx_word' id='word_1_82' title='bbox 665 1982 913 2067; x_wconf 87' lang='lat' dir='ltr'><strong>dulcia,</strong></span> <span class='ocrx_word' id='word_1_83' title='bbox 977 2011 1010 2047; x_wconf 77' lang='grc' dir='ltr'><strong>α</strong></span> <span class='ocrx_word' id='word_1_84' title='bbox 1069 1982 1397 2073; x_wconf 76' lang='lat' dir='ltr'><strong>saucibus</strong></span> <span class='ocrx_word' id='word_1_85' title='bbox 1446 1981 1619 2049; x_wconf 85' lang='lat' dir='ltr'><strong>meis</strong></span> <span class='ocrx_word' id='word_1_86' title='bbox 1664 2003 1697 2042; x_wconf 82' lang='lat'><strong>»</strong></span> <span class='ocrx_word' id='word_1_87' title='bbox 1756 1979 2222 2065; x_wconf 74' lang='lat' dir='ltr'><strong>interioribus»,</strong></span> 
     </span>
     <span class='ocr_line' id='line_1_17' title="bbox 662 2084 2219 2159; baseline -0.003 -3"><span class='ocrx_word' id='word_1_88' title='bbox 662 2089 917 2159; x_wconf 90' lang='lat' dir='ltr'><strong>scilicet</strong></span> <span class='ocrx_word' id='word_1_89' title='bbox 990 2089 1260 2159; x_wconf 81' lang='lat' dir='ltr'><strong>affectui</strong></span> <span class='ocrx_word' id='word_1_90' title='bbox 1315 2112 1476 2158; x_wconf 83' lang='lat' dir='ltr'><strong>meo</strong></span> <span class='ocrx_word' id='word_1_91' title='bbox 1553 2085 1641 2153; x_wconf 86' lang='lat' dir='ltr'><strong>ad</strong></span> <span class='ocrx_word' id='word_1_92' title='bbox 1691 2084 2219 2153; x_wconf 87' lang='lat' dir='ltr'><strong>meditandum:</strong></span> 
     </span>
     <span class='ocr_line' id='line_1_18' title="bbox 663 2195 2222 2283; baseline -0.002 -17"><span class='ocrx_word' id='word_1_93' title='bbox 663 2197 994 2267; x_wconf 80' lang='lat' dir='ltr'><strong>Ezechiel.</strong></span> <span class='ocrx_word' id='word_1_94' title='bbox 1046 2221 1146 2283; x_wconf 86' lang='lat'><strong>111,</strong></span> <span class='ocrx_word' id='word_1_95' title='bbox 1180 2201 1220 2267; x_wconf 81' lang='lat'><strong>3</strong></span> <span class='ocrx_word' id='word_1_96' title='bbox 1265 2222 1281 2268; x_wconf 72' lang='grc' dir='ltr'><strong><em>ε</em></strong></span> <span class='ocrx_word' id='word_1_97' title='bbox 1324 2202 1626 2267; x_wconf 84' lang='lat' dir='ltr'><strong>Factum</strong></span> <span class='ocrx_word' id='word_1_98' title='bbox 1676 2204 1774 2261; x_wconf 86' lang='lat' dir='ltr'><strong>est</strong></span> <span class='ocrx_word' id='word_1_99' title='bbox 1828 2195 2047 2262; x_wconf 84' lang='lat' dir='ltr'><strong>inore</strong></span> <span class='ocrx_word' id='word_1_100' title='bbox 2075 2217 2222 2263; x_wconf 84' lang='lat' dir='ltr'><strong>meo</strong></span> 
     </span>
     <span class='ocr_line' id='line_1_19' title="bbox 660 2301 2225 2395; baseline -0.003 -23"><span class='ocrx_word' id='word_1_101' title='bbox 660 2306 931 2395; x_wconf 89' lang='lat' dir='ltr'><strong>(dieitur</strong></span> <span class='ocrx_word' id='word_1_102' title='bbox 964 2306 1046 2374; x_wconf 88' lang='lat' dir='ltr'><strong>de</strong></span> <span class='ocrx_word' id='word_1_103' title='bbox 1084 2305 1262 2375; x_wconf 88' lang='lat' dir='ltr'><strong>libro</strong></span> <span class='ocrx_word' id='word_1_104' title='bbox 1294 2303 1631 2391; x_wconf 76' lang='lat' dir='ltr'><strong>comesto)</strong></span> <span class='ocrx_word' id='word_1_105' title='bbox 1665 2302 1871 2392; x_wconf 82' lang='lat' dir='ltr'><strong>quasi</strong></span> <span class='ocrx_word' id='word_1_106' title='bbox 1897 2303 2039 2370; x_wconf 84' lang='lat' dir='ltr'><strong>mel</strong></span> <span class='ocrx_word' id='word_1_107' title='bbox 2066 2301 2225 2370; x_wconf 86' lang='lat' dir='ltr'><strong>dul·</strong></span> 
     </span>
     <span class='ocr_line' id='line_1_20' title="bbox 659 2407 2217 2505; baseline -0.003 -24"><span class='ocrx_word' id='word_1_108' title='bbox 659 2425 794 2491; x_wconf 83' lang='lat' dir='ltr'><strong>ce⁸,</strong></span> <span class='ocrx_word' id='word_1_109' title='bbox 840 2415 979 2482; x_wconf 89' lang='lat' dir='ltr'><strong>imo</strong></span> <span class='ocrx_word' id='word_1_110' title='bbox 1019 2412 1385 2505; x_wconf 81' lang='lat' dir='ltr'><strong>plusquam</strong></span> <span class='ocrx_word' id='word_1_111' title='bbox 1437 2409 1578 2480; x_wconf 82' lang='lat' dir='ltr'><strong>mel</strong></span> <span class='ocrx_word' id='word_1_112' title='bbox 1617 2430 1632 2477; x_wconf 91' lang='lat'>:</span> <span class='ocrx_word' id='word_1_113' title='bbox 1697 2407 1879 2477; x_wconf 91' lang='lat' dir='ltr'><strong>unde</strong></span> <span class='ocrx_word' id='word_1_114' title='bbox 1927 2407 2158 2477; x_wconf 77' lang='lat' dir='ltr'>subdit</span> <span class='ocrx_word' id='word_1_115' title='bbox 2200 2429 2217 2478; x_wconf 89' lang='lat'>:</span> 
     </span>
     <span class='ocr_line' id='line_1_21' title="bbox 662 2515 2220 2612; baseline -0.002 -26"><span class='ocrx_word' id='word_1_116' title='bbox 662 2546 695 2586; x_wconf 71' lang='grc' dir='ltr'>ι</span> <span class='ocrx_word' id='word_1_117' title='bbox 727 2523 951 2612; x_wconf 86' lang='lat' dir='ltr'><strong>Super</strong></span> <span class='ocrx_word' id='word_1_118' title='bbox 987 2521 1126 2590; x_wconf 86' lang='lat' dir='ltr'><strong>mel</strong></span> <span class='ocrx_word' id='word_1_119' title='bbox 1160 2522 1268 2587; x_wconf 91' lang='lat' dir='ltr'><strong>ori</strong></span> <span class='ocrx_word' id='word_1_120' title='bbox 1300 2543 1448 2588; x_wconf 85' lang='lat' dir='ltr'><strong>meo</strong></span> <span class='ocrx_word' id='word_1_121' title='bbox 1481 2548 1514 2579; x_wconf 72' lang='grc' dir='ltr'><strong><em>ο</em></strong></span> <span class='ocrx_word' id='word_1_122' title='bbox 1579 2515 1915 2595; x_wconf 89' lang='lat' dir='ltr'><strong>interiori,</strong></span> <span class='ocrx_word' id='word_1_123' title='bbox 1950 2515 2220 2607; x_wconf 85' lang='lat' dir='ltr'><strong>supple,</strong></span> 
     </span>
     <span class='ocr_line' id='line_1_22' title="bbox 660 2623 2223 2721; baseline -0.003 -24"><span class='ocrx_word' id='word_1_124' title='bbox 660 2630 906 2699; x_wconf 79' lang='lat' dir='ltr'><strong>iactum</strong></span> <span class='ocrx_word' id='word_1_125' title='bbox 938 2638 1038 2700; x_wconf 87' lang='lat' dir='ltr'><strong>est</strong></span> <span class='ocrx_word' id='word_1_126' title='bbox 1060 2628 1282 2710; x_wconf 83' lang='lat' dir='ltr'><strong>dulce,</strong></span> <span class='ocrx_word' id='word_1_127' title='bbox 1319 2625 1600 2721; x_wconf 86' lang='lat' dir='ltr'><strong>quando</strong></span> <span class='ocrx_word' id='word_1_128' title='bbox 1634 2623 1850 2692; x_wconf 85' lang='lat' dir='ltr'><strong>debeo</strong></span> <span class='ocrx_word' id='word_1_129' title='bbox 1882 2623 2051 2692; x_wconf 90' lang='lat' dir='ltr'><strong>illud</strong></span> <span class='ocrx_word' id='word_1_130' title='bbox 2071 2624 2223 2694; x_wconf 89' lang='lat' dir='ltr'><strong>elo-</strong></span> 
     </span>
     <span class='ocr_line' id='line_1_23' title="bbox 657 2731 2211 2828; baseline -0.003 -24"><span class='ocrx_word' id='word_1_131' title='bbox 657 2738 771 2828; x_wconf 88' lang='lat' dir='ltr'><strong>qui</strong></span> <span class='ocrx_word' id='word_1_132' title='bbox 812 2738 1014 2805; x_wconf 89' lang='lat' dir='ltr'><strong>etiam</strong></span> <span class='ocrx_word' id='word_1_133' title='bbox 1064 2761 1182 2807; x_wconf 91' lang='lat' dir='ltr'><strong>ore</strong></span> <span class='ocrx_word' id='word_1_134' title='bbox 1213 2735 1565 2805; x_wconf 79' lang='lat' dir='ltr'><strong>exteriori.</strong></span> <span class='ocrx_word' id='word_1_135' title='bbox 1612 2731 1821 2802; x_wconf 86' lang='lat' dir='ltr'><strong>Eccli.</strong></span> <span class='ocrx_word' id='word_1_136' title='bbox 1856 2755 2050 2812; x_wconf 83' lang='lat' dir='ltr'><strong>xxm,</strong></span> <span class='ocrx_word' id='word_1_137' title='bbox 2085 2733 2211 2799; x_wconf 85' lang='lat'><strong>37:</strong></span> 
     </span>
     <span class='ocr_line' id='line_1_24' title="bbox 657 2841 2219 2938; baseline -0.004 -24"><span class='ocrx_word' id='word_1_138' title='bbox 657 2845 854 2914; x_wconf 78' lang='lat' dir='ltr'><strong>Nilei!</strong></span> <span class='ocrx_word' id='word_1_139' title='bbox 872 2846 1148 2914; x_wconf 84' lang='lat' dir='ltr'><strong>dulcius</strong></span> <span class='ocrx_word' id='word_1_140' title='bbox 1175 2868 1386 2938; x_wconf 87' lang='lat' dir='ltr'><strong>quam</strong></span> <span class='ocrx_word' id='word_1_141' title='bbox 1419 2843 1753 2933; x_wconf 75' lang='lat' dir='ltr'><strong>respicere</strong></span> <span class='ocrx_word' id='word_1_142' title='bbox 1773 2843 1842 2909; x_wconf 82' lang='lat' dir='ltr'><strong>in</strong></span> <span class='ocrx_word' id='word_1_143' title='bbox 1866 2841 2219 2909; x_wconf 72' lang='lat' dir='ltr'><strong>rnaeidatis</strong></span> 
     </span>
     <span class='ocr_line' id='line_1_25' title="bbox 655 2947 2214 3036; baseline -0.004 -16"><span class='ocrx_word' id='word_1_144' title='bbox 655 2953 806 3020; x_wconf 91' lang='lat' dir='ltr'><strong>Dei.</strong></span> <span class='ocrx_word' id='word_1_145' title='bbox 847 2951 1173 3022; x_wconf 80' lang='lat' dir='ltr'><strong>Proverb.</strong></span> <span class='ocrx_word' id='word_1_146' title='bbox 1218 2975 1406 3030; x_wconf 73' lang='lat' dir='ltr'><strong>xxiv,</strong></span> <span class='ocrx_word' id='word_1_147' title='bbox 1499 2950 1625 3017; x_wconf 79' lang='lat'><strong>¹3:</strong></span> <span class='ocrx_word' id='word_1_148' title='bbox 1684 2948 1996 3028; x_wconf 85' lang='lat' dir='ltr'><strong>Comede,</strong></span> <span class='ocrx_word' id='word_1_149' title='bbox 2072 2947 2214 3036; x_wconf 84' lang='lat' dir='ltr'><strong>fili,</strong></span> 
     </span>
     <span class='ocr_line' id='line_1_26' title="bbox 654 3054 2211 3146; baseline -0.003 -19"><span class='ocrx_word' id='word_1_150' title='bbox 654 3060 813 3145; x_wconf 85' lang='lat' dir='ltr'><strong>mel,</strong></span> <span class='ocrx_word' id='word_1_151' title='bbox 874 3060 1303 3130; x_wconf 88' lang='lat' dir='ltr'><strong>dulcedinem</strong></span> <span class='ocrx_word' id='word_1_152' title='bbox 1356 3060 1618 3128; x_wconf 88' lang='lat' dir='ltr'><strong>scilicet</strong></span> <span class='ocrx_word' id='word_1_153' title='bbox 1684 3055 1899 3124; x_wconf 82' lang='lat' dir='ltr'><strong>divini</strong></span> <span class='ocrx_word' id='word_1_154' title='bbox 1929 3054 2211 3146; x_wconf 88' lang='lat' dir='ltr'><strong>eloquii,</strong></span> 
     </span>
     <span class='ocr_line' id='line_1_27' title="bbox 651 3164 2218 3261; baseline -0.003 -26"><span class='ocrx_word' id='word_1_155' title='bbox 651 3171 818 3261; x_wconf 83' lang='lat' dir='ltr'><strong>quia</strong></span> <span class='ocrx_word' id='word_1_156' title='bbox 850 3168 1100 3238; x_wconf 79' lang='lat' dir='ltr'><strong>bonum</strong></span> <span class='ocrx_word' id='word_1_157' title='bbox 1132 3178 1229 3237; x_wconf 82' lang='lat' dir='ltr'><strong>est</strong></span> <span class='ocrx_word' id='word_1_158' title='bbox 1259 3192 1283 3237; x_wconf 91' lang='grc'><strong>.·</strong></span> <span class='ocrx_word' id='word_1_159' title='bbox 1322 3171 1446 3237; x_wconf 89' lang='lat' dir='ltr'><strong>etsi</strong></span> <span class='ocrx_word' id='word_1_160' title='bbox 1491 3173 1730 3234; x_wconf 80' lang='lat' dir='ltr'><strong>cortex</strong></span> <span class='ocrx_word' id='word_1_161' title='bbox 1772 3164 2070 3232; x_wconf 83' lang='lat' dir='ltr'><strong>exterior</strong></span> <span class='ocrx_word' id='word_1_162' title='bbox 2117 3164 2218 3231; x_wconf 72' lang='lat' dir='ltr'><strong>vi-</strong></span> 
     </span>
     <span class='ocr_line' id='line_1_28' title="bbox 652 3270 2220 3368; baseline -0.004 -25"><span class='ocrx_word' id='word_1_163' title='bbox 652 3275 890 3345; x_wconf 83' lang='lat' dir='ltr'><strong>deatur</strong></span> <span class='ocrx_word' id='word_1_164' title='bbox 916 3275 1263 3368; x_wconf 72' lang='lat' dir='ltr'><strong>aliquibus</strong></span> <span class='ocrx_word' id='word_1_165' title='bbox 1301 3271 1680 3367; x_wconf 78' lang='lat' dir='ltr'><strong>aliquando</strong></span> <span class='ocrx_word' id='word_1_166' title='bbox 1713 3270 2074 3362; x_wconf 84' lang='lat' dir='ltr'><strong>insipidus,</strong></span> <span class='ocrx_word' id='word_1_167' title='bbox 2119 3273 2220 3338; x_wconf 90' lang='lat' dir='ltr'><strong>in·</strong></span> 
     </span>
     <span class='ocr_line' id='line_1_29' title="bbox 652 3377 2217 3469; baseline -0.004 -18"><span class='ocrx_word' id='word_1_168' title='bbox 652 3384 858 3451; x_wconf 86' lang='lat' dir='ltr'><strong>terior</strong></span> <span class='ocrx_word' id='word_1_169' title='bbox 896 3382 1223 3467; x_wconf 80' lang='lat' dir='ltr'><strong>medulla,</strong></span> <span class='ocrx_word' id='word_1_170' title='bbox 1255 3405 1500 3451; x_wconf 81' lang='lat' dir='ltr'><strong>sensus</strong></span> <span class='ocrx_word' id='word_1_171' title='bbox 1532 3377 1791 3446; x_wconf 85' lang='lat' dir='ltr'><strong>scilicet</strong></span> <span class='ocrx_word' id='word_1_172' title='bbox 1845 3377 2217 3469; x_wconf 87' lang='lat' dir='ltr'><strong>spiritualis</strong></span> 
     </span>
     <span class='ocr_line' id='line_1_30' title="bbox 655 3485 2208 3583; baseline -0.003 -24"><span class='ocrx_word' id='word_1_173' title='bbox 655 3514 925 3583; x_wconf 84' lang='lat' dir='ltr'><strong>semper</strong></span> <span class='ocrx_word' id='word_1_174' title='bbox 950 3498 1051 3559; x_wconf 89' lang='lat' dir='ltr'><strong>est</strong></span> <span class='ocrx_word' id='word_1_175' title='bbox 1080 3490 1549 3560; x_wconf 71' lang='lat' dir='ltr'><strong>dulcissimus.</strong></span> <span class='ocrx_word' id='word_1_176' title='bbox 1584 3485 1793 3554; x_wconf 80' lang='lat' dir='ltr'><strong>Eccli.</strong></span> <span class='ocrx_word' id='word_1_177' title='bbox 1840 3509 2029 3568; x_wconf 74' lang='lat' dir='ltr'><strong>xxiv,</strong></span> <span class='ocrx_word' id='word_1_178' title='bbox 2063 3488 2148 3556; x_wconf 82' lang='lat'><strong>27</strong></span> <span class='ocrx_word' id='word_1_179' title='bbox 2192 3507 2208 3554; x_wconf 72' lang='grc' dir='ltr'><em>τ</em></span> 
     </span>
     <span class='ocr_line' id='line_1_31' title="bbox 653 3594 2217 3692; baseline -0.004 -24"><span class='ocrx_word' id='word_1_180' title='bbox 653 3600 960 3692; x_wconf 78' lang='lat' dir='ltr'><strong>Spiritus</strong></span> <span class='ocrx_word' id='word_1_181' title='bbox 997 3621 1187 3667; x_wconf 81' lang='lat' dir='ltr'><strong>meus</strong></span> <span class='ocrx_word' id='word_1_182' title='bbox 1212 3622 1421 3691; x_wconf 83' lang='lat' dir='ltr'><strong>super</strong></span> <span class='ocrx_word' id='word_1_183' title='bbox 1452 3594 1598 3664; x_wconf 86' lang='lat' dir='ltr'><strong>mel</strong></span> <span class='ocrx_word' id='word_1_184' title='bbox 1625 3594 1878 3675; x_wconf 83' lang='lat' dir='ltr'><strong>duleis,</strong></span> <span class='ocrx_word' id='word_1_185' title='bbox 1907 3603 1970 3661; x_wconf 89' lang='lat' dir='ltr'><strong>et</strong></span> <span class='ocrx_word' id='word_1_186' title='bbox 1995 3594 2217 3662; x_wconf 71' lang='lat' dir='ltr'><strong>luere-</strong></span> 
     </span>
     <span class='ocr_line' id='line_1_32' title="bbox 656 3702 2217 3801; baseline -0.003 -25"><span class='ocrx_word' id='word_1_187' title='bbox 656 3708 839 3777; x_wconf 84' lang='lat' dir='ltr'><strong>ditas</strong></span> <span class='ocrx_word' id='word_1_188' title='bbox 875 3731 1025 3777; x_wconf 83' lang='lat' dir='ltr'><strong>mea</strong></span> <span class='ocrx_word' id='word_1_189' title='bbox 1050 3731 1259 3801; x_wconf 86' lang='lat' dir='ltr'><strong>super</strong></span> <span class='ocrx_word' id='word_1_190' title='bbox 1293 3708 1437 3777; x_wconf 85' lang='lat' dir='ltr'><strong>mel</strong></span> <span class='ocrx_word' id='word_1_191' title='bbox 1461 3715 1531 3775; x_wconf 89' lang='lat' dir='ltr'><strong>et</strong></span> <span class='ocrx_word' id='word_1_192' title='bbox 1569 3706 1820 3795; x_wconf 75' lang='lat' dir='ltr'><strong>savum</strong></span> <span class='ocrx_word' id='word_1_193' title='bbox 1843 3726 1867 3771; x_wconf 93' lang='lat'><strong>.·</strong></span> <span class='ocrx_word' id='word_1_194' title='bbox 1906 3702 2217 3772; x_wconf 73' lang='lat' dir='ltr'><strong>faucibus</strong></span> 
     </span>
     <span class='ocr_line' id='line_1_33' title="bbox 654 3809 2219 3910; baseline -0.004 -26"><span class='ocrx_word' id='word_1_195' title='bbox 654 3815 1111 3896; x_wconf 86' lang='lat' dir='ltr'><strong>interioribus,</strong></span> <span class='ocrx_word' id='word_1_196' title='bbox 1128 3816 1213 3885; x_wconf 91' lang='lat' dir='ltr'><strong>de</strong></span> <span class='ocrx_word' id='word_1_197' title='bbox 1233 3816 1513 3910; x_wconf 83' lang='lat' dir='ltr'><strong>quibus,</strong></span> <span class='ocrx_word' id='word_1_198' title='bbox 1530 3809 1695 3894; x_wconf 87' lang='lat' dir='ltr'><strong>Job,</strong></span> <span class='ocrx_word' id='word_1_199' title='bbox 1718 3833 1841 3891; x_wconf 64' lang='grc' dir='ltr'><strong>χιι,</strong></span> <span class='ocrx_word' id='word_1_200' title='bbox 1871 3812 1941 3878; x_wconf 78' lang='lat'><strong>11</strong></span> <span class='ocrx_word' id='word_1_201' title='bbox 1977 3830 1994 3879; x_wconf 90' lang='lat'><strong>:</strong></span> <span class='ocrx_word' id='word_1_202' title='bbox 2020 3811 2219 3879; x_wconf 80' lang='lat' dir='ltr'><strong>Non-</strong></span> 
     </span>
     <span class='ocr_line' id='line_1_34' title="bbox 652 3920 2218 4017; baseline -0.003 -25"><span class='ocrx_word' id='word_1_203' title='bbox 652 3947 736 3992; x_wconf 82' lang='lat' dir='ltr'><strong>ne</strong></span> <span class='ocrx_word' id='word_1_204' title='bbox 763 3926 956 3993; x_wconf 82' lang='lat' dir='ltr'><strong>auris</strong></span> <span class='ocrx_word' id='word_1_205' title='bbox 982 3924 1186 3994; x_wconf 82' lang='lat' dir='ltr'><strong>verba</strong></span> <span class='ocrx_word' id='word_1_206' title='bbox 1207 3924 1597 4017; x_wconf 82' lang='lat' dir='ltr'><strong>dijudicat,</strong></span> <span class='ocrx_word' id='word_1_207' title='bbox 1629 3928 1695 3988; x_wconf 88' lang='lat' dir='ltr'><strong>et</strong></span> <span class='ocrx_word' id='word_1_208' title='bbox 1721 3920 1985 4010; x_wconf 80' lang='lat' dir='ltr'><strong>lauces,</strong></span> <span class='ocrx_word' id='word_1_209' title='bbox 2019 3941 2218 3988; x_wconf 88' lang='lat' dir='ltr'><strong>com-</strong></span> 
     </span>
     <span class='ocr_line' id='line_1_35' title="bbox 652 4025 1659 4127; baseline -0.004 -26"><span class='ocrx_word' id='word_1_210' title='bbox 652 4032 914 4102; x_wconf 87' lang='lat' dir='ltr'><strong>edentis</strong></span> <span class='ocrx_word' id='word_1_211' title='bbox 951 4031 1235 4115; x_wconf 88' lang='lat' dir='ltr'><strong>scilicet,</strong></span> <span class='ocrx_word' id='word_1_212' title='bbox 1272 4025 1659 4127; x_wconf 81' lang='lat' dir='ltr'><strong>saporem?</strong></span> 
     </span>
    </p>
   </div>
   <div class='ocr_carea' id='block_1_6' title="bbox 637 4352 2215 5529">
    <p class='ocr_par' dir='ltr' id='par_1_6' title="bbox 637 4352 2215 5529">
     <span class='ocr_line' id='line_1_36' title="bbox 744 4352 2208 4430; baseline -0.005 -4"><span class='ocrx_word' id='word_1_213' title='bbox 744 4384 778 4426; x_wconf 75' lang='grc' dir='ltr'>ι</span> <span class='ocrx_word' id='word_1_214' title='bbox 808 4363 864 4430; x_wconf 81' lang='grc' dir='ltr'><em>Α</em></span> <span class='ocrx_word' id='word_1_215' title='bbox 898 4358 1254 4429; x_wconf 81' lang='lat' dir='ltr'><strong>mandatis</strong></span> <span class='ocrx_word' id='word_1_216' title='bbox 1302 4361 1466 4428; x_wconf 80' lang='lat' dir='ltr'><strong>tuis.</strong></span> <span class='ocrx_word' id='word_1_217' title='bbox 1507 4383 1543 4420; x_wconf 70' lang='lat' dir='ltr'>n</span> <span class='ocrx_word' id='word_1_218' title='bbox 1617 4353 1746 4421; x_wconf 80' lang='lat' dir='ltr'><strong>nic</strong></span> <span class='ocrx_word' id='word_1_219' title='bbox 1803 4352 2208 4422; x_wconf 88' lang='lat' dir='ltr'><strong>secundum.</strong></span> 
     </span>
     <span class='ocr_line' id='line_1_37' title="bbox 653 4459 2215 4548; baseline -0.004 -12"><span class='ocrx_word' id='word_1_220' title='bbox 653 4466 861 4548; x_wconf 85' lang='lat' dir='ltr'><strong>Quasi</strong></span> <span class='ocrx_word' id='word_1_221' title='bbox 899 4468 1152 4536; x_wconf 88' lang='lat' dir='ltr'><strong>diceret</strong></span> <span class='ocrx_word' id='word_1_222' title='bbox 1195 4489 1212 4535; x_wconf 74' lang='grc' dir='ltr'><strong>ε</strong></span> <span class='ocrx_word' id='word_1_223' title='bbox 1276 4466 1392 4535; x_wconf 89' lang='lat' dir='ltr'><strong>Sic</strong></span> <span class='ocrx_word' id='word_1_224' title='bbox 1441 4461 1617 4535; x_wconf 82' lang='lat' dir='ltr'><strong>mihi</strong></span> <span class='ocrx_word' id='word_1_225' title='bbox 1674 4459 1901 4530; x_wconf 87' lang='lat' dir='ltr'><strong>dulcia</strong></span> <span class='ocrx_word' id='word_1_226' title='bbox 1938 4460 2215 4529; x_wconf 74' lang='lat' dir='ltr'><strong>fuorunt</strong></span> 
     </span>
     <span class='ocr_line' id='line_1_38' title="bbox 651 4567 2214 4667; baseline -0.006 -23"><span class='ocrx_word' id='word_1_227' title='bbox 651 4574 922 4667; x_wconf 87' lang='lat' dir='ltr'><strong>eloquia</strong></span> <span class='ocrx_word' id='word_1_228' title='bbox 964 4583 1109 4655; x_wconf 84' lang='lat' dir='ltr'><strong>tua,</strong></span> <span class='ocrx_word' id='word_1_229' title='bbox 1188 4582 1256 4643; x_wconf 88' lang='lat' dir='ltr'><strong>et</strong></span> <span class='ocrx_word' id='word_1_230' title='bbox 1319 4596 1405 4643; x_wconf 88' lang='lat' dir='ltr'><strong>ex</strong></span> <span class='ocrx_word' id='word_1_231' title='bbox 1474 4570 1611 4641; x_wconf 87' lang='lat' dir='ltr'><strong>boc</strong></span> <span class='ocrx_word' id='word_1_232' title='bbox 1663 4593 1698 4636; x_wconf 71' lang='grc' dir='ltr'>ι</span> <span class='ocrx_word' id='word_1_233' title='bbox 1760 4592 1805 4634; x_wconf 87' lang='grc' dir='ltr'><em>α</em></span> <span class='ocrx_word' id='word_1_234' title='bbox 1860 4567 2214 4637; x_wconf 82' lang='lat' dir='ltr'><strong>mandatis</strong></span> 
     </span>
     <span class='ocr_line' id='line_1_39' title="bbox 652 4674 2208 4768; baseline -0.006 -17"><span class='ocrx_word' id='word_1_235' title='bbox 652 4684 812 4768; x_wconf 84' lang='lat' dir='ltr'><strong>tuis,</strong></span> <span class='ocrx_word' id='word_1_236' title='bbox 882 4707 917 4750; x_wconf 72' lang='grc' dir='ltr'>ι</span> <span class='ocrx_word' id='word_1_237' title='bbox 999 4679 1176 4750; x_wconf 87' lang='lat' dir='ltr'><strong>mihi</strong></span> <span class='ocrx_word' id='word_1_238' title='bbox 1245 4681 1539 4751; x_wconf 79' lang='lat' dir='ltr'><strong>interius</strong></span> <span class='ocrx_word' id='word_1_239' title='bbox 1634 4674 2208 4755; x_wconf 76' lang='lat' dir='ltr'><strong>dulcescentibus,</strong></span> 
     </span>
     <span class='ocr_line' id='line_1_40' title="bbox 653 4783 2215 4878; baseline -0.004 -23"><span class='ocrx_word' id='word_1_240' title='bbox 653 4818 687 4855; x_wconf 77' lang='grc' dir='ltr'><strong>α</strong></span> <span class='ocrx_word' id='word_1_241' title='bbox 731 4789 1068 4868; x_wconf 71' lang='lat' dir='ltr'><strong>intellexi,</strong></span> <span class='ocrx_word' id='word_1_242' title='bbox 1105 4788 1510 4878; x_wconf 79' lang='lat' dir='ltr'><strong>»majorem</strong></span> <span class='ocrx_word' id='word_1_243' title='bbox 1547 4783 1805 4851; x_wconf 84' lang='lat' dir='ltr'><strong>scilicet</strong></span> <span class='ocrx_word' id='word_1_244' title='bbox 1835 4789 1905 4851; x_wconf 90' lang='lat' dir='ltr'><strong>et</strong></span> <span class='ocrx_word' id='word_1_245' title='bbox 1958 4783 2215 4852; x_wconf 88' lang='lat' dir='ltr'><strong>certio-</strong></span> 
     </span>
     <span class='ocr_line' id='line_1_41' title="bbox 652 4889 2205 4989; baseline -0.007 -22"><span class='ocrx_word' id='word_1_246' title='bbox 652 4920 791 4967; x_wconf 92' lang='lat' dir='ltr'><strong>rem</strong></span> <span class='ocrx_word' id='word_1_247' title='bbox 822 4894 1345 4989; x_wconf 86' lang='lat' dir='ltr'><strong>intelligentiam</strong></span> <span class='ocrx_word' id='word_1_248' title='bbox 1386 4892 1631 4963; x_wconf 83' lang='lat' dir='ltr'><strong>habui.</strong></span> <span class='ocrx_word' id='word_1_249' title='bbox 1714 4889 1922 4960; x_wconf 86' lang='lat' dir='ltr'><strong>Eccli.</strong></span> <span class='ocrx_word' id='word_1_250' title='bbox 1955 4912 2004 4971; x_wconf 84' lang='lat'><strong>1,</strong></span> <span class='ocrx_word' id='word_1_251' title='bbox 2076 4890 2205 4958; x_wconf 86' lang='lat'><strong>33:</strong></span> 
     </span>
     <span class='ocr_line' id='line_1_42' title="bbox 651 4998 2210 5098; baseline -0.007 -23"><span class='ocrx_word' id='word_1_252' title='bbox 651 5004 827 5089; x_wconf 85' lang='lat' dir='ltr'><strong>Fili,</strong></span> <span class='ocrx_word' id='word_1_253' title='bbox 867 5004 1342 5098; x_wconf 80' lang='lat' dir='ltr'><strong>concupiscens</strong></span> <span class='ocrx_word' id='word_1_254' title='bbox 1373 4998 1829 5095; x_wconf 80' lang='lat' dir='ltr'><strong>sapientiam,</strong></span> <span class='ocrx_word' id='word_1_255' title='bbox 1889 5020 2210 5067; x_wconf 79' lang='lat' dir='ltr'><strong>conserva</strong></span> 
     </span>
     <span class='ocr_line' id='line_1_43' title="bbox 637 5102 2203 5204; baseline -0.005 -24"><span class='ocrx_word' id='word_1_256' title='bbox 637 5113 1020 5204; x_wconf 83' lang='lat' dir='ltr'><strong>justitiam,</strong></span> <span class='ocrx_word' id='word_1_257' title='bbox 1063 5121 1128 5179; x_wconf 89' lang='lat' dir='ltr'><strong>et</strong></span> <span class='ocrx_word' id='word_1_258' title='bbox 1189 5113 1381 5180; x_wconf 81' lang='lat' dir='ltr'><strong>Deus</strong></span> <span class='ocrx_word' id='word_1_259' title='bbox 1430 5104 1772 5202; x_wconf 66' lang='lat' dir='ltr'><strong>praebebit</strong></span> <span class='ocrx_word' id='word_1_260' title='bbox 1809 5104 2011 5176; x_wconf 81' lang='lat' dir='ltr'><strong>illam</strong></span> <span class='ocrx_word' id='word_1_261' title='bbox 2050 5102 2203 5182; x_wconf 80' lang='lat' dir='ltr'><strong>tibi,</strong></span> 
     </span>
     <span class='ocr_line' id='line_1_44' title="bbox 647 5214 2204 5304; baseline -0.006 -13"><span class='ocrx_word' id='word_1_262' title='bbox 647 5222 1002 5291; x_wconf 84' lang='lat' dir='ltr'><strong>certiorem</strong></span> <span class='ocrx_word' id='word_1_263' title='bbox 1059 5219 1319 5290; x_wconf 88' lang='lat' dir='ltr'><strong>scilicet</strong></span> <span class='ocrx_word' id='word_1_264' title='bbox 1381 5228 1451 5289; x_wconf 89' lang='lat' dir='ltr'><strong>et</strong></span> <span class='ocrx_word' id='word_1_265' title='bbox 1511 5216 1875 5304; x_wconf 85' lang='lat' dir='ltr'><strong>majorem.</strong></span> <span class='ocrx_word' id='word_1_266' title='bbox 1956 5214 2204 5284; x_wconf 90' lang='lat' dir='ltr'><strong>Genes.</strong></span> 
     </span>
     <span class='ocr_line' id='line_1_45' title="bbox 644 5322 2212 5409; baseline -0.003 -11"><span class='ocrx_word' id='word_1_267' title='bbox 644 5353 833 5407; x_wconf 79' lang='lat' dir='ltr'><strong>xvm,</strong></span> <span class='ocrx_word' id='word_1_268' title='bbox 874 5331 979 5409; x_wconf 82' lang='lat'><strong>17,</strong></span> <span class='ocrx_word' id='word_1_269' title='bbox 1049 5327 1401 5398; x_wconf 82' lang='lat' dir='ltr'><strong>Abraham</strong></span> <span class='ocrx_word' id='word_1_270' title='bbox 1462 5327 1694 5395; x_wconf 88' lang='lat' dir='ltr'><strong>bonus</strong></span> <span class='ocrx_word' id='word_1_271' title='bbox 1733 5332 1881 5394; x_wconf 84' lang='lat' dir='ltr'><strong>erat</strong></span> <span class='ocrx_word' id='word_1_272' title='bbox 1934 5333 2002 5395; x_wconf 91' lang='lat' dir='ltr'><strong>et</strong></span> <span class='ocrx_word' id='word_1_273' title='bbox 2040 5322 2212 5394; x_wconf 89' lang='lat' dir='ltr'><strong>obe-</strong></span> 
     </span>
     <span class='ocr_line' id='line_1_46' title="bbox 645 5433 2208 5529; baseline -0.003 -22"><span class='ocrx_word' id='word_1_274' title='bbox 645 5438 860 5507; x_wconf 90' lang='lat' dir='ltr'><strong>diens.</strong></span> <span class='ocrx_word' id='word_1_275' title='bbox 903 5436 989 5505; x_wconf 87' lang='lat' dir='ltr'><strong>Et</strong></span> <span class='ocrx_word' id='word_1_276' title='bbox 1017 5437 1183 5529; x_wconf 91' lang='lat' dir='ltr'><strong>quid</strong></span> <span class='ocrx_word' id='word_1_277' title='bbox 1211 5437 1382 5507; x_wconf 82' lang='lat' dir='ltr'><strong>dixit</strong></span> <span class='ocrx_word' id='word_1_278' title='bbox 1419 5433 1826 5508; x_wconf 79' lang='lat' dir='ltr'><strong>Dominus?</strong></span> <span class='ocrx_word' id='word_1_279' title='bbox 1879 5435 2065 5504; x_wconf 86' lang='lat' dir='ltr'><strong>Num</strong></span> <span class='ocrx_word' id='word_1_280' title='bbox 2094 5458 2208 5502; x_wconf 88' lang='lat' dir='ltr'><strong>ce-</strong></span> 
     </span>
    </p>
   </div>
   <div class='ocr_carea' id='block_1_7' title="bbox 718 5667 1479 5742">
    <p class='ocr_par' dir='ltr' id='par_1_7' title="bbox 718 5667 1479 5742">
     <span class='ocr_line' id='line_1_47' title="bbox 718 5667 1479 5742; baseline 0 -15"><span class='ocrx_word' id='word_1_281' title='bbox 718 5673 733 5709; x_wconf 86' lang='lat'><strong>¹</strong></span> <span class='ocrx_word' id='word_1_282' title='bbox 767 5668 854 5727; x_wconf 83' lang='lat' dir='ltr'><strong>Ct&#39;.</strong></span> <span class='ocrx_word' id='word_1_283' title='bbox 884 5667 1102 5742; x_wconf 75' lang='lat' dir='ltr'><strong>Apoeal</strong></span> <span class='ocrx_word' id='word_1_284' title='bbox 1156 5672 1269 5738; x_wconf 55' lang='grc' dir='ltr'><strong>ιβ</strong></span> <span class='ocrx_word' id='word_1_285' title='bbox 1296 5673 1356 5727; x_wconf 88' lang='lat' dir='ltr'><strong>et</strong></span> <span class='ocrx_word' id='word_1_286' title='bbox 1389 5672 1479 5726; x_wconf 77' lang='grc'><strong>10.</strong></span> 
     </span>
    </p>
   </div>
   <div class='ocr_carea' id='block_1_8' title="bbox 1681 312 2904 383">
    <p class='ocr_par' dir='ltr' id='par_1_8' title="bbox 1681 312 2904 383">
     <span class='ocr_line' id='line_1_48' title="bbox 1681 312 2904 383; baseline 0.002 -4"><span class='ocrx_word' id='word_1_287' title='bbox 1681 314 1762 380; x_wconf 90' lang='lat' dir='ltr'><strong>D.</strong></span> <span class='ocrx_word' id='word_1_288' title='bbox 1821 313 2020 382; x_wconf 88' lang='lat' dir='ltr'><strong>ALB.</strong></span> <span class='ocrx_word' id='word_1_289' title='bbox 2074 312 2294 382; x_wconf 90' lang='lat' dir='ltr'>MAG.</span> <span class='ocrx_word' id='word_1_290' title='bbox 2349 313 2556 383; x_wconf 85' lang='lat' dir='ltr'><strong>ORD.</strong></span> <span class='ocrx_word' id='word_1_291' title='bbox 2608 315 2904 383; x_wconf 88' lang='lat' dir='ltr'><strong>PRAED.</strong></span> 
     </span>
    </p>
   </div>
   <div class='ocr_carea' id='block_1_9' title="bbox 2341 480 3887 890">
    <p class='ocr_par' dir='ltr' id='par_1_9' title="bbox 2341 480 3887 890">
     <span class='ocr_line' id='line_1_49' title="bbox 2350 480 3887 573; baseline -0.003 -26"><span class='ocrx_word' id='word_1_292' title='bbox 2350 482 2495 548; x_wconf 88' lang='lat' dir='ltr'><strong>lare</strong></span> <span class='ocrx_word' id='word_1_293' title='bbox 2513 492 2745 572; x_wconf 81' lang='lat' dir='ltr'><strong>potero</strong></span> <span class='ocrx_word' id='word_1_294' title='bbox 2774 482 3128 549; x_wconf 78' lang='lat' dir='ltr'><strong>Abraham</strong></span> <span class='ocrx_word' id='word_1_295' title='bbox 3159 506 3311 573; x_wconf 77' lang='lat' dir='ltr'><strong>quae</strong></span> <span class='ocrx_word' id='word_1_296' title='bbox 3334 490 3657 572; x_wconf 75' lang='lat' dir='ltr'><strong>qesturus</strong></span> <span class='ocrx_word' id='word_1_297' title='bbox 3676 501 3827 546; x_wconf 80' lang='lat' dir='ltr'><strong>sum</strong></span> <span class='ocrx_word' id='word_1_298' title='bbox 3846 480 3887 544; x_wconf 72' lang='lat'><strong><em>?</em></strong></span> 
     </span>
     <span class='ocr_line' id='line_1_50' title="bbox 2345 584 3884 681; baseline -0.001 -27"><span class='ocrx_word' id='word_1_299' title='bbox 2345 588 2552 656; x_wconf 83' lang='lat' dir='ltr'><strong>Marc.</strong></span> <span class='ocrx_word' id='word_1_300' title='bbox 2590 613 2685 673; x_wconf 82' lang='lat'><strong>111,</strong></span> <span class='ocrx_word' id='word_1_301' title='bbox 2752 591 2830 657; x_wconf 87' lang='grc'><strong>16</strong></span> <span class='ocrx_word' id='word_1_302' title='bbox 2896 612 2909 655; x_wconf 89' lang='lat'><strong>:</strong></span> <span class='ocrx_word' id='word_1_303' title='bbox 2979 591 3319 681; x_wconf 78' lang='lat' dir='ltr'><strong>Imposuit</strong></span> <span class='ocrx_word' id='word_1_304' title='bbox 3381 589 3677 668; x_wconf 83' lang='lat' dir='ltr'><strong>Simoni,</strong></span> <span class='ocrx_word' id='word_1_305' title='bbox 3717 584 3884 653; x_wconf 91' lang='lat' dir='ltr'><strong>obe-</strong></span> 
     </span>
     <span class='ocr_line' id='line_1_51' title="bbox 2345 691 3886 784; baseline -0.001 -24"><span class='ocrx_word' id='word_1_306' title='bbox 2345 693 2553 761; x_wconf 89' lang='lat' dir='ltr'><strong>dienti</strong></span> <span class='ocrx_word' id='word_1_307' title='bbox 2585 695 2863 777; x_wconf 87' lang='lat' dir='ltr'><strong>scilicet,</strong></span> <span class='ocrx_word' id='word_1_308' title='bbox 2897 718 3137 762; x_wconf 82' lang='lat' dir='ltr'><strong>nomen</strong></span> <span class='ocrx_word' id='word_1_309' title='bbox 3175 698 3448 776; x_wconf 69' lang='lat' dir='ltr'><strong>Petra-5,</strong></span> <span class='ocrx_word' id='word_1_310' title='bbox 3475 691 3655 784; x_wconf 88' lang='lat' dir='ltr'><strong>quod</strong></span> <span class='ocrx_word' id='word_1_311' title='bbox 3688 695 3886 759; x_wconf 89' lang='lat' dir='ltr'><strong>inter·</strong></span> 
     </span>
     <span class='ocr_line' id='line_1_52' title="bbox 2341 803 2914 890; baseline 0.003 -25"><span class='ocrx_word' id='word_1_312' title='bbox 2341 808 2646 890; x_wconf 86' lang='lat' dir='ltr'><strong>pretatur</strong></span> <span class='ocrx_word' id='word_1_313' title='bbox 2678 803 2914 868; x_wconf 82' lang='lat' dir='ltr'><strong>sciens.</strong></span> 
     </span>
    </p>
   </div>
   <div class='ocr_carea' id='block_1_10' title="bbox 2329 1014 3886 2402">
    <p class='ocr_par' dir='ltr' id='par_1_10' title="bbox 2340 1014 3886 1323">
     <span class='ocr_line' id='line_1_53' title="bbox 2434 1014 3881 1106; baseline 0 -26"><span class='ocrx_word' id='word_1_314' title='bbox 2434 1041 2466 1080; x_wconf 73' lang='grc' dir='ltr'><strong>α</strong></span> <span class='ocrx_word' id='word_1_315' title='bbox 2500 1018 2870 1106; x_wconf 80' lang='lat' dir='ltr'><strong>Propterea</strong></span> <span class='ocrx_word' id='word_1_316' title='bbox 2911 1017 3117 1084; x_wconf 85' lang='lat' dir='ltr'><strong>odivi.</strong></span> <span class='ocrx_word' id='word_1_317' title='bbox 3158 1042 3191 1081; x_wconf 82' lang='lat'><strong>»</strong></span> <span class='ocrx_word' id='word_1_318' title='bbox 3253 1016 3422 1085; x_wconf 81' lang='lat' dir='ltr'><strong>Ecce</strong></span> <span class='ocrx_word' id='word_1_319' title='bbox 3479 1014 3881 1098; x_wconf 88' lang='lat' dir='ltr'><strong>secundum,</strong></span> 
     </span>
     <span class='ocr_line' id='line_1_54' title="bbox 2341 1121 3886 1215; baseline -0.001 -25"><span class='ocrx_word' id='word_1_320' title='bbox 2341 1121 2576 1190; x_wconf 86' lang='lat' dir='ltr'><strong>odium</strong></span> <span class='ocrx_word' id='word_1_321' title='bbox 2609 1125 2925 1215; x_wconf 89' lang='lat' dir='ltr'><strong>oppositi,</strong></span> <span class='ocrx_word' id='word_1_322' title='bbox 2979 1124 3157 1215; x_wconf 88' lang='lat' dir='ltr'><strong>quod</strong></span> <span class='ocrx_word' id='word_1_323' title='bbox 3194 1127 3498 1215; x_wconf 74' lang='lat' dir='ltr'><strong>tangitur</strong></span> <span class='ocrx_word' id='word_1_324' title='bbox 3525 1132 3886 1213; x_wconf 85' lang='lat' dir='ltr'><strong>tamquam</strong></span> 
     </span>
     <span class='ocr_line' id='line_1_55' title="bbox 2340 1234 3032 1323; baseline 0.003 -25"><span class='ocrx_word' id='word_1_325' title='bbox 2340 1239 2695 1299; x_wconf 86' lang='lat' dir='ltr'><strong>causatum</strong></span> <span class='ocrx_word' id='word_1_326' title='bbox 2724 1255 2763 1299; x_wconf 87' lang='lat' dir='ltr'><strong>a</strong></span> <span class='ocrx_word' id='word_1_327' title='bbox 2785 1234 3032 1323; x_wconf 89' lang='lat' dir='ltr'><strong>primo.</strong></span> 
     </span>
    </p>

    <p class='ocr_par' dir='ltr' id='par_1_11' title="bbox 2329 1337 3886 2402">
     <span class='ocr_line' id='line_1_56' title="bbox 2426 1337 3882 1408; baseline 0 -4"><span class='ocrx_word' id='word_1_328' title='bbox 2426 1337 2543 1406; x_wconf 86' lang='lat' dir='ltr'><strong>Ait</strong></span> <span class='ocrx_word' id='word_1_329' title='bbox 2573 1340 2753 1406; x_wconf 90' lang='lat' dir='ltr'><strong>enim</strong></span> <span class='ocrx_word' id='word_1_330' title='bbox 2800 1362 2815 1405; x_wconf 74' lang='grc' dir='ltr'>ε</span> <span class='ocrx_word' id='word_1_331' title='bbox 2864 1338 2979 1408; x_wconf 88' lang='lat' dir='ltr'><strong>Sic</strong></span> <span class='ocrx_word' id='word_1_332' title='bbox 3016 1339 3322 1408; x_wconf 79' lang='lat' dir='ltr'><strong>faucibus</strong></span> <span class='ocrx_word' id='word_1_333' title='bbox 3390 1341 3561 1408; x_wconf 88' lang='lat' dir='ltr'><strong>meis</strong></span> <span class='ocrx_word' id='word_1_334' title='bbox 3630 1338 3882 1406; x_wconf 79' lang='lat' dir='ltr'><strong>divinae</strong></span> 
     </span>
     <span class='ocr_line' id='line_1_57' title="bbox 2336 1443 3886 1535; baseline 0.001 -25"><span class='ocrx_word' id='word_1_335' title='bbox 2336 1443 2506 1535; x_wconf 91' lang='lat' dir='ltr'><strong>legis</strong></span> <span class='ocrx_word' id='word_1_336' title='bbox 2545 1453 2611 1513; x_wconf 89' lang='lat' dir='ltr'><strong>et</strong></span> <span class='ocrx_word' id='word_1_337' title='bbox 2648 1445 3125 1515; x_wconf 84' lang='lat' dir='ltr'><strong>mandatorum</strong></span> <span class='ocrx_word' id='word_1_338' title='bbox 3169 1447 3295 1515; x_wconf 90' lang='lat' dir='ltr'><strong>Dei</strong></span> <span class='ocrx_word' id='word_1_339' title='bbox 3353 1448 3535 1515; x_wconf 88' lang='lat' dir='ltr'><strong>sensi</strong></span> <span class='ocrx_word' id='word_1_340' title='bbox 3583 1445 3886 1514; x_wconf 86' lang='lat' dir='ltr'><strong>dulcedi-</strong></span> 
     </span>
     <span class='ocr_line' id='line_1_58' title="bbox 2338 1553 3881 1645; baseline -0.001 -26"><span class='ocrx_word' id='word_1_341' title='bbox 2338 1575 2521 1631; x_wconf 89' lang='lat' dir='ltr'><strong>nem,</strong></span> <span class='ocrx_word' id='word_1_342' title='bbox 2599 1562 2665 1621; x_wconf 90' lang='lat' dir='ltr'><strong>et</strong></span> <span class='ocrx_word' id='word_1_343' title='bbox 2759 1578 2792 1618; x_wconf 72' lang='grc' dir='ltr'>ι</span> <span class='ocrx_word' id='word_1_344' title='bbox 2864 1565 3226 1645; x_wconf 83' lang='lat' dir='ltr'><strong>propterea</strong></span> <span class='ocrx_word' id='word_1_345' title='bbox 3323 1553 3513 1620; x_wconf 85' lang='lat' dir='ltr'><strong>odivi</strong></span> <span class='ocrx_word' id='word_1_346' title='bbox 3616 1574 3881 1621; x_wconf 82' lang='lat' dir='ltr'><strong>omnem</strong></span> 
     </span>
     <span class='ocr_line' id='line_1_59' title="bbox 2334 1661 3879 1753; baseline 0.001 -26"><span class='ocrx_word' id='word_1_347' title='bbox 2334 1662 2521 1728; x_wconf 87' lang='lat' dir='ltr'><strong>viam</strong></span> <span class='ocrx_word' id='word_1_348' title='bbox 2554 1662 2966 1752; x_wconf 81' lang='lat' dir='ltr'><strong>iniquitatis,</strong></span> <span class='ocrx_word' id='word_1_349' title='bbox 3004 1687 3036 1727; x_wconf 66' lang='lat' dir='ltr'><strong>s</strong></span> <span class='ocrx_word' id='word_1_350' title='bbox 3074 1664 3141 1729; x_wconf 90' lang='lat' dir='ltr'><strong>in</strong></span> <span class='ocrx_word' id='word_1_351' title='bbox 3174 1685 3307 1753; x_wconf 86' lang='lat' dir='ltr'><strong>qua</strong></span> <span class='ocrx_word' id='word_1_352' title='bbox 3337 1662 3503 1730; x_wconf 85' lang='lat' dir='ltr'><strong>mali</strong></span> <span class='ocrx_word' id='word_1_353' title='bbox 3548 1661 3879 1729; x_wconf 89' lang='lat' dir='ltr'><strong>erudiun-</strong></span> 
     </span>
     <span class='ocr_line' id='line_1_60' title="bbox 2333 1765 3878 1857; baseline 0 -23"><span class='ocrx_word' id='word_1_354' title='bbox 2333 1775 2468 1834; x_wconf 87' lang='lat' dir='ltr'><strong>tur.</strong></span> <span class='ocrx_word' id='word_1_355' title='bbox 2508 1765 2808 1857; x_wconf 89' lang='lat' dir='ltr'><strong>Sapient.</strong></span> <span class='ocrx_word' id='word_1_356' title='bbox 2854 1791 2919 1851; x_wconf 86' lang='lat' dir='ltr'><strong>v,</strong></span> <span class='ocrx_word' id='word_1_357' title='bbox 2956 1769 3038 1835; x_wconf 86' lang='lat'><strong>7:</strong></span> <span class='ocrx_word' id='word_1_358' title='bbox 3088 1770 3363 1837; x_wconf 82' lang='lat' dir='ltr'><strong>Lassati</strong></span> <span class='ocrx_word' id='word_1_359' title='bbox 3389 1790 3630 1836; x_wconf 86' lang='lat' dir='ltr'><strong>sumus</strong></span> <span class='ocrx_word' id='word_1_360' title='bbox 3661 1768 3732 1835; x_wconf 86' lang='lat' dir='ltr'><strong>in</strong></span> <span class='ocrx_word' id='word_1_361' title='bbox 3764 1769 3878 1834; x_wconf 84' lang='lat' dir='ltr'><strong>via</strong></span> 
     </span>
     <span class='ocr_line' id='line_1_61' title="bbox 2335 1875 3876 1968; baseline 0.001 -26"><span class='ocrx_word' id='word_1_362' title='bbox 2335 1876 2726 1967; x_wconf 81' lang='lat' dir='ltr'><strong>iniquitatis</strong></span> <span class='ocrx_word' id='word_1_363' title='bbox 2771 1885 2834 1943; x_wconf 90' lang='lat' dir='ltr'><strong>et</strong></span> <span class='ocrx_word' id='word_1_364' title='bbox 2869 1877 3303 1968; x_wconf 81' lang='lat' dir='ltr'><strong>perditionis.</strong></span> <span class='ocrx_word' id='word_1_365' title='bbox 3382 1875 3610 1968; x_wconf 81' lang='lat' dir='ltr'><strong>Ipsam</strong></span> <span class='ocrx_word' id='word_1_366' title='bbox 3649 1883 3876 1946; x_wconf 81' lang='lat' dir='ltr'><strong>autem</strong></span> 
     </span>
     <span class='ocr_line' id='line_1_62' title="bbox 2333 1982 3875 2077; baseline 0 -25"><span class='ocrx_word' id='word_1_367' title='bbox 2333 1982 2477 2052; x_wconf 91' lang='lat' dir='ltr'><strong>odit</strong></span> <span class='ocrx_word' id='word_1_368' title='bbox 2513 1984 2585 2051; x_wconf 88' lang='lat' dir='ltr'><strong>in</strong></span> <span class='ocrx_word' id='word_1_369' title='bbox 2616 1993 2944 2075; x_wconf 91' lang='lat' dir='ltr'><strong>quantum</strong></span> <span class='ocrx_word' id='word_1_370' title='bbox 3008 1993 3254 2077; x_wconf 86' lang='lat' dir='ltr'><strong>potest,</strong></span> <span class='ocrx_word' id='word_1_371' title='bbox 3298 1994 3366 2055; x_wconf 89' lang='lat' dir='ltr'><strong>et</strong></span> <span class='ocrx_word' id='word_1_372' title='bbox 3433 1985 3705 2076; x_wconf 75' lang='lat' dir='ltr'><strong>refugit,</strong></span> <span class='ocrx_word' id='word_1_373' title='bbox 3758 1987 3875 2077; x_wconf 90' lang='lat' dir='ltr'><strong>qui</strong></span> 
     </span>
     <span class='ocr_line' id='line_1_63' title="bbox 2333 2089 3883 2185; baseline 0.002 -27"><span class='ocrx_word' id='word_1_374' title='bbox 2333 2089 2757 2162; x_wconf 88' lang='lat' dir='ltr'><strong>dulcedinem</strong></span> <span class='ocrx_word' id='word_1_375' title='bbox 2812 2093 3061 2161; x_wconf 84' lang='lat' dir='ltr'><strong>divinae</strong></span> <span class='ocrx_word' id='word_1_376' title='bbox 3131 2094 3300 2185; x_wconf 82' lang='lat' dir='ltr'><strong>legis</strong></span> <span class='ocrx_word' id='word_1_377' title='bbox 3365 2093 3690 2185; x_wconf 82' lang='lat' dir='ltr'><strong>gustavit,</strong></span> <span class='ocrx_word' id='word_1_378' title='bbox 3745 2094 3883 2161; x_wconf 89' lang='lat' dir='ltr'><strong>im-</strong></span> 
     </span>
     <span class='ocr_line' id='line_1_64' title="bbox 2330 2200 3884 2292; baseline 0.001 -25"><span class='ocrx_word' id='word_1_379' title='bbox 2330 2200 2524 2291; x_wconf 90' lang='lat' dir='ltr'><strong>plens</strong></span> <span class='ocrx_word' id='word_1_380' title='bbox 2562 2200 2728 2270; x_wconf 89' lang='lat' dir='ltr'><strong>illud</strong></span> <span class='ocrx_word' id='word_1_381' title='bbox 2784 2201 2991 2271; x_wconf 90' lang='lat' dir='ltr'><strong>Eccli.</strong></span> <span class='ocrx_word' id='word_1_382' title='bbox 3061 2226 3199 2280; x_wconf 74' lang='lat' dir='ltr'><strong>xxi,</strong></span> <span class='ocrx_word' id='word_1_383' title='bbox 3245 2204 3327 2270; x_wconf 86' lang='lat'><strong>2:</strong></span> <span class='ocrx_word' id='word_1_384' title='bbox 3368 2203 3589 2289; x_wconf 81' lang='lat' dir='ltr'><strong>Quasi</strong></span> <span class='ocrx_word' id='word_1_385' title='bbox 3614 2226 3658 2271; x_wconf 87' lang='grc' dir='ltr'><em>α</em></span> <span class='ocrx_word' id='word_1_386' title='bbox 3699 2202 3884 2292; x_wconf 73' lang='lat' dir='ltr'><strong>jacie</strong></span> 
     </span>
     <span class='ocr_line' id='line_1_65' title="bbox 2329 2306 3131 2402; baseline 0.005 -27"><span class='ocrx_word' id='word_1_387' title='bbox 2329 2306 2600 2377; x_wconf 81' lang='lat' dir='ltr'><strong>colubri</strong></span> <span class='ocrx_word' id='word_1_388' title='bbox 2621 2311 2793 2401; x_wconf 64' lang='grc' dir='ltr'><strong>[αρε</strong></span> <span class='ocrx_word' id='word_1_389' title='bbox 2822 2320 3131 2402; x_wconf 84' lang='lat' dir='ltr'><strong>peccata.</strong></span> 
     </span>
    </p>
   </div>
   <div class='ocr_carea' id='block_1_11' title="bbox 2322 2519 3883 3474">
    <p class='ocr_par' dir='ltr' id='par_1_12' title="bbox 2322 2519 3883 3474">
     <span class='ocr_line' id='line_1_66' title="bbox 2416 2519 3876 2612; baseline 0.001 -26"><span class='ocrx_word' id='word_1_390' title='bbox 2416 2519 2591 2588; x_wconf 85' lang='lat' dir='ltr'><strong>Vide</strong></span> <span class='ocrx_word' id='word_1_391' title='bbox 2621 2543 2782 2612; x_wconf 88' lang='lat' dir='ltr'><strong>ergo</strong></span> <span class='ocrx_word' id='word_1_392' title='bbox 2814 2521 2883 2588; x_wconf 87' lang='lat' dir='ltr'><strong>in</strong></span> <span class='ocrx_word' id='word_1_393' title='bbox 2915 2520 3048 2590; x_wconf 91' lang='lat' dir='ltr'><strong>hoc</strong></span> <span class='ocrx_word' id='word_1_394' title='bbox 3076 2519 3457 2601; x_wconf 86' lang='lat' dir='ltr'><strong>octonario,</strong></span> <span class='ocrx_word' id='word_1_395' title='bbox 3528 2519 3876 2612; x_wconf 87' lang='lat' dir='ltr'><strong>quomodo</strong></span> 
     </span>
     <span class='ocr_line' id='line_1_67' title="bbox 2326 2627 3876 2706; baseline 0 -12"><span class='ocrx_word' id='word_1_396' title='bbox 2326 2628 2687 2696; x_wconf 79' lang='lat' dir='ltr'><strong>confitetur</strong></span> <span class='ocrx_word' id='word_1_397' title='bbox 2714 2651 2784 2697; x_wconf 91' lang='lat' dir='ltr'><strong>se</strong></span> <span class='ocrx_word' id='word_1_398' title='bbox 2818 2627 3136 2697; x_wconf 85' lang='lat' dir='ltr'><strong>mandata</strong></span> <span class='ocrx_word' id='word_1_399' title='bbox 3187 2629 3310 2697; x_wconf 87' lang='lat' dir='ltr'><strong>Dei</strong></span> <span class='ocrx_word' id='word_1_400' title='bbox 3368 2628 3439 2695; x_wconf 88' lang='lat' dir='ltr'><strong>in</strong></span> <span class='ocrx_word' id='word_1_401' title='bbox 3496 2627 3768 2706; x_wconf 81' lang='lat' dir='ltr'><strong>ess&#39;ectu,</strong></span> <span class='ocrx_word' id='word_1_402' title='bbox 3811 2634 3876 2695; x_wconf 91' lang='lat' dir='ltr'><strong>et</strong></span> 
     </span>
     <span class='ocr_line' id='line_1_68' title="bbox 2326 2734 3863 2827; baseline -0.001 -25"><span class='ocrx_word' id='word_1_403' title='bbox 2326 2737 2396 2803; x_wconf 91' lang='lat' dir='ltr'><strong>in</strong></span> <span class='ocrx_word' id='word_1_404' title='bbox 2426 2735 2797 2814; x_wconf 85' lang='lat' dir='ltr'><strong>intellectu,</strong></span> <span class='ocrx_word' id='word_1_405' title='bbox 2829 2743 2897 2804; x_wconf 89' lang='lat' dir='ltr'><strong>et</strong></span> <span class='ocrx_word' id='word_1_406' title='bbox 2933 2737 3001 2803; x_wconf 91' lang='lat' dir='ltr'><strong>in</strong></span> <span class='ocrx_word' id='word_1_407' title='bbox 3056 2738 3203 2827; x_wconf 87' lang='lat' dir='ltr'><strong>ipso</strong></span> <span class='ocrx_word' id='word_1_408' title='bbox 3269 2735 3578 2804; x_wconf 89' lang='lat' dir='ltr'><strong>interiori</strong></span> <span class='ocrx_word' id='word_1_409' title='bbox 3617 2734 3863 2803; x_wconf 84' lang='lat' dir='ltr'><strong>ass&#39;ectu</strong></span> 
     </span>
     <span class='ocr_line' id='line_1_69' title="bbox 2324 2842 3864 2934; baseline 0.001 -25"><span class='ocrx_word' id='word_1_410' title='bbox 2324 2844 2641 2922; x_wconf 86' lang='lat' dir='ltr'><strong>sensisse,</strong></span> <span class='ocrx_word' id='word_1_411' title='bbox 2672 2851 3022 2934; x_wconf 84' lang='lat' dir='ltr'><strong>tamquam</strong></span> <span class='ocrx_word' id='word_1_412' title='bbox 3079 2842 3257 2911; x_wconf 88' lang='lat' dir='ltr'><strong>dicat</strong></span> <span class='ocrx_word' id='word_1_413' title='bbox 3312 2843 3554 2910; x_wconf 85' lang='lat' dir='ltr'><strong>intima</strong></span> <span class='ocrx_word' id='word_1_414' title='bbox 3604 2842 3864 2910; x_wconf 85' lang='lat' dir='ltr'><strong>viscera</strong></span> 
     </span>
     <span class='ocr_line' id='line_1_70' title="bbox 2325 2935 3868 3041; baseline 0 -26"><span class='ocrx_word' id='word_1_415' title='bbox 2325 2969 2449 3015; x_wconf 87' lang='lat' dir='ltr'><strong>sua</strong></span> <span class='ocrx_word' id='word_1_416' title='bbox 2489 2970 2574 3015; x_wconf 86' lang='lat' dir='ltr'><strong>ex</strong></span> <span class='ocrx_word' id='word_1_417' title='bbox 2612 2935 2774 3038; x_wconf 84' lang='lat' dir='ltr'><strong>ipsis</strong></span> <span class='ocrx_word' id='word_1_418' title='bbox 2815 2947 3095 3041; x_wconf 84' lang='lat' dir='ltr'><strong>repleta.</strong></span> <span class='ocrx_word' id='word_1_419' title='bbox 3138 2948 3221 3015; x_wconf 84' lang='lat' dir='ltr'><strong>Et</strong></span> <span class='ocrx_word' id='word_1_420' title='bbox 3250 2946 3383 3017; x_wconf 90' lang='lat' dir='ltr'><strong>hoc</strong></span> <span class='ocrx_word' id='word_1_421' title='bbox 3420 2948 3646 3037; x_wconf 86' lang='lat' dir='ltr'><strong>signat</strong></span> <span class='ocrx_word' id='word_1_422' title='bbox 3687 2946 3868 3015; x_wconf 88' lang='lat' dir='ltr'><strong>litte·</strong></span> 
     </span>
     <span class='ocr_line' id='line_1_71' title="bbox 2325 3048 3882 3150; baseline 0 -27"><span class='ocrx_word' id='word_1_423' title='bbox 2325 3078 2401 3124; x_wconf 86' lang='lat' dir='ltr'><strong>ra</strong></span> <span class='ocrx_word' id='word_1_424' title='bbox 2440 3055 2773 3125; x_wconf 84' lang='lat' dir='ltr'><strong>llebraiea</strong></span> <span class='ocrx_word' id='word_1_425' title='bbox 2809 3059 3197 3150; x_wconf 80' lang='lat' dir='ltr'><strong>praeposita‚</strong></span> <span class='ocrx_word' id='word_1_426' title='bbox 3265 3080 3408 3125; x_wconf 69' lang='lat' dir='ltr'><strong>ussi</strong></span> <span class='ocrx_word' id='word_1_427' title='bbox 3441 3054 3465 3142; x_wconf 92' lang='lat'><strong>(</strong></span> <span class='ocrx_word' id='word_1_428' title='bbox 3487 3048 3651 3145; x_wconf 70' lang='lat' dir='ltr'><strong>D):</strong></span> <span class='ocrx_word' id='word_1_429' title='bbox 3679 3058 3882 3124; x_wconf 90' lang='lat' dir='ltr'><strong>inter·</strong></span> 
     </span>
     <span class='ocr_line' id='line_1_72' title="bbox 2325 3160 3879 3256; baseline -0.002 -24"><span class='ocrx_word' id='word_1_430' title='bbox 2325 3172 2630 3256; x_wconf 88' lang='lat' dir='ltr'><strong>pretatur</strong></span> <span class='ocrx_word' id='word_1_431' title='bbox 2656 3166 2835 3234; x_wconf 87' lang='lat' dir='ltr'><strong>enim</strong></span> <span class='ocrx_word' id='word_1_432' title='bbox 2875 3166 3156 3243; x_wconf 84' lang='lat' dir='ltr'><strong>viscera,</strong></span> <span class='ocrx_word' id='word_1_433' title='bbox 3189 3174 3256 3233; x_wconf 89' lang='lat' dir='ltr'><strong>et</strong></span> <span class='ocrx_word' id='word_1_434' title='bbox 3306 3189 3394 3234; x_wconf 73' lang='lat' dir='ltr'><strong>ex</strong></span> <span class='ocrx_word' id='word_1_435' title='bbox 3439 3164 3631 3256; x_wconf 83' lang='lat' dir='ltr'><strong>ipsis.</strong></span> <span class='ocrx_word' id='word_1_436' title='bbox 3667 3160 3879 3244; x_wconf 80' lang='lat' dir='ltr'><strong>Quasi</strong></span> 
     </span>
     <span class='ocr_line' id='line_1_73' title="bbox 2322 3271 3883 3365; baseline -0.001 -26"><span class='ocrx_word' id='word_1_437' title='bbox 2322 3271 2621 3341; x_wconf 88' lang='lat' dir='ltr'><strong>diceret:</strong></span> <span class='ocrx_word' id='word_1_438' title='bbox 2666 3273 2764 3342; x_wconf 81' lang='lat' dir='ltr'><strong>Ex</strong></span> <span class='ocrx_word' id='word_1_439' title='bbox 2796 3274 2962 3365; x_wconf 89' lang='lat' dir='ltr'><strong>ipsis</strong></span> <span class='ocrx_word' id='word_1_440' title='bbox 2989 3273 3117 3342; x_wconf 86' lang='lat' dir='ltr'><strong>Dei</strong></span> <span class='ocrx_word' id='word_1_441' title='bbox 3152 3271 3492 3342; x_wconf 85' lang='lat' dir='ltr'><strong>mandatis</strong></span> <span class='ocrx_word' id='word_1_442' title='bbox 3549 3271 3713 3341; x_wconf 88' lang='lat' dir='ltr'><strong>dicit</strong></span> <span class='ocrx_word' id='word_1_443' title='bbox 3767 3271 3883 3339; x_wconf 79' lang='lat' dir='ltr'><strong>vi-</strong></span> 
     </span>
     <span class='ocr_line' id='line_1_74' title="bbox 2325 3378 3133 3474; baseline 0.002 -24"><span class='ocrx_word' id='word_1_444' title='bbox 2325 3403 2515 3451; x_wconf 79' lang='lat' dir='ltr'><strong>scera</strong></span> <span class='ocrx_word' id='word_1_445' title='bbox 2543 3404 2664 3451; x_wconf 85' lang='lat' dir='ltr'><strong>sua</strong></span> <span class='ocrx_word' id='word_1_446' title='bbox 2710 3378 2821 3451; x_wconf 89' lang='lat' dir='ltr'><strong>hic</strong></span> <span class='ocrx_word' id='word_1_447' title='bbox 2843 3379 3133 3474; x_wconf 86' lang='lat' dir='ltr'><strong>repleta.</strong></span> 
     </span>
    </p>
   </div>
   <div class='ocr_carea' id='block_1_12' title="bbox 2945 3912 3266 4007">
    <p class='ocr_par' dir='ltr' id='par_1_13' title="bbox 2945 3912 3266 4007">
     <span class='ocr_line' id='line_1_75' title="bbox 2945 3912 3266 4007; baseline 0.009 -3"><span class='ocrx_word' id='word_1_448' title='bbox 2945 3912 3111 3982; x_wconf 63' lang='lat' dir='ltr'><strong>Nun</strong></span> <span class='ocrx_word' id='word_1_449' title='bbox 3159 3912 3266 4007; x_wconf 73' lang='lat'><strong>‹3›</strong></span> 
     </span>
    </p>
   </div>
   <div class='ocr_carea' id='block_1_13' title="bbox 2332 4360 3874 5525">
    <p class='ocr_par' dir='ltr' id='par_1_14' title="bbox 2337 4360 3872 4554">
     <span class='ocr_line' id='line_1_76' title="bbox 2337 4360 3872 4454; baseline 0.001 -23"><span class='ocrx_word' id='word_1_450' title='bbox 2337 4366 2489 4434; x_wconf 77' lang='lat'><strong>105.</strong></span> <span class='ocrx_word' id='word_1_451' title='bbox 2547 4361 2869 4432; x_wconf 84' lang='lat' dir='ltr'><strong>Lucerna</strong></span> <span class='ocrx_word' id='word_1_452' title='bbox 2937 4360 3246 4454; x_wconf 82' lang='lat' dir='ltr'><strong>pedibus</strong></span> <span class='ocrx_word' id='word_1_453' title='bbox 3310 4365 3495 4431; x_wconf 78' lang='lat' dir='ltr'><strong>meis</strong></span> <span class='ocrx_word' id='word_1_454' title='bbox 3563 4360 3872 4433; x_wconf 82' lang='lat' dir='ltr'><strong>verbum</strong></span> 
     </span>
     <span class='ocr_line' id='line_1_77' title="bbox 2591 4465 3782 4554; baseline -0.002 -16"><span class='ocrx_word' id='word_1_455' title='bbox 2591 4484 2827 4554; x_wconf 80' lang='lat' dir='ltr'><strong>tuum,</strong></span> <span class='ocrx_word' id='word_1_456' title='bbox 2875 4468 3220 4538; x_wconf 80' lang='lat' dir='ltr'><strong>etlumen</strong></span> <span class='ocrx_word' id='word_1_457' title='bbox 3250 4465 3532 4538; x_wconf 78' lang='lat' dir='ltr'><strong>semitis</strong></span> <span class='ocrx_word' id='word_1_458' title='bbox 3572 4465 3782 4539; x_wconf 86' lang='lat' dir='ltr'><strong>meis.</strong></span> 
     </span>
    </p>

    <p class='ocr_par' dir='ltr' id='par_1_15' title="bbox 2337 4570 3874 4770">
     <span class='ocr_line' id='line_1_78' title="bbox 2337 4570 3874 4664; baseline 0 -19"><span class='ocrx_word' id='word_1_459' title='bbox 2337 4575 2489 4645; x_wconf 82' lang='lat'><strong>¹06.</strong></span> <span class='ocrx_word' id='word_1_460' title='bbox 2540 4572 2784 4644; x_wconf 83' lang='lat' dir='ltr'><strong>Juravi</strong></span> <span class='ocrx_word' id='word_1_461' title='bbox 2815 4589 2885 4644; x_wconf 80' lang='lat' dir='ltr'><strong>et</strong></span> <span class='ocrx_word' id='word_1_462' title='bbox 2914 4570 3133 4645; x_wconf 80' lang='lat' dir='ltr'><strong>statui</strong></span> <span class='ocrx_word' id='word_1_463' title='bbox 3182 4570 3552 4644; x_wconf 85' lang='lat' dir='ltr'><strong>custodire</strong></span> <span class='ocrx_word' id='word_1_464' title='bbox 3608 4571 3874 4664; x_wconf 85' lang='lat' dir='ltr'><strong>judicia</strong></span> 
     </span>
     <span class='ocr_line' id='line_1_79' title="bbox 2591 4678 3088 4770; baseline 0 -20"><span class='ocrx_word' id='word_1_465' title='bbox 2591 4678 2887 4770; x_wconf 77' lang='lat' dir='ltr'><strong>justitiae</strong></span> <span class='ocrx_word' id='word_1_466' title='bbox 2918 4695 3088 4751; x_wconf 80' lang='lat' dir='ltr'><strong>tuae.</strong></span> 
     </span>
    </p>

    <p class='ocr_par' dir='ltr' id='par_1_16' title="bbox 2336 4788 3873 5075">
     <span class='ocr_line' id='line_1_80' title="bbox 2336 4788 3872 4883; baseline -0.001 -21"><span class='ocrx_word' id='word_1_467' title='bbox 2336 4812 2487 4883; x_wconf 90' lang='lat'><strong>¹07·</strong></span> <span class='ocrx_word' id='word_1_468' title='bbox 2545 4788 2995 4860; x_wconf 81' lang='lat' dir='ltr'><strong>Humiliatus</strong></span> <span class='ocrx_word' id='word_1_469' title='bbox 3065 4809 3229 4859; x_wconf 84' lang='lat' dir='ltr'><strong>sum</strong></span> <span class='ocrx_word' id='word_1_470' title='bbox 3318 4810 3872 4883; x_wconf 84' lang='lat' dir='ltr'><strong>usquequaque,</strong></span> 
     </span>
     <span class='ocr_line' id='line_1_81' title="bbox 2594 4895 3873 4969; baseline 0.001 -1"><span class='ocrx_word' id='word_1_471' title='bbox 2594 4897 2903 4969; x_wconf 89' lang='lat' dir='ltr'><strong>Domine</strong></span> <span class='ocrx_word' id='word_1_472' title='bbox 2943 4918 2960 4966; x_wconf 73' lang='grc' dir='ltr'>ε</span> <span class='ocrx_word' id='word_1_473' title='bbox 2996 4895 3272 4969; x_wconf 73' lang='lat' dir='ltr'><strong>vivifica</strong></span> <span class='ocrx_word' id='word_1_474' title='bbox 3311 4919 3431 4969; x_wconf 87' lang='lat' dir='ltr'><strong>me</strong></span> <span class='ocrx_word' id='word_1_475' title='bbox 3470 4898 3873 4969; x_wconf 78' lang='lat' dir='ltr'><strong>secundum</strong></span> 
     </span>
     <span class='ocr_line' id='line_1_82' title="bbox 2589 5003 3152 5075; baseline -0.004 -1"><span class='ocrx_word' id='word_1_476' title='bbox 2589 5003 2889 5075; x_wconf 82' lang='lat' dir='ltr'><strong>verbum</strong></span> <span class='ocrx_word' id='word_1_477' title='bbox 2920 5020 3152 5075; x_wconf 89' lang='lat' dir='ltr'><strong>tuum.</strong></span> 
     </span>
    </p>

    <p class='ocr_par' dir='ltr' id='par_1_17' title="bbox 2332 5111 3874 5396">
     <span class='ocr_line' id='line_1_83' title="bbox 2332 5111 3873 5205; baseline 0 -21"><span class='ocrx_word' id='word_1_478' title='bbox 2332 5114 2487 5184; x_wconf 84' lang='lat'><strong>108.</strong></span> <span class='ocrx_word' id='word_1_479' title='bbox 2539 5111 2966 5184; x_wconf 82' lang='lat' dir='ltr'><strong>Voluntaria</strong></span> <span class='ocrx_word' id='word_1_480' title='bbox 3035 5112 3184 5184; x_wconf 86' lang='lat' dir='ltr'><strong>oris</strong></span> <span class='ocrx_word' id='word_1_481' title='bbox 3226 5111 3369 5185; x_wconf 88' lang='lat' dir='ltr'><strong>mei</strong></span> <span class='ocrx_word' id='word_1_482' title='bbox 3428 5112 3873 5205; x_wconf 84' lang='lat' dir='ltr'><strong>beneplacita</strong></span> 
     </span>
     <span class='ocr_line' id='line_1_84' title="bbox 2587 5217 3874 5314; baseline 0.002 -24"><span class='ocrx_word' id='word_1_483' title='bbox 2587 5220 2721 5301; x_wconf 78' lang='lat' dir='ltr'><strong>fae,</strong></span> <span class='ocrx_word' id='word_1_484' title='bbox 2756 5218 3094 5305; x_wconf 88' lang='lat' dir='ltr'><strong>Domine,</strong></span> <span class='ocrx_word' id='word_1_485' title='bbox 3125 5239 3193 5292; x_wconf 89' lang='lat' dir='ltr'><strong>et</strong></span> <span class='ocrx_word' id='word_1_486' title='bbox 3244 5217 3516 5314; x_wconf 83' lang='lat' dir='ltr'><strong>judicia</strong></span> <span class='ocrx_word' id='word_1_487' title='bbox 3545 5237 3669 5292; x_wconf 89' lang='lat' dir='ltr'><strong>tua</strong></span> <span class='ocrx_word' id='word_1_488' title='bbox 3696 5221 3874 5293; x_wconf 88' lang='lat' dir='ltr'><strong>doce</strong></span> 
     </span>
     <span class='ocr_line' id='line_1_85' title="bbox 2588 5345 2729 5396; baseline -0.035 1"><span class='ocrx_word' id='word_1_489' title='bbox 2588 5345 2729 5396; x_wconf 87' lang='lat' dir='ltr'><strong>me.</strong></span> 
     </span>
    </p>

    <p class='ocr_par' dir='ltr' id='par_1_18' title="bbox 2334 5430 3873 5525">
     <span class='ocr_line' id='line_1_86' title="bbox 2334 5430 3873 5525; baseline 0.001 -21"><span class='ocrx_word' id='word_1_490' title='bbox 2334 5456 2492 5525; x_wconf 88' lang='lat'><strong>¹09·</strong></span> <span class='ocrx_word' id='word_1_491' title='bbox 2549 5430 2808 5504; x_wconf 83' lang='lat' dir='ltr'><strong>Anima</strong></span> <span class='ocrx_word' id='word_1_492' title='bbox 2891 5453 3052 5503; x_wconf 81' lang='lat' dir='ltr'><strong>mea</strong></span> <span class='ocrx_word' id='word_1_493' title='bbox 3119 5430 3192 5502; x_wconf 87' lang='lat' dir='ltr'><strong>in</strong></span> <span class='ocrx_word' id='word_1_494' title='bbox 3272 5430 3615 5502; x_wconf 81' lang='lat' dir='ltr'><strong>manibus</strong></span> <span class='ocrx_word' id='word_1_495' title='bbox 3689 5433 3873 5505; x_wconf 81' lang='lat' dir='ltr'><strong>meis</strong></span> 
     </span>
    </p>
   </div>
  </div>
 </body>
</html>
