5008 6329
794 1377 1006 1436 Quinque
1026 1392 1058 1424 a

840 1434 1044 1536 wau

1900 344 2623 416 COMMENTARIUS
2671 345 2768 413 IN
2813 345 3254 417 PSALMUM
3303 346 3643 416 CXXXV.

1227 506 1401 578 Dicit
1440 534 1647 603 ergo:
1687 513 1802 583 Sic
1842 518 1990 605 ejus
2020 517 2298 586 bonitas
2347 527 2448 585 est
2506 525 2708 584 aeter-

1136 638 1247 691 na.
1284 618 1461 687 unde
1500 622 1560 689 ei
1595 625 2096 699 confitendum,
2144 635 2211 692 et
2241 627 2446 691 etiam
2484 647 2518 687 α
2553 645 2706 688 con-

1129 724 1425 812 fitemini
1473 732 1619 797 Deo
1679 731 1990 814 deorum,
2033 759 2066 794 »
2140 731 2429 808 fortiori,
2474 736 2542 795 et
2606 751 2707 795 re-

1132 836 1326 904 ctori.
1375 835 1556 904 Deos
1614 836 1913 926 appellat
1942 836 2269 904 homines
2322 836 2556 902 divina
2602 857 2706 903 sa-

1134 943 1387 1030 pientia
1417 944 1747 1021 eruditOS,
1783 945 1930 1011 sive
1954 943 2119 1010 boni
2165 945 2327 1025 sint,
2362 945 2507 1011 sive
2552 965 2706 1010 ma-

1135 1050 1207 1117 li.
1275 1051 1477 1119 Joan.
1541 1075 1610 1128 x,
1684 1053 1769 1119 35
1827 1051 1971 1119 :Si
2031 1052 2200 1119 illos
2262 1052 2447 1119 dixit
2514 1051 2698 1129 deos,

1136 1160 1402 1251 supple,
1465 1157 1844 1249 Scriptura,
1907 1159 2008 1228 ad
2062 1184 2239 1251 quos
2292 1183 2516 1228 sermo
2573 1159 2707 1227 Dei

1135 1270 1369 1359 sactus
1396 1279 1515 1336 ese.

1060 1392 1112 1438 Ρ·
1229 1375 1622 1445 Notandum
1665 1379 1878 1455 enim,
1914 1378 2102 1469 quod
2136 1379 2440 1470 quinque
2471 1375 2562 1444 dii
2593 1398 2707 1466 ap·

1139 1483 1501 1574 pellantur.
1535 1483 1752 1566 Idola,
1798 1484 2051 1575 Supra,
2089 1488 2158 1552 in
2196 1483 2380 1552 Psal.
2426 1506 2582 1562 xcv,
2612 1484 2698 1550 5:

1142 1594 1389 1662 Omnes
1418 1594 1521 1660 dii
1543 1596 1885 1685 gentium,
1921 1596 2293 1663 daemonia.
2324 1594 2700 1683 Principes,

1136 1700 1354 1769 Exod.
1406 1724 1574 1775 xxn,
1618 1702 1705 1769 28
1758 1722 1776 1768 3
1819 1703 1979 1770 Diis
2034 1725 2177 1768 non
2227 1701 2569 1779 detrahes,
2643 1708 2708 1766 ει

1127 1810 1431 1898 principi
1451 1808 1708 1899 populi
1744 1809 1852 1875 tui
1878 1830 2017 1876 non
2048 1808 2441 1876 maledices.
2467 1809 2530 1874 A
2558 1805 2706 1875 Deo

1132 1916 1441 1984 instructi
1481 1917 1549 1983 in
1579 1915 1816 1984 divina
1856 1914 2032 2006 lege,
2090 1915 2277 1985 Psal.
2322 1937 2553 1995 Lxxxx,
2607 1915 2648 1980 6
2682 1934 2698 1980 3

1135 2026 1290 2114 qu
1320 2024 1476 2091 daz-i
1504 2047 1527 2091 .·
1557 2024 1685 2091 Dii
1712 2026 1897 2103 estis,
1949 2033 2015 2091 ει
2050 2023 2203 2112 filii
2228 2022 2516 2091 Excelsi
2552 2044 2707 2090 om-

1132 2155 1271 2200 nes.
1370 2131 1717 2200 Potestate
1798 2131 2299 2200 miraculorum
2403 2129 2698 2221 praediti,

1133 2239 1352 2308 Exod.
1394 2262 1514 2320 vn,
1574 2241 1656 2305 13
1728 2241 1883 2330 qu
1957 2240 2293 2307 constitui
2357 2247 2423 2305 ιε
2474 2240 2701 2305 Deum

1133 2349 1545 2426 Pharaonis,
1584 2348 1651 2416 id
1692 2356 1816 2427 est,
1850 2347 1938 2415 ad
1969 2346 2106 2416 hoc
2135 2357 2205 2415 te
2236 2349 2468 2430 statui,
2502 2356 2581 2415 ut
2607 2346 2703 2414 fa-

1130 2459 1268 2525 cias
1298 2466 1534 2526 contra
1565 2455 2004 2524 Pharaonem
2066 2478 2524 2548 quaecumque
2569 2478 2702 2524 vo-

1129 2565 1363 2634 lueris.
1409 2565 1509 2633 De
1573 2564 1682 2634 his
1741 2563 2069 2632 omnibus
2128 2572 2355 2655 potest
2411 2562 2698 2654 intelligi

1131 2673 1318 2767 quod
1345 2673 1457 2742 hic
1484 2673 1756 2742 dicitur.

1223 3024 1256 3064 ι
1293 2996 1732 3084 Confilemim‘
1758 2997 2091 3065 Domino.
2128 3023 2165 3063 ι
2217 2996 2392 3065 Eece
2447 3003 2699 3088 poten-

1129 3106 1250 3176 tia.

1218 3212 1424 3294 Quasi
1460 3214 1762 3283 diceret:
1809 3240 1843 3279 ι
1892 3213 2340 3302 Confitemini
2394 3212 2694 3280 Domino

1128 3322 1568 3389 dominorum
1631 3346 1663 3385 ν
1698 3322 1965 3397 factori.
2013 3342 2142 3387 sua
2210 3318 2694 3388 excellentissi-

1129 3453 1239 3497 ma
1280 3429 1608 3497 bonitate.
1683 3429 1960 3496 Deuter.
2013 3450 2083 3499 x.
2164 3429 2289 3496 173
2352 3428 2694 3496 Dominus

1126 3542 1313 3609 Deus
1341 3549 1552 3607 vester
1581 3539 1727 3627 ipse
1754 3546 1854 3604 est
1882 3540 2073 3606 Deus
2103 3536 2418 3617 deorum,
2452 3548 2516 3604 ει
2544 3540 2694 3604 Do-

1127 3648 1357 3715 minus
1385 3646 1925 3715 dominantium.
1988 3644 2280 3736 Apocal.
2352 3667 2493 3721 xix,
2556 3646 2684 3712 16:

1124 3759 1274 3824 Rea·
1338 3779 1575 3848 requm
1625 3764 1688 3822 ει
1746 3755 2092 3822 Dominus
2150 3753 2688 3821 dominantium·

1125 3865 1268 3935 lad
1344 3863 1652 3934 Corinth.
1698 3885 1821 3942 xn,
1875 3864 1915 3930 5
1964 3884 1978 3931 3
2033 3863 2426 3931 Divisiones
2471 3864 2689 3930 mini-

1117 3974 1532 4042 strationum
1561 3979 1749 4048 sunt,
1806 3969 1989 4037 idem
2047 3979 2288 4037 autem
2316 3969 2682 4037 Dominus.

1117 4076 1223 4148 Ad
1255 4076 1502 4169 Ephes.
1546 4100 1642 4154 lv,
1685 4077 1760 4144 5:
1830 4076 2024 4143 Unus
2098 4076 2285 4144 Deus
2338 4084 2404 4142 ει
2475 4077 2690 4143 Pater

1116 4188 1453 4261 omnium,
1520 4186 1647 4276 qui
1709 4192 1808 4251 est
1860 4206 2075 4274 super
2130 4206 2388 4266 omnes,
2458 4193 2525 4250 ει
2563 4205 2689 4275 per

1116 4296 1379 4372 omnia,
1437 4303 1502 4361 ει
1567 4294 1639 4360 in
1734 4290 2060 4360 omnibus
2162 4290 2384 4359 nobis.
2437 4289 2680 4359 Matth.

1114 4424 1356 4479 xxviii,
1396 4403 1478 4469 18
1522 4422 1537 4468 3
1573 4403 1764 4469 Dola
1803 4408 1903 4467 est
1960 4399 2143 4466 mihi
2188 4400 2414 4467 omnis
2486 4407 2688 4492 pole-

1117 4519 1263 4578 slas
1291 4511 1364 4578 in
1394 4508 1591 4585 coelo,
1628 4517 1693 4576 ει
1721 4508 1796 4576 in
1835 4517 2047 4574 terra.

1206 4856 1241 4893 α
1279 4829 1417 4913 Qui
1451 4828 1633 4917 facil
1697 4823 2097 4894 mirabilia.
2137 4851 2171 4892 ι
2206 4824 2337 4894 llic
2373 4827 2682 4904 tertium,

1116 4937 1185 5003 in
1215 4957 1354 5026 quo
1386 4933 1683 5001 ostendit
1715 4933 2042 5001 bonitatis
2102 4931 2580 5001 excellentiam
2614 4933 2685 5000 in

1117 5064 1403 5133 operum
1461 5041 1934 5132 magnitudine
2010 5049 2079 5108 et
2140 5040 2558 5109 diversitate.
2603 5039 2687 5108 Et

1116 5150 1367 5241 primo,
1405 5157 1743 5240 quantum
1777 5146 1865 5215 ad
1931 5150 2267 5238 primum.
2332 5144 2681 5227 Secundo,

1116 5267 1449 5349 quantum
1481 5253 1566 5326 ad
1596 5254 2005 5336 secundum,
2052 5253 2178 5340 ihi,
2230 5261 2298 5333 ᾗ.
2339 5256 2380 5324 5
2416 5276 2433 5322 3
2472 5280 2510 5322 α
2546 5255 2685 5341 Qui

1111 5366 1280 5455 secie
1307 5364 1531 5434 coelos.
1571 5389 1606 5430 n

1206 5473 1321 5540 Ait
1359 5494 1548 5564 ergo,
1613 5469 1733 5539 Sic
1805 5470 2283 5540 confitemini:
2362 5478 2431 5540 et
2475 5472 2683 5540 etiam

4230 346 4360 412 423

2810 519 2894 585 9:
2949 519 3085 602 Qui
3107 521 3285 606 facit
3312 543 3592 608 moytia,
3640 529 3704 586 ει
3751 515 4257 592 inscrutabilia,
4292 525 4357 582 ει

2810 623 3170 689 mirabilia
3200 624 3455 713 absque
3489 646 3792 690 numero,
3828 624 4103 691 Denter.
4139 645 4206 704 x,
4234 623 4353 686 213

2808 730 2962 821 Ipse
2990 741 3088 798 est
3125 731 3280 799 laus
3311 743 3454 809 tua,
3490 744 3553 799 ει
3581 735 3764 800 Deus
3803 740 3984 812 tuuS,
4028 733 4152 821 qui
4192 730 4361 819 fecit

2811 837 2941 906 tibi
2976 838 3118 906 lzaec
3152 840 3538 930 maynalia.

2903 946 3039 1015 Sed
3071 950 3418 1039 quomodo
3441 949 3705 1027 dicitur,
3733 946 3916 1039 quod
3933 945 4124 1014 solus
4151 947 4353 1034 facit,

2810 1078 2967 1122 cum
2998 1057 3206 1124 etiam
3246 1057 3428 1147 magi
3486 1056 3797 1148 legantur
3849 1054 4084 1122 fecisse
4142 1051 4361 1120 multa

2811 1163 3178 1240 mirabilia,
3224 1171 3292 1231 et
3334 1163 3579 1252 Angeli
3631 1160 3855 1243 multi,
3925 1169 3991 1229 et
4036 1161 4356 1229 homines

2809 1273 3026 1339 sancti
3058 1273 3095 1340 ἰ
3133 1270 3376 1339 Glossa
3412 1271 3636 1353 solvit,
3681 1270 3863 1362 quod
3888 1270 4079 1338 solus
4114 1269 4360 1337 dieitur

2808 1381 3056 1462 facere,
3147 1381 3309 1471 quia
3401 1402 3845 1472 quaecumque
3911 1378 4188 1456 faciunt,
4242 1400 4365 1469 per

2811 1510 2970 1555 eum
3001 1487 3259 1555 faciunt
3290 1488 3427 1555 illa.
3473 1487 3676 1555 Eccli.
3738 1508 3921 1566 xuu,
3984 1487 4059 1553 31
4114 1508 4129 1552 3
4199 1487 4366 1552 Μα-

2807 1617 2991 1684 quus
3030 1595 3472 1674 veliementer,
3531 1605 3595 1661 ει
3650 1593 3997 1661 mirabilis
4045 1592 4360 1685 potentia

2810 1702 3037 1769 illius.
3073 1702 3357 1793 Apocal.
3392 1726 3507 1786 xv,
3543 1704 3623 1770 3:
3659 1705 3922 1791 Maqna
3986 1714 4049 1768 ει
4078 1698 4366 1768 mirabi-

2814 1809 2913 1876 lia
2940 1818 3105 1876 sunt
3131 1832 3338 1902 opera
3376 1821 3523 1891 lua,
3556 1811 3871 1886 Domine,
3920 1811 4101 1876 Deus
4130 1810 4364 1877 omni-

2801 1926 3070 2009 potens.

2904 2260 2938 2296 «
2976 2234 3114 2317 Qui
3131 2234 3300 2324 fecit
3353 2235 3574 2303 coeIoS.
3612 2261 3645 2298 n
3707 2232 3996 2302 Ostensa
4023 2231 4359 2302 excellen-

2805 2342 2902 2408 tia
2934 2363 3019 2410 ex
3087 2363 3372 2432 operum
3415 2342 3907 2433 magnitudine,
3941 2340 4052 2409 hic
4116 2363 4198 2409 ex
4256 2340 4355 2409 di-

2803 2452 3150 2520 versitate.
3213 2451 3300 2519 Et
3370 2454 3616 2542 primo,
3660 2451 3874 2542 tangit
3914 2474 3952 2519 a
4017 2449 4166 2519 solo
4207 2452 4353 2520 Deo

2805 2557 3004 2627 facta.
3079 2557 3422 2636 Secundo,
3483 2557 3569 2625 ab
3633 2580 3714 2626 eo
3787 2581 3910 2648 per
3963 2559 4353 2626 ministrum

2804 2667 3010 2752 edita,
3036 2667 3158 2752 ibi,
3208 2675 3271 2744 5.
3311 2669 3391 2736 10
3428 2691 3444 2736 3
3492 2696 3524 2729 «
3562 2667 3698 2753 Qui
3717 2668 4052 2758 percussit
4080 2668 4359 2760 AEqyp-

2802 2785 2978 2845 lum.
3023 2801 3059 2840 υ

2893 2884 2972 2952 ln
3021 2886 3244 2976 prima
3297 2885 3428 2953 tria
3480 2883 3857 2954 seeundum
3913 2886 4042 2953 tria
4098 2905 4352 2976 genera

2801 3013 3116 3084 operum,
3142 3015 3294 3084 quae
3322 2992 3482 3063 fecit
3502 3015 3625 3084 per
3651 2995 3950 3084 seipsum
3980 2992 4345 3061 Dominus.

2802 3102 3115 3172 Primum
3147 3111 3250 3173 est
3278 3126 3451 3197 opus
3487 3104 3870 3174 creationis.
3923 3101 4347 3190 Secundum,

2801 3212 3282 3309 distinctionis,
3319 3211 3438 3291 ibi,
3472 3220 3534 3289 ὴ.
3566 3214 3608 3280 6
3644 3234 3659 3281 3
3715 3240 3745 3275 α
3785 3213 3922 3299 Qui
3945 3214 4281 3303 firmavit.
4312 3237 4347 3278 n

2798 3320 3133 3399 Tertium,
3176 3329 3478 3389 ornatus⁴
3530 3320 3645 3402 ihi,
3689 3327 3749 3395 ᾗ.
3786 3321 3868 3388 ’73
3953 3345 3986 3384 α
4021 3321 4159 3406 Qui
4183 3321 4353 3410 secie

2800 3429 3210 3497 luminaria.
3241 3453 3275 3494 ι

2895 3539 3070 3609 Dicit
3099 3560 3307 3630 ergo:
3352 3538 3466 3606 Sic
3506 3538 3598 3607 illi
3630 3537 4075 3613 confitemini,
4107 3539 4222 3630 qui
4255 3536 4351 3606 se·

2796 3650 2886 3716 cit
2917 3647 3106 3715 solus
3138 3645 3497 3726 mirabilia,
3556 3655 3619 3713 et
3674 3649 3877 3715 etiam
3948 3672 3981 3712 ι
4013 3648 4140 3737 qui
4179 3647 4349 3737 lecit

2795 3755 3000 3823 coelos
3023 3755 3094 3822 in
3137 3753 3510 3831 intellectu,
3552 3783 3583 3814 »ι
3615 3752 3828 3831 idest,
3873 3752 3987 3845 qui
4029 3753 4187 3822 fecit
4215 3775 4349 3821 οω-

2794 3861 2901 3931 los
2939 3860 3140 3930 nobis
3170 3860 3569 3941 invisibiles,
3637 3862 3952 3952 quamvis
4007 3864 4145 3929 sint
4191 3882 4344 3929 cor-

2793 3965 3089 4060 porales,
3159 3967 3334 4035 sicut
3430 3966 3674 4037 coetum
3766 3989 4196 4058 empyreum,
4274 3972 4344 4034 et

2793 4076 3000 4143 etiam
3040 4073 3536 4166 crystallinum,
3582 4074 3697 4165 qui
3758 4072 3893 4143 duo
3947 4081 4108 4142 sunt
4166 4073 4344 4143 inter

2796 4182 3007 4251 coelos
3038 4182 3249 4251 factos
3277 4204 3483 4274 super
3529 4185 3748 4274 ips-uin
3800 4181 4336 4250 firmamentum.

2792 4289 2954 4371 Job,
2997 4312 3208 4367 xxxv,
3253 4292 3337 4359 5:
3380 4290 3663 4380 Suspice
3690 4290 3961 4371 coelum,
4006 4296 4072 4356 ει
4108 4289 4343 4358 intue-

2795 4419 2869 4464 re
2898 4417 2922 4463 .·
2951 4405 3016 4462 ει
3044 4396 3507 4488 contemplare
3521 4394 3775 4464 ethera
3801 4393 3993 4488 quod
4024 4394 4244 4465 altior
4277 4405 4343 4466 ιε

2787 4505 2907 4582 sil,
2943 4502 3008 4571 id
3032 4512 3299 4582 est,tuo
3338 4501 3705 4572 intellectu.
3731 4501 3859 4571 Vel
3879 4505 3979 4572 sic
4018 4523 4035 4573 3
4073 4530 4110 4568 α
4149 4503 4343 4574 Fecit

2791 4610 2994 4680 coelos
3040 4611 3114 4679 in
3161 4609 3511 4679 intellectu
3579 4632 3732 4694 suo,
3767 4637 3802 4674 ιι
3836 4632 3975 4680 non
4007 4611 4077 4680 in
4104 4610 4339 4704 aliquo

2794 4718 3012 4789 altero
3045 4720 3270 4810 ipsum
3328 4719 3727 4789 instruente.
3783 4717 4036 4788 Jerem.
4079 4740 4155 4797 x,
4208 4720 4335 4789 12:

2790 4826 3181 4896 Prudentia
3205 4849 3359 4903 sua,
3394 4848 3530 4895 non
3580 4826 4019 4894 instructione
4084 4823 4335 4907 aliena,

2791 4933 3099 5002 exlendit
3134 4933 3359 5002 coelos.
3396 4931 3526 5000 Isa.
3559 4954 3739 5012 μιν,
3772 4932 3899 4999 24:
3944 4931 4343 5000 Extendens

2791 5039 2993 5109 coelos
3036 5038 3256 5108 solus.
3326 5037 3493 5108 Coeli
3543 5037 3780 5108 Clerici
3845 5045 4029 5118 sunt,
4100 5038 4217 5130 qui
4254 5037 4343 5107 ad

2796 5147 2929 5218 hoc
2958 5170 2999 5216 a
3034 5148 3183 5217 Deo
3221 5157 3381 5218 sunt
3411 5147 3564 5218 facti
3607 5155 3683 5215 ut
3712 5146 4122 5237 intelligant,
4164 5145 4345 5216 Pro-

2793 5257 2986 5330 verb.
3023 5280 3166 5340 xw,
3219 5257 3304 5327 35
3354 5278 3372 5329 3
3432 5259 3762 5349 Acceptus
3798 5263 3894 5323 est
3938 5256 4088 5347 reqi
4123 5256 4343 5325 mini-

2786 5376 2928 5438 ster
2962 5366 3471 5459 inlelliqms.Et
3496 5365 3552 5434 si
3584 5364 3967 5457 gubernent
3999 5363 4338 5445 subditos,

2790 5472 3125 5544 Proverb.
3167 5496 3217 5553 1,
3259 5476 3346 5543 52
3411 5471 3813 5563 Intelliqms
3863 5469 4341 5563 gubernacula

1117 5583 1566 5662 confitemini,
1650 5611 1683 5646 e«
1717 5583 1868 5676 qui,
1916 5610 1949 5645 υ
2027 5582 2101 5650 id
2166 5590 2297 5663 est,
2357 5583 2523 5675 quia
2567 5582 2683 5651 ille
2782 5580 3186 5676 possidebit.
3230 5579 3317 5649 Et
3370 5579 3654 5650 ulterius
3716 5577 3966 5649 faciant
4013 5602 4168 5672 quae
4219 5578 4343 5650 do-

1131 5720 1163 5758 ι
1194 5693 1374 5785 lacit
1400 5690 1763 5762 mirabilia
1792 5714 2055 5782 maqna
2080 5691 2281 5762 solus
2310 5719 2376 5760 ν.
2406 5689 2570 5773 Job,
2607 5714 2678 5773 ν,

2792 5697 3001 5760 cent:
3077 5689 3264 5781 quia,
3295 5687 3463 5759 Luc.
3522 5710 3646 5776 ιιι,
3700 5688 3814 5769 47,
3855 5686 4102 5756 dicitur
4140 5708 4159 5755 3
4202 5685 4342 5775 1112
