5008 6329
811 352 940 419 454

904 547 936 584 α
979 518 1444 587 Dinumerabo
1509 543 1641 587 eos,
1707 548 1739 584 υ
1811 521 1981 590 Ecce
2058 524 2359 599 tertium,

808 626 1065 693 scilicet
1103 625 1627 695 sublimaturum
1688 637 1753 696 et
1803 629 2366 697 confirmatorum

809 730 1328 819 multiplicatio:
1392 743 1460 803 et
1505 735 1837 826 probatur
1892 734 2367 822 multiplicatio

808 840 1322 929 comparatione
1381 843 1466 910 ad
1539 843 1789 918 Deum,
1852 863 1889 907 a
1966 840 2159 926 cujus
2226 837 2371 904 sola

809 947 1147 1035 sapientia
1190 948 1646 1016 numerabiles
1737 956 1957 1014 erunt.
2023 945 2366 1027 Secundo,

810 1058 1320 1144 comparatione
1421 1054 1508 1121 ad
1580 1053 1909 1143 populum
1974 1054 2369 1132 Judaicum,

813 1161 932 1241 ibi,
971 1187 1004 1225 ι
1040 1163 1136 1228 Et
1161 1183 1366 1250 super
1403 1183 1711 1227 arenam.
1754 1188 1785 1223 »ι

907 1267 1087 1332 Dicit
1127 1287 1326 1355 ergo:
1366 1264 1481 1334 Sic
1524 1266 1871 1334 sublimati
1947 1275 2105 1334 sunt
2172 1266 2378 1333 amici

814 1376 940 1452 tui,
987 1396 1027 1441 o
1059 1372 1268 1452 Deus,
1304 1376 1403 1443 sic
1450 1398 1690 1444 eorum
1739 1377 2159 1466 principatus
2210 1396 2376 1442 con-

815 1483 1134 1564 fortatuS,
1171 1491 1237 1548 et
1282 1491 1353 1550 tu
1403 1483 1627 1552 dicere
1676 1493 1911 1574 potes:
1951 1509 1984 1547 α
2037 1484 2381 1551 Dinume-

818 1591 988 1657 rabo
1020 1611 1176 1656 eos:
1221 1617 1252 1651 »
1297 1611 1424 1680 ego
1472 1592 1666 1679 cujus
1719 1592 2053 1680 sapientia
2084 1588 2375 1669 infinita,

820 1700 937 1789 qui
975 1718 1264 1765 numero
1324 1696 1833 1764 multitudinem
1881 1696 2266 1764 stellarum:
2316 1703 2383 1762 et

823 1807 949 1896 ipsi
991 1812 1156 1872 sunt
1188 1803 1422 1871 stellae.
1460 1804 1706 1873 Genes.
1741 1827 1910 1882 xxn,
1958 1805 2081 1870 17:
2126 1802 2381 1871 Multi-

815 1910 1097 2004 plicabo
1177 1933 1403 1978 semen
1465 1921 1693 1992 tuum,
1754 1933 1875 2001 per
1930 1912 2381 1978 imitationem

823 2021 1081 2089 dictum
1116 2027 1218 2087 est
1271 2019 1591 2099 Abrahae,
1656 2023 1835 2088 sicut
1904 2019 2148 2086 stellas
2202 2018 2379 2086 coeli.

826 2127 985 2197 Mali
1030 2134 1258 2195 autem
1292 2150 1432 2195 non
1462 2136 1621 2194 sunt
1648 2127 2128 2195 numerabiles.
2164 2126 2379 2194 Eccle.

825 2259 872 2313 1,
928 2237 1046 2302 ¹25:
1092 2232 1489 2302 Stultorum
1543 2235 1861 2323 infinitus
1896 2244 1992 2300 est
2028 2256 2381 2301 nunwrus.

833 2342 996 2422 Sed,
1033 2340 1518 2418 Numer-orum,
1555 2364 1602 2419 1,
1646 2344 1685 2408 2
1725 2350 1793 2409 et
1823 2364 1993 2433 seq.,
2027 2343 2156 2423 Qui
2190 2350 2390 2431 pote-

834 2459 985 2517 rant
1053 2448 1139 2516 ad
1194 2447 1373 2516 bella
1453 2449 1845 2540 procedere,
1905 2447 1975 2516 hi
2049 2448 2388 2516 numerati

829 2564 1014 2624 sunt.

928 2689 961 2727 ι
995 2665 1093 2730 Et
1156 2685 1365 2754 super
1392 2685 1701 2730 arenam.
1740 2688 1773 2727 n
1818 2661 2026 2741 Quasi
2095 2662 2385 2730 diceret:

838 2772 951 2840 Sic
1022 2770 1189 2838 mihi
1259 2771 1384 2839 soli
1447 2781 1647 2840 erunt
1712 2770 2212 2840 numerabiles:
2265 2779 2393 2836 «et

835 2877 1501 2969 multiplicabuntur
1524 2902 1731 2970 super
1758 2900 2039 2946 arenam
2069 2879 2310 2956 maris,
2356 2903 2390 2938 n

837 3010 1046 3077 super
1078 2985 1343 3076 plebem
1367 2986 1755 3065 Judaicam‚
1800 3009 1951 3079 quae
2002 3008 2223 3054 arenae
2267 2993 2398 3052 ste·

838 3094 946 3162 rili
986 3102 1056 3162 et
1094 3094 1530 3163 infructuosae
1570 3103 2026 3187 comparatur.
2083 3093 2213 3160 lsa.
2259 3115 2391 3173 mv,

844 3207 871 3272 1
925 3226 940 3271 :
1012 3202 1233 3271 Multi
1282 3202 1428 3292 filii
1482 3204 1786 3284 desertae,
1840 3202 2256 3271 Gentilitatis
2312 3201 2396 3269 ad

842 3312 1063 3380 Deum
1096 3333 1468 3392 conversae,
1512 3313 1739 3402 maqis
1794 3333 2005 3402 quam
2040 3310 2196 3399 ejus
2248 3333 2402 3401 quae

840 3419 1138 3487 habebat
1166 3421 1418 3500 virum,
1458 3418 1735 3487 Judaeae.

950 3664 981 3696 α
1022 3633 1435 3702 Exsurreoei.
1473 3656 1508 3697 ι
1544 3630 1672 3700 llic
1704 3631 2006 3722 tangitur
2049 3653 2279 3710 causa,
2339 3641 2405 3700 et

855 3742 1027 3808 ratio
1060 3747 1264 3806 tantae
1302 3735 1932 3829 multiplicationis:
1993 3746 2061 3807 et
2107 3737 2238 3807 hoc
2282 3738 2409 3807 du-

854 3848 1147 3937 pliciter,
1209 3842 1454 3911 Christi
1523 3843 1777 3911 scilicet
1852 3846 2279 3923 resurrectio,
2341 3855 2408 3914 et

853 3950 1389 4022 communicatio
1417 3952 1690 4018 virtutis
1736 3959 1802 4018 et
1862 3953 2184 4041 potentiae
2252 3976 2407 4021 cum

858 4060 1005 4127 Deo
1049 4056 1277 4135 Patre,
1311 4057 1430 4139 ibi,
1466 4081 1500 4123 ι
1533 4060 1629 4124 Et
1657 4056 1905 4125 adhuc.
1951 4086 1981 4118 n

950 4164 1036 4231 Et
1067 4162 1442 4231 secundum
1491 4161 1623 4233 hoc
1677 4163 1990 4255 siclege:
2054 4164 2153 4234 lta
2211 4166 2411 4234 amici

862 4278 1022 4340 sunt
1063 4268 1405 4347 honorati,
1448 4278 1514 4338 et
1562 4271 1633 4337 in
1698 4268 1958 4340 honore
2022 4273 2409 4354 confortati,

864 4386 930 4448 et
978 4373 1421 4444 vehementer
1474 4373 1929 4466 multiplicati,
1989 4386 2130 4468 ets«
2173 4402 2415 4447 exsur-

865 4484 1019 4554 rexi
1044 4509 1079 4546 ιι
1122 4505 1164 4550 a
1193 4492 1410 4551 morte
1438 4504 1453 4551 ε
1491 4506 1525 4548 ι
1558 4491 1623 4550 et
1661 4482 1891 4552 adhuc
1914 4506 2067 4552 sum
2096 4495 2339 4566 tecum,
2378 4512 2413 4553 ι

867 4613 1159 4678 manens
1186 4589 1364 4658 idem
1405 4591 1475 4658 in
1505 4591 1805 4681 potentia
1835 4600 1902 4660 et
1953 4594 2232 4673 virtute,
2265 4616 2421 4683 pro-

866 4709 1019 4794 pter
1048 4720 1203 4789 quae
1230 4705 1418 4766 tanta
1444 4698 1864 4768 credentium
1906 4700 2079 4769 tacta
2108 4708 2208 4769 est
2247 4701 2421 4769 mul-

868 4808 1226 4900 tiplicatio.
1276 4805 1381 4873 Ad
1431 4806 1721 4876 Roman.
1768 4831 1863 4887 v1,
1942 4813 2033 4878 9:
2107 4810 2420 4879 Christus

869 4935 1231 5003 resurqens
1256 4935 1341 4981 ατ
1367 4915 1683 4993 mortuis,
1702 4914 1868 5003 jam
1897 4939 2032 4984 non
2076 4918 2415 4984 moritur:

873 5045 1057 5091 mors
1098 5018 1213 5086 illi
1280 5019 1493 5100 ultra,
1536 5028 1661 5091 etc.
1729 5019 1934 5091 Joan.
1975 5045 2045 5106 x,
2081 5025 2165 5090 30
2202 5043 2219 5091 ε
2264 5026 2418 5112 qu

872 5142 937 5198 et
967 5132 1184 5197 Pater
1211 5149 1425 5195 unum
1463 5149 1727 5198 sumus.
1791 5127 1901 5209 Et,
1940 5153 2086 5209 vnn,
2121 5132 2245 5199 29:
2284 5133 2422 5215 Qui

874 5260 983 5305 me
1019 5236 1235 5317 misit,
1267 5257 1528 5304 mecum
1556 5245 1677 5303 est.

957 5510 972 5545 ¹
1006 5502 1182 5578 vulg.
1215 5500 1413 5573 habet,
1444 5502 1538 5576 ᾖ).
1571 5505 1638 5562 19
1659 5505 1807 5562 οῑ20
1829 5523 1844 5563 :
1869 5505 1933 5563 Si
1953 5504 2422 5577 occiderimneus,

872 5601 1215 5671 peccatores,
1267 5595 1377 5650 viri
1428 5597 1784 5665 sanquinem,
1840 5594 2117 5653 declinate
2179 5615 2214 5652 a
2268 5613 2355 5653 me
2398 5614 2422 5662 ‚-

880 5689 1018 5761 quia
1045 5684 1235 5742 dicitis
1263 5683 1324 5741 in
1355 5685 1730 5755 coqitatione:
1760 5689 2046 5759 Accipient
2076 5689 2134 5744 in
2179 5690 2424 5745 vanitate

1845 347 1932 420 D.
1982 349 2181 417 ALB.
2238 347 2457 421 MAG.
2511 346 2718 415 ORD.
2769 346 3066 414 PRAED.

2571 518 2693 587 Vel
2724 518 2843 596 sic,
2888 526 2961 587 ut
2989 520 3073 586 sit
3109 540 3315 586 causa
3350 516 3552 605 hujus
3595 513 3844 591 ultimi,
3897 513 4024 579 sci-

2476 627 2634 696 licet
2664 650 2872 718 quare
2905 629 3124 718 magis
3155 624 3580 715 multiplicati
3640 643 3846 713 quam
3891 620 4024 686 Ju-

2477 733 2634 801 daei.
2708 732 2918 812 Quasi
2984 735 3272 802 diceret:
3349 735 3534 801 Bene
3590 730 3765 807 dico,
3837 727 4021 818 quod

2478 841 3115 929 multiplicabuntur
3167 863 3373 930 super
3462 861 3763 918 arenam,
3865 836 4023 925 quia

2481 972 2515 1010 ι
2551 949 2910 1015 exsurrexi
2943 974 2974 1013 n
3008 972 3048 1016 a
3079 949 3368 1016 mortuis
3416 947 3691 1027 scilicet,
3728 973 3761 1008 α
3790 955 3854 1012 et
3900 942 4024 1011 ad-

2479 1054 2616 1122 huc
2677 1077 2832 1122 sum
2889 1064 3131 1133 tecum,
3196 1084 3228 1118 »
3298 1056 3504 1133 lateo,
3549 1062 3616 1122 et
3672 1052 4024 1120 manifeste

2481 1161 2823 1253 gloriosus
2855 1185 3174 1253 appareo.
3223 1163 3507 1253 Propter
3572 1160 3753 1250 quod
3806 1157 4025 1225 Judaei

2484 1280 2645 1337 sunt
2677 1292 2883 1338 arena
2924 1269 3166 1339 adhuc.
3221 1269 3353 1337 Isa.
3397 1292 3548 1351 xcv,
3587 1269 3710 1335 14:
3759 1270 3915 1334 Vere
3951 1274 4026 1332 tu

2483 1403 2552 1446 es
2590 1382 2778 1447 Deus
2851 1378 3309 1462 absconditur,
3366 1378 3619 1446 Judaeis
3673 1375 4026 1444 excaecatis

2485 1509 2703 1577 usque
2758 1488 2826 1552 in
2867 1486 3073 1554 tinem
3125 1485 3390 1553 mundi.
3453 1483 3760 1574 Sophon.
3799 1505 3895 1565 111,
3939 1484 4021 1550 8:

2484 1596 2828 1685 Exspecta
2869 1615 2999 1674 me,
3042 1595 3209 1661 dicit
3246 1594 3611 1676 Dominus,
3643 1593 3717 1658 in
3767 1591 3879 1658 die
3920 1613 4031 1657 re-

2484 1701 2924 1769 surrectionis
2952 1723 3117 1768 meoe
3145 1702 3215 1767 in
3251 1703 3599 1790 futurum,

2584 2035 2616 2070 α
2670 2008 2754 2077 Si
2800 2008 3147 2086 occideris,
3216 2010 3426 2085 Deus,
3488 2018 3874 2099 peccatores
3915 2009 3957 2076 ⁸.
3999 2034 4031 2073 ιι
4169 2036 4282 2104 ¹9

2493 2114 2620 2182 llic
2650 2124 2751 2182 est
2783 2124 3019 2205 quarta
3059 2137 3212 2205 pars
3248 2113 3526 2193 Psalmi,
3573 2118 3641 2182 in
3707 2137 3844 2205 qua
3899 2116 4039 2206 agit
4068 2147 4331 2242 ⁰¹¹ssssss

2492 2223 2575 2290 de
2664 2222 2896 2289 divina
2971 2222 3260 2310 justitia,
3350 2222 3434 2289 ad
3519 2222 4036 2290 monstrandum

2495 2329 2681 2421 quod
2748 2352 2886 2397 non
2941 2329 3090 2396 vult
3142 2328 3399 2420 fugere,
3470 2352 3592 2397 nec
3655 2332 3953 2420 separari
4001 2352 4041 2397 a

2496 2438 2668 2506 Deo.
2706 2436 2787 2505 Et
2823 2439 3127 2527 tangitur
3180 2436 3409 2503 divina
3457 2438 3745 2527 justitia,
3815 2447 3881 2505 et
3946 2440 4045 2505 in·

2496 2547 2889 2616 terticiendo
2951 2547 3391 2638 spiritualiter
3445 2571 3565 2639 per
3633 2547 4044 2617 subtractio-

2497 2680 2656 2725 nem
2697 2659 2954 2750 gratiae,
2998 2667 3061 2724 et
3089 2656 3494 2726 aeternaliter
3529 2657 3917 2725 damnando
3973 2658 4044 2725 in

2498 2766 2838 2857 gebenna.
2911 2766 2994 2835 Et
3060 2767 3127 2834 in
3185 2770 3407 2857 prima
3463 2766 3713 2835 lectura
3743 2766 4046 2858 loquitur

2499 2873 2799 2941 Ecclesia
2829 2882 2995 2950 tota,
3033 2875 3101 2941 in
3122 2874 3658 2964 secunda‚caput
3701 2872 4040 2942 Ecclesiae.

2507 2981 2657 3049 1)υο
2733 3005 2897 3073 ergo
2949 2981 3290 3060 dicuntur,
3342 2981 3714 3050 secundum
3756 2981 4045 3073 primam

2503 3089 2856 3158 lecturam.
2918 3089 3177 3172 Primo,
3236 3089 3656 3157 demonstrat
3746 3089 4047 3157 divinam

2495 3199 2864 3286 justitiam,
2897 3198 3005 3265 cui
3059 3196 3449 3266 concordat.
3487 3196 3829 3274 Secundo,
3874 3204 4046 3276 orat,

2507 3307 2626 3382 ibi,
2660 3314 2725 3382 7.
2770 3306 2898 3373 23:
2936 3331 2968 3371 ι
3013 3304 3241 3374 Proba
3271 3329 3401 3385 me,
3443 3308 3652 3375 Deus.
3689 3333 3722 3369 »v

2601 3413 2676 3480 ln
2709 3416 2928 3503 prima
2974 3412 3292 3481 dicuntur
3347 3413 3500 3480 tria.
3564 3413 3822 3491 Primo,
3883 3414 4058 3482 occi-

2510 3544 2746 3588 sorum
2797 3543 2836 3588 a
2867 3519 3011 3588 Deo
3067 3519 3508 3611 spiritualiter
3556 3522 3774 3602 ruina,
3843 3529 3908 3590 et
3936 3519 4059 3589 de-

2503 3631 2714 3718 jectio
2748 3632 2816 3697 in
2857 3630 3184 3717 majorem
3229 3627 3527 3720 culpam.
3563 3627 3908 3713 Secundo,
3941 3651 4062 3699 oc-

2513 3740 2698 3808 casio
2764 3739 3070 3828 tangitur
3151 3739 3364 3805 ruinae
3445 3737 3746 3818 illorum,
3804 3738 4062 3807 scilicet

2515 3868 2727 3937 prava
2758 3843 3202 3936 intelligentia
3241 3844 3432 3914 verbi
3460 3844 3613 3926 Dei,
3645 3845 3766 3926 ibi,
3811 3848 3881 3914 in
3909 3868 4064 3916 me-

2516 3955 2630 4023 dio
2669 3960 2735 4031 5.
2776 3954 2898 4022 19:
2948 3977 2981 4018 α
3028 3953 3171 4020 Viri
3220 3954 3667 4043 sanquinum.
3709 3980 3742 4018 ιι
3808 3953 4059 4034 Tertio,

2521 4060 2831 4154 probatio
2872 4059 3051 4152 quod
3091 4081 3249 4129 vere
3287 4082 3602 4151 perverse
3650 4059 4062 4154 intelligunt,

2521 4171 2643 4248 ibi,
2677 4178 2741 4246 y.
2786 4170 2861 4235 21
2899 4190 2916 4236 τ
2953 4196 2987 4231 «
3018 4168 3260 4236 Nonne
3285 4170 3410 4260 qui
3437 4168 3728 4237 oderunt
3760 4166 3804 4237 P
3833 4196 3868 4237 ι

2613 4274 2792 4342 Dicit
2827 4294 3031 4364 ergo:
3074 4272 3394 4359 Domine,
3426 4282 3570 4343 tam
3599 4276 3896 4367 sapiens,
3927 4284 4069 4345 tam

2521 4390 2791 4473 potens,
2860 4390 2927 4451 et
2988 4390 3131 4450 tam
3187 4382 3525 4473 benignus
3562 4405 3660 4462 es,
3719 4393 3789 4453 et
3815 4385 4068 4475 justus,

2524 4490 2682 4581 quia
2716 4511 2758 4555 o
2800 4511 2834 4553 ι
2886 4490 3091 4564 Deus,
3149 4488 3213 4556 si
3274 4487 3622 4571 occideris,
3666 4514 3701 4555 ι
3779 4490 4070 4581 gratiam

2525 4619 2678 4688 qua*
2709 4604 2808 4665 est
2837 4598 2977 4665 vita
3007 4598 3253 4663 animae
3314 4595 3808 4682 subtrahendo,
3853 4626 3887 4664 α
3910 4622 4072 4691 pec·

2523 4716 2808 4784 catores,
2844 4729 2878 4770 »
2911 4702 3262 4772 haereticos
3301 4702 3639 4785 homines,
3681 4714 3747 4775 et
3792 4729 4075 4798 perver-

2525 4835 2666 4890 sos,
2714 4813 3095 4905 «accipient
3120 4812 3428 4880 civitates
3475 4835 3663 4892 suas,
3700 4841 3735 4876 n
3781 4837 4076 4906 congre-

2527 4925 2838 5015 gationes
2866 4945 3050 5002 suas,
3117 4943 3398 4989 suorum
3452 4922 3898 5004 credentium,
3935 4954 3969 4989 α
4004 4925 4075 4992 in

2527 5031 2855 5109 vanitate,
2885 5055 2916 5094 ι
2978 5026 3044 5095 id
3083 5034 3210 5108 est,
3260 5026 3343 5095 de
3397 5030 3595 5098 vanis
3648 5028 4073 5110 hominibus,

2528 5146 2593 5206 et
2653 5161 2829 5205 vana
2896 5134 3335 5227 diligentibus
3391 5135 3868 5207 conventicula
3919 5162 4083 5208 con-

2527 5243 2937 5335 gregabunt.
2969 5241 3154 5310 Deus
3200 5251 3591 5332 peccatores
3635 5242 3808 5325 odit,
3866 5243 4076 5315 Eccli.

2528 5512 2784 5569 civitates
2823 5515 2965 5568 tuas.
3025 5508 3506 5568 Commentarius
3560 5510 3630 5571 D.
3683 5509 3915 5570 Alberti
3968 5512 4081 5571 hos

2530 5600 2684 5658 duos
2710 5598 3038 5658 versiculos
3065 5600 3314 5657 omnino
3344 5599 3577 5657 miscet.
