5008 6329
305 4810 590 4859 Βοιιιιοω-

381 4863 501 4911 mit·
531 4867 583 4909 et

436 4928 608 4963 urna·

290 4973 357 5021 u·
388 4971 608 5017 dumus

325 5030 564 5076 umora.

665 221 788 289 190

1637 215 1721 281 D.
1776 212 1975 281 ALB.
2030 210 2247 278 MAG.
2302 210 2506 277 ORD.
2562 212 2853 279 PRAED.

660 392 931 473 Quanto
979 415 1141 485 ergo
1198 390 1424 482 potius
1458 388 1614 456 illos
1649 406 1822 477 quos
1867 382 2099 450 amat?
2130 380 2206 449 In
2318 383 2499 473 quod
2535 392 2827 450 stercora
2866 383 3177 452 dicuntur
3214 384 3641 474 temporalia,
3672 381 3843 451 Tob.

659 505 850 572 omni
887 504 1037 573 loco
1087 500 1266 570 oculi
1321 497 1606 566 Domini
1655 492 2211 583 contemplantur
2315 515 2383 572 11,
2423 493 2529 571 11,
2572 500 2940 561 excaecatus
2970 499 3072 559 est
3099 490 3505 559 stercoribus
3534 491 3851 559 hirundi-

655 616 876 683 bonos
931 621 999 682 et
1051 610 1295 691 malOS,
1329 606 1449 675 sed
1506 605 1947 674 differenter:
2005 601 2204 671 oculo

655 724 929 793 sinistro
970 719 1186 787 malos
1218 716 1513 806 respicit,
1550 737 1790 783 eorum
1830 714 2008 782 facta
2036 713 2209 780 inte-

656 834 835 900 riora
874 836 940 898 et
966 813 1326 894 exteriora>
1345 823 1765 915 judicando:
1808 823 2033 891 bonos
2089 843 2207 888 au-

651 950 790 1009 tem
831 939 901 1004 in
939 935 1184 1004 melius
1229 935 1727 1026 promovendo,
1771 930 1973 1000 oculo
2031 928 2203 995 dex-

650 1055 783 1124 tro,
850 1043 959 1112 vel
1007 1066 1046 1112 a
1111 1043 1402 1134 peccatis
1454 1038 1835 1117 liberandO,
1906 1036 1963 1103 si
2003 1033 2199 1103 electi

651 1164 832 1222 sunt.
884 1152 1189 1245 Sapient.
1249 1153 1516 1237 1v,15:
1573 1151 1672 1216 Et
1720 1154 2059 1236 respectus
2126 1143 2201 1210 in

650 1258 892 1329 electos
925 1259 1146 1327 illius.

745 1607 779 1649 α
821 1580 1177 1650 Suscitans
1232 1601 1276 1645 a
1348 1585 1557 1643 terra.
1608 1601 1639 1635 ι)
1699 1572 1830 1639 Hic
1895 1571 2202 1660 tangitur

652 1687 1243 1775 condescensionis
1317 1691 1386 1753 et
1477 1687 1824 1772 respectus
1909 1678 2193 1746 fructus.

644 1793 975 1884 Tangitur
1012 1796 1238 1860 autem
1271 1788 1544 1878 duplex.
1579 1784 1844 1863 Primo,
1888 1782 2198 1874 gentium

646 1897 901 1993 ereptio
967 1922 1010 1968 a
1090 1897 1310 1988 culpa.
1341 1901 1344 1904 ’
1378 1892 1733 1972 Secundo,
1802 1898 2197 1982 ereptorum

645 2006 1082 2100 congregatio
1112 2006 1181 2072 in
1237 2001 1563 2081 Ecclesia,
1601 1998 1722 2081 ibi,
1756 2005 1823 2076 ᾗ.
1854 1999 1940 2067 9:
1989 2024 2025 2061 «
2061 1995 2202 2081 Qui

643 2115 959 2185 habitare
983 2113 1182 2203 facit.
1221 2138 1255 2174 ι»

733 2221 812 2290 ln
841 2219 1061 2315 prima
1089 2218 1249 2287 duo.
1285 2215 1551 2300 Primo,
1593 2214 1878 2305 ereptio.
1925 2210 2199 2280 Secun-

645 2330 761 2415 do,
803 2328 983 2410 finis,
1015 2334 1083 2395 et
1143 2324 1340 2407 ratio,
1380 2322 1504 2404 ibi,
1543 2329 1609 2400 ᾗ.
1658 2322 1698 2390 8
1735 2343 1753 2389 3
1790 2345 1825 2387 ι
1866 2321 1957 2390 Ut
1985 2320 2198 2388 collo·

640 2447 764 2507 cet.
808 2462 845 2501 n

730 2542 810 2610 In
839 2542 1062 2634 prima
1092 2538 1252 2608 duo.
1286 2537 1551 2616 Prima,
1575 2535 1836 2626 ereptio
1869 2533 2196 2603 Gentium

641 2654 725 2724 ab
756 2674 990 2722 amore
1018 2659 1468 2719 terrenorum.
1496 2643 1843 2727 Secundo,
1872 2666 1915 2712 a
1942 2642 2196 2738 volup-

637 2770 776 2830 tate
805 2757 1181 2830 carnalium
1213 2753 1740 2839 desideriorum,
1761 2752 1882 2832 ibi,
1919 2777 1954 2819 ι
1987 2753 2084 2820 Et
2110 2752 2195 2822 de

635 2882 946 2939 stercore.
991 2893 1027 2930 n

725 2976 909 3046 Dicit
934 2996 1099 3068 ergo
1125 2996 1141 3042 3
1179 2971 1294 3042 Sic
1315 2968 1588 3063 respicit
1614 2967 1934 3054 humilia,
1965 2976 2036 3039 et
2070 2989 2194 3059 per

636 3085 825 3155 hunc
867 3089 1249 3177 respectum
1290 3086 1394 3150 est
1454 3106 1489 3143 κ
1513 3078 1879 3157 suscitans,
1914 3101 1951 3144 ι
1994 3075 2192 3170 quasi

636 3202 1009 3273 mortuum,
1064 3217 1099 3259 ι
1134 3192 1430 3283 inopem,
1466 3214 1503 3253 n
1547 3187 1664 3280 qui
1714 3208 1920 3278 opem
1956 3184 2193 3278 gratim

633 3325 773 3373 non
800 3300 1119 3370 habebat.
1152 3297 1237 3366 Et
1265 3296 1423 3381 hoc,
1477 3323 1508 3361 ιι
1544 3320 1589 3364 a
1618 3304 1827 3375 terra,
1874 3318 1910 3361 ι
1942 3294 2016 3363 ἱιι
2054 3316 2192 3387 qua

622 3411 895 3502 jacebat
922 3433 1043 3504 per
1069 3406 1691 3499 concupiscentiam
1724 3413 2183 3474 terrenorum.

629 3520 814 3590 Psal.
872 3537 1058 3602 xun,
1118 3518 1248 3586 25:
1333 3513 1881 3606 Conqlutinatus
1942 3521 2046 3581 cst
2114 3512 2189 3581 in

626 3640 810 3699 terra
864 3636 1091 3696 venter
1127 3633 1376 3695 noster.
1432 3621 1676 3705 Amos,
1706 3643 1829 3706 vn,
1870 3622 1912 3689 2
1953 3640 1974 3688 3
2019 3620 2193 3707 Quis

627 3734 988 3809 suscitabit
1030 3733 1245 3806 Jacob
1305 3731 1390 3802 de
1416 3741 1626 3811 terra,
1675 3729 1748 3798 iu
1795 3750 1936 3821 qua
1974 3727 2184 3820 jacet,

630 3846 799 3940 quia
819 3842 1163 3937 parvulus
1198 3850 1295 3910 est
1318 3838 1362 3909 ?
1406 3846 1477 3910 et
1513 3835 1962 3932 parvulorum
2011 3836 2191 3907 scili·

632 3960 738 4024 cet
776 3959 1043 4021 amator
1079 3949 1319 4019 tactus.
1360 3944 1610 4016 Nullus
1648 3943 2018 4015 hominum
2055 3942 2189 4016 hoc

632 4058 906 4154 poterit.
966 4054 1176 4127 Eccli.
1215 4078 1302 4135 m,
1360 4054 1484 4123 103
1552 4052 1947 4147 Respiciens
1995 4074 2186 4121 eram

632 4167 732 4238 ad
771 4164 1209 4259 adjutorium
1273 4161 1660 4243 hominum,
1714 4169 1781 4228 et
1832 4180 1972 4228 non
2009 4167 2183 4229 erat.

631 4275 921 4367 Propter
947 4271 1081 4343 hoc
1116 4270 1362 4341 dicitur
1399 4270 1622 4361 inops,
1661 4266 1784 4338 sed
1809 4266 1927 4337 ille
1964 4268 2189 4338 susci-

631 4382 803 4453 tabit
828 4380 1049 4462 illum,
1093 4380 1210 4472 qui
1239 4377 1594 4447 suscitavit
1620 4373 2175 4470 Archisynagogi

631 4490 844 4561 filiam
884 4491 955 4560 in
1001 4487 1210 4558 domo
1275 4484 1648 4556 mortuam¹
1692 4506 1710 4554 3
1779 4483 2003 4554 filium
2073 4484 2187 4554 vi-

630 4599 787 4669 duae
818 4597 892 4667 in
915 4603 1114 4691 porta
1146 4593 1396 4665 Naim⁸
1430 4616 1448 4665 3
1505 4600 1574 4664 et
1620 4591 1955 4663 Lazarum
2007 4614 2184 4685 qua-

631 4704 1028 4776 triduanum
1053 4703 1103 4771 ’.

726 4841 761 4879 α
790 4815 890 4882 Et
923 4811 1008 4880 de
1031 4818 1343 4895 stercore,
1388 4832 1424 4875 a
1456 4807 1700 4879 ioetore
1736 4806 1997 4878 scilicet
2025 4828 2183 4877 car-

634 4919 894 4989 nalium
970 4916 1429 5011 voluptatum,
1498 4943 1536 4981 α
1584 4916 1852 5007 eriqens
1921 4937 2184 5007 paupe-

634 5051 799 5098 rem.
840 5053 873 5094 »
915 5026 947 5094 1
983 5026 1155 5120 neg.
1190 5048 1263 5108 ιι,
1288 5025 1355 5105 8,
1389 5022 1573 5094 idem
1612 5023 1753 5093 iere
1781 5020 1831 5092 ⁴.
1863 5023 1950 5093 Et
1986 5031 2179 5104 nota,

702 5312 722 5350 ¹
751 5311 837 5370 Ct.
869 5310 1074 5370 Hatth.
1112 5327 1191 5382 ιι,
1225 5310 1291 5367 ¹8
1317 5313 1381 5367 et
1406 5324 1535 5383 seq.

701 5400 725 5438 ²
755 5400 842 5459 Cf.
874 5401 1013 5458 Luc.
1042 5416 1142 5471 vn,
1174 5402 1234 5457 n
1262 5404 1325 5457 et
1351 5414 1481 5473 seq.

701 5490 724 5527 ⁸
751 5488 840 5547 Cf.
871 5489 1042 5548 loen.
1070 5504 1155 5559 ιι,
1187 5491 1211 5545 ¹
1247 5490 1310 5546 et
1335 5502 1464 5562 seq.

705 5580 729 5616 ⁸
752 5578 776 5638 1
805 5580 946 5655 Reg.
970 5595 1032 5654 ιι,
1049 5579 1083 5636 8
1116 5594 1133 5636 3
1165 5578 1410 5637 Suscitat
1431 5576 1741 5652 depulsare
1755 5594 2013 5652 euenum,
2039 5576 2189 5635 etde
2215 5664 2218 5669 Ι

2310 623 2499 667 num.
2544 600 2651 679 Et,
2685 599 2929 667 Thren.
2963 622 3056 679 iv,
3100 602 3167 684 5,
3202 598 3494 667 dicitur:
3535 598 3673 681 Qui
3707 620 3846 664 nu-

2310 706 2692 775 triebantur
2733 709 2804 774 in
2884 710 3156 789 croceis,
3236 705 3622 798 amplexati
3684 713 3846 771 sunt

2304 823 2622 882 stercora.
2659 814 2743 882 Et
2786 815 3159 906 Apostolus
3216 815 3451 882 omnia
3504 819 3845 903 tempora-

2305 919 2398 988 lia
2435 929 2788 1012 tamquam
2816 932 3114 992 stercora
3160 919 3540 1013 reputabat,
3593 927 3660 988 et
3687 941 3845 987 car-

2305 1028 2488 1098 nalia
2511 1030 2700 1111 vitia,
2735 1032 2905 1099 sicut
2932 1030 3043 1099 hic
3060 1029 3108 1098 ⁵.
3148 1030 3327 1110 Joel·,
3359 1052 3407 1115 1,
3462 1027 3587 1096 17:
3639 1028 3844 1097 Com-

2292 1146 2720 1230 putruerunt
2779 1139 3104 1228 jumenta
3168 1140 3241 1206 in
3322 1147 3608 1204 stercore
3684 1157 3836 1203 suo.

2309 1241 2619 1336 Sophon.
2678 1268 2724 1324 1,
2781 1247 2903 1313 17:
2974 1245 3274 1336 Corpora
3356 1265 3587 1311 eorum
3662 1242 3838 1309 sicut

2303 1362 2623 1422 stercora.
2687 1352 2890 1422 Eccli.
2948 1377 3042 1439 ix,
3108 1354 3230 1422 103
3292 1352 3531 1421 Omnis
3584 1351 3838 1419 mulier

2298 1486 2450 1554 quae
2477 1472 2573 1530 est
2599 1463 3002 1552 fornicaria,
3055 1461 3257 1552 quasi
3309 1469 3564 1528 stercus
3612 1462 3687 1527 in
3723 1461 3836 1527 via

2302 1570 2833 1640 conculcabitur.
2869 1570 2952 1638 Et
2983 1569 3399 1661 poenitentiae
3436 1568 3603 1637 vilia
3628 1566 3836 1635 indu-

2301 1686 2553 1748 menta.
2588 1679 2748 1748 Luc.
2784 1703 2927 1759 xm,
2960 1679 3024 1746 8.
3070 1679 3360 1746 Dimitte
3397 1677 3604 1746 illam
3630 1686 3696 1745 et
3712 1677 3839 1745 hoc

2302 1809 2509 1873 anno,
2552 1786 2717 1854 dum
2742 1787 3013 1876 fodiam
3058 1786 3237 1854 circa
3291 1784 3519 1864 illam,
3562 1794 3626 1852 et
3669 1785 3835 1852 mit-

2302 1905 2459 1985 tam·
2473 1903 2791 1963 stercora.

2392 2245 2426 2287 α
2465 2221 2554 2290 Ut
2580 2219 2859 2288 collocet
2885 2243 3062 2289 eum.
3103 2247 3135 2283 »
3179 2220 3307 2290 IIic
3335 2221 3487 2290 {inis
3516 2230 3584 2292 et
3610 2223 3838 2293 inten-

2300 2329 2394 2399 tio
2424 2328 2771 2397 liberantis
2800 2328 2884 2397 ab
2914 2328 3043 2409 his,
3077 2338 3144 2397 et
3172 2330 3492 2420 erigentis
3526 2352 3543 2400 3
3577 2338 3646 2400 et
3681 2339 3838 2400 tan-

2299 2438 2482 2530 gitur
2509 2435 2781 2527 duplex.
2817 2436 3074 2515 l‘rim0,
3107 2434 3463 2507 collocatio
3494 2439 3640 2529 ejus
3678 2461 3834 2507 cum

2296 2543 2643 2637 Angelicis
2705 2544 3176 2636 potestatibus.
3246 2543 3590 2628 Secundo,
3675 2569 3833 2614 cum
3944 2542 3949 2545 ’

2296 2651 2667 2744 Apostolis,
2703 2651 2818 2729 ibi,
2864 2681 2895 2713 «
2936 2653 3106 2721 Cum
3140 2652 3594 2746 principibus.
3634 2678 3667 2719 ι

2386 2764 2502 2830 Ait
2525 2762 2704 2830 enim
2731 2785 2747 2830 3
2785 2759 2898 2829 Sic
2926 2763 3204 2830 suscitat
3233 2761 3316 2829 de
3347 2770 3546 2842 terra,
3580 2765 3677 2831 sic
3696 2763 3837 2834 eri-

2296 2874 2396 2964 git
2423 2871 2504 2941 de
2569 2879 2883 2950 stercore,
2927 2870 3105 2940 etad
3151 2870 3306 2952 hoc,
3361 2897 3395 2936 α
3441 2882 3517 2940 ut
3552 2872 3834 2941 collocet

2295 3001 2476 3061 eum,
2510 3008 2542 3042 n
2590 2980 2864 3072 inopem
2899 2977 3177 3063 scilicet,
3214 3005 3249 3047 ι
3289 3003 3446 3049 cum
3502 2982 3838 3075 principi-

2297 3088 2447 3172 bus,
2475 3116 2511 3153 n
2567 3087 2821 3158 scilicet
2846 3087 3151 3182 Angelis.
3194 3088 3480 3183 Apocal.
3521 3112 3665 3173 ιιι,
3702 3091 3829 3162 1Ί3

2297 3200 2622 3267 Mensura
2648 3198 2971 3284 bominis,
3000 3220 3152 3290 quae
3172 3207 3271 3267 est
3291 3197 3581 3290 Anqeli:
3609 3220 3829 3267 unum

2298 3304 2550 3374 scilicet
2578 3303 2731 3374 iacti
2760 3312 2918 3373 sunt
2953 3304 3201 3396 Angeli
3245 3313 3315 3374 et
3363 3303 3677 3374 homines
3712 3328 3835 3397 per

2299 3412 2669 3484 Christum.
2701 3412 2983 3506 Apocal.
3016 3435 3158 3492 ιιι,
3199 3414 3278 3482 10
3312 3437 3329 3483 3
3396 3414 3555 3482 Vide
3589 3437 3674 3483 ne
3715 3417 3832 3505 sc-

2294 3524 2506 3591 ceris:
2579 3544 2928 3590 conservus
2978 3533 3139 3590 tuus
3190 3544 3372 3601 sum,
3410 3533 3474 3590 et
3522 3525 3831 3613 fratrum

2297 3638 2573 3699 tuorum
2635 3629 3033 3697 habentium
3105 3629 3569 3698 testimonium
3638 3632 3826 3700 lesu.

2296 3734 2492 3817 Quod
2526 3742 2751 3804 autem
2779 3734 3023 3827 Angeli
3056 3733 3394 3827 principes
3422 3737 3582 3818 siut,
3615 3735 3835 3806 mani-

2295 3842 2461 3912 feste
2499 3850 2777 3936 apparet
2835 3864 2960 3934 per
3000 3839 3169 3909 illud
3205 3840 3473 3910 Daniel.
3524 3864 3645 3922 ιιι,
3693 3843 3767 3911 11
3808 3864 3825 3911 3

2292 3952 2376 4022 In
2405 3962 2703 4043 tempore
2752 3949 2879 4018 illo
2922 3960 3282 4042 consurqct
3320 3952 3637 4045 princeps
3676 3974 3833 4020 ma-

2290 4084 2493 4154 qnus.
2554 4059 2663 4140 Et,
2721 4060 2793 4128 in
2857 4058 3039 4128 Psal.
3117 4081 3324 4144 nvn,
3393 4060 3523 4145 26,
3569 4083 3827 4153 supra:

2298 4169 2763 4238 Convenerunt
2780 4167 3126 4258 principes
3152 4166 3508 4256 conjuncti
3525 4167 3834 4260 psallen-

2291 4275 2495 4344 tibus.
2532 4273 2616 4343 Et
2644 4273 2873 4352 etiam,
2909 4302 2942 4336 e«
2983 4270 3267 4341 collocet
3302 4293 3457 4341 cum
3494 4275 3829 4369 principi-

2293 4382 2419 4453 bus
2463 4381 2716 4475 populi
2756 4381 2892 4460 sui,
2929 4404 2962 4445 ι
3020 4379 3285 4473 supple,
3320 4379 3716 4471 judicibus:
3757 4379 3830 4450 hi

2291 4493 2477 4563 enim
2552 4499 2711 4560 suut
2761 4487 3102 4583 Apostoli.
3171 4487 3355 4558 Psal.
3445 4511 3625 4568 xuv,
3699 4491 3824 4560 1‘1:

2295 4598 2679 4671 Constitues
2729 4617 2839 4664 eos
2892 4594 3240 4689 principes
3300 4616 3512 4688 super
3563 4617 3830 4665 omnem

2289 4719 2572 4778 terram.
2605 4705 2715 4790 Et,
2757 4702 2942 4786 alibi,
2985 4702 3169 4773 Psal.
3209 4726 3393 4786 ιινι,
3434 4705 3557 4774 103
3613 4705 3831 4775 Prin-

2289 4820 2469 4912 cipes
2524 4814 2953 4909 μυριάσι-κω
3012 4815 3413 4905 conqreqati
3463 4823 3628 4881 sunt
3669 4836 3827 4882 cum

2290 4927 2437 4995 Deo
2491 4920 2870 4992 Abraham.
2922 4919 3168 4989 Mauh.
3219 4944 3363 4999 ιιι,
3422 4920 3560 4990 283
3611 4923 3828 4991 Amen

2292 5033 2443 5100 dico
2472 5030 2683 5112 cobis,
2716 5028 2905 5122 quod
2930 5051 3046 5096 ros
3082 5029 3206 5121 qui
3233 5030 3449 5096 secuti
3499 5031 3659 5097 estis
3696 5051 3830 5113 me,

2290 5314 2528 5366 stercore
2553 5305 2730 5364 elevat
2753 5322 3081 5380 pauperem,
3102 5310 3216 5362 etc.

2361 5397 2389 5434 ⁸
2416 5395 2502 5452 Ad
2546 5395 2762 5469 Philip.
2810 5412 2889 5466 ιιι,
2941 5397 2976 5450 8
3008 5412 3024 5452 3
3084 5398 3322 5468 Propter
3358 5412 3541 5469 quem,
3603 5396 3836 5457 scilicet

2290 5488 2491 5545 lesum
2515 5484 2841 5553 Christum,
2859 5483 3048 5543 omnia
3079 5485 3470 5544 detrimentum
3494 5492 3626 5563 feci,
3654 5498 3710 5550 α
3732 5505 3833 5546 ar.

2296 5576 2473 5635 bitror
2497 5583 2560 5634 ut
2575 5583 2839 5645 stercora,
2861 5580 2972 5632 ete.
