5008 6329
862 4914 1187 5011 tssnrffiaalmt:

862 5018 1095 5065 pauentia
1139 5022 1187 5065 ta

900 5073 1146 5122 adv-rata.

2389 396 2803 465 PSALMUS
2854 397 3229 466 CXXVIII.

4319 396 4448 464 379

2383 960 2840 1036 PSALMUS
2902 959 3308 1032 CXXVIII.

2319 1302 2670 1373 Funestus
2701 1299 3075 1392 impiorum
3112 1304 3372 1373 exitus.

1296 1668 1354 1713 1.
1411 1640 1799 1714 Canticum
1849 1645 2236 1736 graduum.

1421 1747 1630 1842 Saepe
1662 1770 2255 1842 expugnaverunt
2302 1774 2416 1822 me
2456 1776 2495 1822 a
2544 1751 2796 1842 juven-

1509 1875 1663 1928 tute
1695 1879 1882 1942 mea,
1914 1858 2105 1928 dicat
2144 1882 2334 1929 nunc
2380 1860 2596 1929 Israel
2641 1879 2657 1927 ε

1288 1985 1353 2032 2.
1412 1960 1623 2054 Saepe
1675 1983 2272 2055 expugnaverunt
2322 1987 2434 2036 me
2474 1988 2514 2034 a
2553 1965 2795 2054 juven-

1511 2089 1662 2141 tute
1697 2093 1855 2140 mea
1892 2071 2198 2143 :etenim
2227 2094 2368 2143 non
2405 2089 2791 2164 potuerunt

1509 2180 1718 2250 mihi.

1284 2289 1346 2358 3.
1406 2285 1643 2380 Supra
1704 2286 2009 2358 dorsum
2080 2311 2322 2360 meum
2398 2289 2791 2359 fabricave-

2332 2396 2792 2488 prolongave-

1506 2412 1677 2465 runt
1746 2414 2155 2486 peccatores
2235 2416 2254 2466 ε

1510 2519 1681 2574 runt
1722 2500 2181 2594 iniquitatem
2223 2525 2458 2573 suam.

1277 2633 1348 2700 4.
1408 2611 1771 2682 Dominus
1826 2612 2065 2703 justus
2112 2612 2424 2685 concidit
2479 2612 2786 2683 cervices

1506 2737 1993 2811 peccatorum.

1282 2831 1347 2898 5.
1404 2824 1996 2910 Confundantur,
2043 2849 2111 2899 et
2150 2845 2658 2900 convertantur
2687 2849 2789 2899 re-

1488 3304 1585 3372 ΙΝ
1633 3303 2081 3374 PSALMUM
2155 3302 2504 3374 CXXVII!

1734 3549 2166 3597 confluxuram
2172 3549 2248 3595 08
2258 3579 2274 3595 .

1531 3872 1567 3914 a
1613 3848 1979 3917 Canticum
2012 3848 2391 3939 yraduum.
2428 3873 2463 3913 ι

1317 4198 1352 4233 κ
1418 4169 1616 4261 Saepe
1667 4181 2241 4262 espuynaverunt
2302 4193 2410 4238 me
2440 4173 2486 4241 ¹.
2538 4198 2571 4235 ιο
2649 4169 2773 4239 nic

1221 4287 1324 4348 est
1354 4278 1673 4347 Psalmus
1711 4280 2125 4349 centesimus
2167 4278 2529 4349 vicesimus
2584 4289 2773 4349 octa-

1217 4411 1373 4465 vus,
1417 4387 1487 4455 in
1520 4386 1814 4456 Psalmis
1854 4386 2307 4457 Gradualibus
2335 4388 2661 4472 decimus,
2701 4389 2769 4456 in

1218 4491 1352 4561 illis
1382 4494 1501 4583 qui
1532 4492 1876 4583 pertinent
1902 4491 1992 4560 ad
2027 4491 2401 4583 profectum
2432 4494 2500 4560 in
2558 4491 2765 4572 bono,

1218 4602 1501 4693 quintus
1531 4610 1599 4670 et
1636 4599 1947 4669 ultimus.
2005 4599 2197 4669 Sicut
2233 4600 2418 4668 enim
2458 4622 2771 4669 necessa-

1216 4711 1317 4779 ria
1365 4718 1467 4779 est
1503 4708 1763 4778 volenti
1804 4708 2157 4800 proficere.
2207 4710 2455 4802 primo,
2516 4732 2773 4802 propo·

1215 4818 1327 4886 siti
1366 4817 1676 4895 firmitas,
1711 4817 2183 4907 postmodum,
2227 4817 2485 4896 laetitia,
2545 4817 2765 4896 tertio,

1216 4948 1374 5016 spes
1404 4934 1473 4994 et
1508 4922 1925 4994 confidentia
1959 4942 1977 4994 ε
2020 4925 2119 4993 sic
2146 4922 2462 4993 ultimum
2500 4934 2569 4993 et
2603 4947 2771 4994 con-

1217 5032 1715 5103 summativum
1754 5032 2083 5123 exigitur,
2117 5031 2369 5101 seilicet
2426 5034 2496 5100 in
2543 5032 2773 5101 adver·

1288 5322 1306 5359 ¹
1339 5321 1451 5378 Les
1479 5319 1646 5377 idees
1676 5317 2017 5392 exprimees
2043 5317 2194 5375 dans
2221 5334 2289 5376 ce
2319 5318 2499 5377 ehant
2548 5336 2768 5394 suppo·

1214 5416 1353 5470 sent
1378 5410 1565 5469 Israel
1595 5427 1673 5499 en
1700 5408 1869 5468 butte
1898 5426 2016 5468 aux
2053 5409 2355 5468 vexations
2381 5415 2443 5468 et
2476 5425 2592 5467 aux
2635 5426 2772 5485 per-

1214 5500 1522 5558 seeutions
1575 5499 1651 5557 de
1705 5514 1807 5557 ses
1863 5498 2160 5556 ennemis.
2203 5498 2294 5557 On
2340 5502 2484 5573 peut
2529 5498 2683 5558 donc
2713 5499 2770 5558 le

1211 5594 1536 5667 rapporter
1560 5605 1639 5647 ιιι
1668 5593 1869 5663 temps
1900 5589 2004 5664 qni
2035 5588 2213 5648 suivit
2237 5589 2297 5647 la
2322 5588 2619 5664 captivite.

1287 5680 1477 5741 Israel
1505 5678 1612 5755 qui
1641 5695 1678 5737 a
1705 5680 2018 5739 constance
2048 5697 2125 5739 en
2152 5678 2300 5738 nien
2328 5695 2406 5737 ιιι
2446 5678 2652 5737 milien
2698 5680 2773 5737 de

1217 5793 1315 5836 ses
1345 5774 1659 5851 epu-eavea,
1690 5776 1753 5830 et
1780 5773 1885 5847 qni
1915 5789 2188 5833 annonee
2224 5770 2281 5830 le
2329 5771 2656 5831 chatiment
2701 5772 2774 5831 de

3170 1665 3490 1716 trorsum
3584 1668 3837 1715 omnes
3932 1644 4061 1737 qui
4147 1645 4462 1716 oderunt

3179 1751 3383 1824 Sion.

2948 1863 3015 1930 6.
3077 1860 3282 1931 Fiant
3313 1861 3499 1931 sicut
3529 1861 3807 1931 foenum
3840 1878 4224 1940 tectorum,
4261 1860 4459 1951 quod

3172 1968 3600 2061 priusquam
3630 1968 3976 2038 evellatur
4024 1965 4302 2039 exaruit
4347 1991 4364 2035 :

2949 2101 3015 2168 7.
3073 2077 3178 2146 De
3199 2098 3345 2169 quo
3370 2100 3510 2147 non
3545 2076 3871 2168 implevit
3900 2097 4203 2146 manum
4247 2097 4460 2145 suam

3167 2204 3289 2274 qun
3350 2200 3582 2263 metit,
3624 2200 3692 2252 et
3753 2203 3996 2252 smum
4047 2202 4267 2250 suum
4332 2202 4458 2272 qu1

3167 2290 3582 2381 manipulos
3605 2288 3911 2382 colligit.

2942 2398 3012 2468 8.
3070 2398 3162 2468 Et
3204 2420 3346 2468 non
3382 2397 3717 2469 dixerunt
3759 2397 3883 2490 qui
3918 2397 4387 2490 praeteribant
4433 2420 4450 2466 ε

3171 2506 3587 2577 Benedictio
3640 2505 3934 2576 Domini
3997 2527 4220 2597 super
4294 2528 4450 2575 vos.

3171 2613 3685 2685 Benediximus
3742 2612 3949 2683 vobis
4011 2613 4081 2683 in
4154 2612 4454 2684 nomine

3173 2720 3495 2793 Domini.

2886 3201 2979 3269 sis
3011 3200 3336 3291 patientia
3366 3200 3583 3271 fortis.
3614 3199 3854 3270 Jacob.
3909 3224 3955 3280 1,
4009 3203 4050 3268 4
4089 3223 4104 3269 ε
4163 3202 4450 3270 Patien-

2887 3308 2987 3374 ιία
3016 3331 3191 3400 opus
3210 3309 3595 3400 perfectum
3623 3306 3850 3376 habet.

2975 3526 3340 3595 Praemisso
3441 3550 3605 3618 ergo
3711 3524 3937 3605 titulo.
4033 3524 4446 3615 supponitur

2885 3631 3203 3701 Psalmus
3233 3635 3303 3701 in
3333 3633 3502 3701 duas
3540 3641 3769 3724 partes
3809 3629 4243 3700 dividendus.
4290 3629 4451 3697 Pri-

2885 3763 3001 3809 mo
3060 3739 3335 3832 quidem
3396 3741 3692 3810 ostendit
3760 3740 3941 3809 mala
4005 3762 4160 3832 quae
4208 3736 4293 3806 ab
4333 3736 4453 3806 ad·

2882 3850 3204 3917 versariis
3240 3871 3364 3940 per
3403 3848 3922 3917 tribulationum
3990 3846 4448 3939 frequentiam

2882 3958 3316 4048 perveniunt.
3362 3957 3710 4040 Secundo,
3744 3954 4274 4025 fraudulentiam
4324 3974 4448 4023 ex·

2880 4065 3372 4154 pugnantium.
3433 4063 3552 4141 ibi,
3609 4071 3677 4142 5.
3748 4064 3790 4131 3
3842 4083 3859 4130 ε
3905 4087 3941 4129 ι
4008 4062 4249 4155 Supra
4289 4059 4452 4129 dor·

2878 4193 3060 4243 sum.
3105 4196 3140 4236 1·
3206 4169 3464 4251 Tertio,
3524 4168 4046 4239 tribulationum
4113 4167 4447 4238 intensio-

2879 4301 3064 4361 nem,
3100 4277 3218 4357 ibi,
3273 4304 3305 4344 a
3339 4277 3966 4368 l’rolonqat·erunt.
4002 4305 4034 4340 ιι

2968 4384 3045 4454 ln
3074 4387 3298 4478 prima
3336 4386 3498 4456 duo.
3547 4385 3807 4470 Primo,
3866 4383 4192 4477 exprimit
4225 4382 4448 4452 trihu·

2877 4497 3214 4578 lationum
3309 4496 3787 4587 frequentiam,
3847 4497 4010 4587 quia
4084 4494 4173 4563 ab
4236 4494 4438 4563 initio

2877 4603 3194 4674 Ecclesiae
3250 4626 3522 4698 semper
3569 4606 3798 4694 justus
3835 4626 3876 4672 a
3916 4604 4100 4673 malo
4156 4602 4451 4672 tribula·

2878 4718 3139 4785 tionem
3165 4715 3446 4807 patitur.
3504 4715 3848 4797 Secund0,
3915 4714 4445 4785 frustrationem

2877 4823 2977 4893 sic
3030 4825 3623 4916 persequentium,
3667 4823 3786 4906 ibi,
3856 4825 3926 4891 in
3967 4824 4198 4893 medio
4224 4831 4292 4902 5.
4343 4824 4438 4891 2:

2884 4960 2918 4996 a
2959 4935 3237 5001 Etenim
3267 4956 3404 5000 non
3425 4943 3836 5026 potuerunt.
3866 4958 3904 4997 n

2975 5040 3051 5108 ln
3080 5040 3302 5132 prima
3330 5039 3492 5108 duo.
3535 5039 3799 5123 Primo,
3833 5039 4057 5131 tangit
4114 5039 4448 5131 frequen-

2880 5349 2979 5391 εει
3005 5333 3305 5403 ennemis,
3337 5338 3430 5391 est
3453 5333 3688 5408 l'image
3718 5333 3794 5391 de
3832 5332 4071 5409 l'Eglise
4121 5330 4445 5405 militante,

2878 5424 3032 5482 dont
3055 5425 3112 5483 le
3145 5426 3445 5501 triomphe
3472 5426 3600 5484 doit
3630 5426 3756 5485 etre
3797 5425 4007 5484 achate
4046 5442 4127 5485 ιιι
4176 5428 4312 5503 prix
4341 5427 4450 5485 des

2880 5517 3278 5575 soussrances.

3921 5689 3993 5748 n.
4034 5691 4301 5749 Lustrat.
