5008 6329
397 592 462 658 4

628 368 756 439 352

719 568 752 610 ι
792 542 977 611 Illuc
1026 541 1205 606 enim
1254 539 1722 608 ascenderunt.
1769 565 1803 607 ι
1863 540 1993 610 Hic
2031 551 2172 610 ter-

626 654 821 729 tium,
865 650 933 716 in
974 669 1107 738 quo
1155 647 1590 739 subjungitur
1650 651 1935 717 rationis
1964 653 2171 718 certi-

621 759 810 837 tudo,
842 778 992 847 quae
1021 758 1324 848 tangitur
1342 756 1905 848 duplex2Primo,
1939 760 2169 825 mino-

622 887 775 933 rum
804 864 1145 953 justorum
1202 865 1506 932 ascensio
1567 863 1652 929 ad
1692 863 1880 930 illam
1921 864 2166 930 civita-

618 982 781 1043 tem.
854 971 1192 1057 Secundo,
1253 973 1436 1061 quod
1501 972 1709 1040 etiam
1746 970 1987 1039 fortius
2035 981 2159 1051 est,

618 1085 953 1173 maJorum
1019 1079 1372 1169 dispositio
1439 1079 1510 1145 in
1574 1077 1717 1160 illa,
1779 1078 1899 1162 ibi,
1940 1085 2005 1156 5.
2057 1081 2097 1149 5
2143 1100 2159 1147 ε

625 1217 659 1259 α
705 1192 886 1276 Quia
916 1187 1065 1256 illic
1089 1186 1431 1254 sederunt.
1470 1212 1503 1252 ιι

704 1297 783 1365 In
821 1298 1038 1387 prima
1077 1295 1238 1366 duo,
1272 1293 1534 1382 Primo,
1560 1296 1909 1363 minorum
1933 1295 2163 1385 justo-2

615 1427 768 1474 rum
796 1404 1121 1473 ascensio.
1187 1402 1527 1482 Secundo,
1570 1402 1727 1471 finis
1760 1410 1829 1470 et
1852 1403 2027 1471 ratio
2059 1425 2164 1470 as·

613 1537 854 1584 census
882 1513 1181 1596 illorum,
1216 1512 1333 1593 ibi,
1377 1541 1409 1575 α
1436 1511 1554 1580 Ad
1592 1511 2082 1601 confitendum.
2118 1538 2153 1576 »

700 1623 1226 1692 Ascendentium
1283 1622 1628 1710 justorum
1681 1621 1889 1687 etiam
1928 1620 2159 1687 mino-

612 1755 765 1800 rum
793 1730 1094 1821 tangitur
1139 1727 1391 1819 duplex
1437 1725 1738 1795 conditio
1775 1728 2156 1795 necessaria

610 1839 696 1907 ad
732 1858 1107 1906 ascensum.
1132 1835 1421 1902 Interior
1426 1834 1694 1923 justitia
1722 1855 1955 1902 coram
1977 1832 2150 1917 Deo,

610 1955 678 2016 et
733 1946 1021 2015 exterior
1084 1952 1355 2012 ostensa
1421 1943 1630 2010 etiam
1677 1941 2023 2032 proximo,
2087 1949 2155 2010 et

608 2053 1057 2132 manifestata,
1091 2052 1210 2133 ibi,
1257 2076 1291 2116 α
1328 2050 1841 2120 Testimonium.
1887 2075 1921 2112 ι)

697 2163 874 2232 Dicit
908 2183 1069 2253 ergo
1106 2183 1120 2227 ε
1159 2157 1271 2227 Sic
1310 2158 1450 2226 dixi
1491 2180 1600 2225 me
1629 2157 1964 2238 laetatum,
1990 2158 2152 2248 quia

606 2275 676 2342 in
711 2272 900 2340 illam
928 2290 1288 2362 supernam
1316 2264 1697 2335 Jerusalem
1739 2264 1989 2333 ibimus
2031 2284 2048 2333 ε
2084 2272 2151 2333 et

603 2379 783 2449 unde
804 2379 935 2448 hoc
960 2378 1091 2447 scis
1112 2378 1147 2444 ⁸?
1167 2374 1347 2442 unde
1376 2380 1601 2441 certus
1614 2371 1850 2440 existis
1879 2373 1915 2441 ⁴?
1934 2371 2145 2441 Ecce:

607 2514 641 2554 α
663 2489 944 2570 Enim,»
970 2484 1128 2576 quia
1150 2482 1366 2551 «illuc
1381 2478 1830 2548 ascenderunt
1850 2477 2142 2563 tribus,»

603 2619 742 2665 non
772 2597 1244 2688 quaecumque,
1278 2589 1397 2658 sed
1429 2614 1463 2654 e
1497 2585 1720 2655 tribus·
1757 2587 2045 2654 Domini
2065 2609 2142 2654 ε»

603 2727 832 2774 coram
864 2700 1159 2770 Domino
1173 2700 1377 2788 justae
1408 2704 1475 2764 et
1504 2702 1779 2764 sanctae.
1810 2693 1898 2761 Et
1926 2694 1996 2762 in
2017 2693 2147 2762 hoc

1619 365 1699 434 D.
1749 367 1952 439 ALB.
2003 369 2223 440 MAG.

2274 369 2479 439 ORD.
2534 369 2829 438 PRAED.

2273 541 2667 628 cenderunt,
2742 569 2777 606 (ι
2811 541 2910 610 ad
2950 541 3437 631 confitendum,
3476 569 3511 606 ιο
3561 544 3824 612 confes·

2273 651 2463 718 sione
2517 649 2763 730 laudiS,
2828 649 3163 747 «nomini
3198 650 3512 726 Domini,
3550 674 3584 714 >³
3642 650 3821 717 illius

2272 758 2584 826 civitatis.
2655 757 2784 824 Isa.
2855 780 2945 839 m,
3009 759 3141 825 11:
3192 759 3465 826 Venient
3519 758 3593 824 in
3647 759 3819 826 Sion

2274 862 2660 947 laudantem,
2686 874 2749 929 et
2772 863 3017 931 laetitia
3042 866 3458 955 sempiterna
3485 887 3692 954 super
3709 887 3819 931 ca-

2261 974 2415 1063 pita
2451 993 2709 1040 eorum.
2769 972 3199 1064 Augustinus
3234 995 3250 1043 :
3312 1001 3346 1041 α
3379 974 3811 1057 VidebimuS,

2271 1104 2305 1144 α
2338 1077 2745 1159 amabimuS,
2788 1077 3244 1147 laudabimus.
3277 1106 3310 1146 n
3351 1081 3515 1150 Haec
3544 1081 3815 1150 confes-

2266 1187 2392 1265 sio,
2427 1183 2509 1253 de
2539 1209 2675 1277 qua
2703 1209 2931 1277 supra,
2989 1185 3174 1254 Psal.
3210 1209 3344 1271 xm,
3387 1191 3427 1256 5
3473 1211 3489 1255 ε
3539 1190 3625 1256 In
3663 1211 3816 1257 voce

2265 1295 2768 1374 exsultationis,
2803 1306 2866 1364 et
2893 1297 3362 1388 confessionis,
3402 1304 3529 1365 etc.

2351 1655 2384 1689 «
2431 1630 2614 1713 Quia
2638 1628 2790 1697 illic
2806 1629 3150 1698 sederunt.
3186 1656 3221 1693 n
3254 1630 3382 1700 Hic
3400 1633 3802 1715 secundum,

2260 1737 2330 1802 in
2359 1757 2494 1826 quo
2525 1735 2854 1827 probatur
2917 1745 2983 1806 et
3022 1737 3402 1806 ostenditur
3442 1741 3803 1824 certitudo,

2258 1863 2343 1909 ex
2379 1840 2823 1933 dispositione
2862 1844 3206 1933 majorum
3255 1846 3326 1913 in
3357 1844 3497 1915 illa.
3538 1845 3623 1913 Et
3649 1855 3809 1914 tan-

2255 1949 2439 2039 gitur
2467 1948 2741 2017 illorum
2774 1949 3159 2041 dispositio,
3192 1956 3703 2043 comparatione
3724 1954 3810 2022 ad

2252 2055 2497 2134 Deum,
2532 2078 2689 2125 cum
2720 2057 3062 2148 injudicio
3094 2058 3506 2130 assidebunt.
3547 2059 3806 2130 Secun-

2254 2163 2367 2242 do,
2402 2165 2909 2254 comparatione
2965 2165 3053 2233 ad
3108 2165 3441 2257 populum
3482 2168 3807 2258 judican-

2254 2272 2442 2354 dum,
2485 2297 2691 2365 super
2756 2295 2960 2365 quem
3009 2275 3320 2366 dispositi
3395 2286 3618 2355 erunt,
3680 2277 3801 2357 ibi,

2256 2405 2290 2447 α
2330 2381 2536 2451 Sedes
2552 2403 2758 2473 super
2790 2381 3099 2450 domum.
3148 2408 3182 2448 ι

2341 2488 2517 2557 Dicit
2555 2511 2769 2581 ergo:
2815 2488 2933 2557 Sic
2980 2499 3140 2558 sunt
3200 2490 3291 2558 ibi
3368 2493 3687 2582 majores»,
3738 2501 3805 2562 et

2252 2595 2454 2663 etiam
2520 2603 2741 2664 certus
2808 2619 2962 2664 sum
3024 2595 3108 2665 de
3169 2598 3539 2688 praemissis
3572 2619 3589 2667 :
3645 2602 3803 2690 quia

2253 2729 2288 2766 α
2320 2702 2494 2780 illic,
2533 2728 2567 2768 ι
2602 2704 2672 2771 in
2703 2701 2819 2771 illa
2842 2702 3254 2786 Jerusalem,
3298 2729 3332 2769 α
3370 2706 3693 2773 sederunt
3732 2708 3800 2775 in

602 2809 782 2903 quod
799 2808 981 2887 dicit,
1014 2805 1257 2886 tribus,
1291 2810 1615 2873 notantur
1637 2800 2142 2880 minores.Job,
2237 2809 2541 2899 judicio,
2580 2836 2614 2876 »
2673 2818 3028 2903 tamquam
3087 2833 3245 2880 cum
3305 2811 3573 2881 Christo
3608 2814 3803 2902 judi-

598 2941 697 2999 111,
744 2918 823 2986 19
857 2937 874 2983 ε
914 2918 1184 2984 Parvus
1236 2920 1301 2980 et
1329 2932 1627 3003 maynus·
1664 2909 1766 2978 ibi
1788 2923 1976 2978 sunt.
2016 2909 2144 2978 11ae

600 3036 759 3099 sunt
790 3026 1007 3097 tribus
1053 3046 1204 3116 quae
1241 3030 1485 3091 mutuo
1532 3044 1605 3091 se
1644 3020 1962 3102 invitant,
2005 3020 2139 3091 Isa.

596 3163 669 3219 11,
704 3139 795 3208 3:
867 3135 1113 3214 Venite,
1164 3129 1611 3200 ascendamus
1666 3127 1783 3218 ,ad
1846 3138 2143 3198 montem

595 3247 902 3319 Domini.
931 3242 1205 3312 Zachar.
1256 3264 1397 3321 xiv,
1444 3240 1525 3309 16
1567 3260 1585 3309 z
1635 3238 2016 3308 Ascendent
2053 3238 2141 3307 ab

596 3380 776 3427 anno
817 3357 885 3424 in
942 3374 1232 3431 annum,
1295 3348 1603 3442 quolibet
1630 3371 1815 3416 anno
1854 3347 2136 3430 scilicet,

596 3475 674 3534 ut
727 3463 1009 3531 adorent
1070 3461 1349 3551 Reqem,
1423 3455 1807 3525 Dominum
1880 3454 2139 3524 exerci-

593 3582 814 3641 tuum.

684 3708 719 3744 α
764 3675 1244 3749 Testimonium
1298 3672 1541 3742 Israel.
1586 3698 1623 3735 n
1684 3669 1831 3739 Iloc
1892 3692 2143 3739 secun-

593 3788 783 3857 dum.
851 3784 1058 3866 Quasi
1124 3782 1378 3850 diceret
1417 3804 1434 3849 1
1516 3778 1635 3847 Sic
1686 3777 2139 3847 ascenderunt

590 3897 808 3966 tribus
832 3893 1135 3971 Domini,
1166 3911 1319 3982 quae
1346 3895 1507 3956 sunt
1524 3913 1559 3952 α
1579 3887 2070 3971 testimonium,
2096 3912 2133 3949 n

590 4027 715 4097 per
750 4022 956 4094 opera
1004 4021 1129 4068 sua
1175 3996 1382 4081 bona,
1449 4023 1481 4058 οι
1520 3993 1765 4073 Israel,
1803 4019 1837 4059 ι
1898 3992 1967 4061 id
2006 4001 2132 4077 est,

592 4132 743 4205 quae
771 4117 929 4179 sunt
967 4109 1036 4175 in
1093 4103 1325 4184 Israel,
1373 4102 1483 4172 vel
1507 4101 1783 4191 {seipsas
1829 4123 1976 4169 esse
2006 4123 2133 4170 ve-

591 4243 742 4289 rum
775 4214 1004 4286 Israel.
1055 4211 1294 4282 Matth.
1348 4232 1467 4289 vu,
1506 4211 1586 4279 16
1628 4210 1733 4279 :A
1786 4207 2135 4299 fructibus

589 4346 824 4394 eorum
860 4320 1266 4415 coqnoscetis
1300 4340 1435 4397 eos,
1499 4314 1569 4383 id
1597 4323 1725 4400 est,
1774 4313 1862 4382 ab
1899 4315 2135 4408 operi-

589 4433 741 4505 bus.
796 4430 1036 4501 Omnis
1098 4427 1285 4498 enim
1329 4424 1534 4495 arbor
1579 4447 1686 4517 ex.
1721 4422 1944 4492 fructu
2001 4444 2128 4493 suo

588 4539 1041 4634 cognoscitur.
1069 4535 1272 4603 Joan.
1305 4555 1376 4613 x,
1399 4533 1485 4601 25
1530 4554 1547 4600 :
1584 4531 1810 4624 Opera
1839 4551 1992 4621 quae
2008 4551 2132 4622 eqo

504 4675 511 4679 ·
586 4650 797 4743 facio,
837 4642 1297 4714 testimonium
1320 4638 1678 4732 perhibent
1706 4637 1791 4706 de
1807 4658 1939 4707 me.
1972 4634 2126 4718 vel,

594 4782 629 4825 ι
668 4752 1128 4828 testimonium
1163 4778 1197 4813 ι»
1229 4747 1666 4841 perhibentes
1697 4774 1730 4809 «
1763 4744 1991 4815 Israel
2023 4768 2048 4815 .·
2090 4771 2124 4811 ι

591 4861 801 4933 dativi
827 4881 1044 4937 casus,
1077 4856 1163 4925 de
1215 4855 1519 4924 bonitate
1574 4853 1703 4923 Dei
1748 4876 1873 4946 per
1925 4874 2134 4944 opera

590 4998 712 5044 sua
740 4973 946 5050 bona,
977 4966 1351 5039 secundum
1383 4965 1551 5033 illud
1588 4963 1831 5034 Matth.
1873 4987 1945 5049 v,
1993 4964 2074 5032 16
2108 4980 2126 5032 :

590 5085 709 5153 Sic
745 5084 968 5151 luceat
1010 5079 1400 5168 tua-‚veum
1440 5096 1671 5155 coram
1706 5072 2124 5148 hominibus,

469 5204 475 5212 ’
595 5201 670 5259 ut
716 5188 987 5257 videant
1051 5207 1257 5278 opera
1319 5192 1543 5250 vestra
1567 5178 1795 5260 oona,
1865 5189 1928 5248 et
1980 5180 2128 5272 qlo-

591 5295 858 5386 rificent
910 5295 1192 5362 Patrem
1255 5297 1550 5357 vestrum
1615 5285 1743 5376 qui
1807 5286 1882 5353 in
1945 5283 2134 5353 coelis

591 5414 717 5574 est‘:
748 5506 863 5579 Ad
884 5502 1367 5596 confitendum.
1405 5528 1438 5566 »
1484 5499 1653 5569 Ecce
1684 5498 1769 5568 ad
1823 5461 1989 5592 quid
2021 5518 2136 5566 as-

667 5748 685 5785 ¹
716 5745 799 5819 Cf,
829 5745 965 5803 Luc.
993 5757 1095 5813 ιιι,
1125 5740 1199 5798 62
1226 5741 1288 5796 et
1314 5753 1443 5812 seq.

2248 2925 2503 2985 cantes.
2536 2914 2778 2986 Mattb.
2827 2939 2972 3000 xix,
3003 2919 3091 2986 28
3136 2940 3154 2986 ε
3189 2918 3362 2987 Cum
3388 2919 3638 2987 sederit
3676 2922 3804 2988 Fi-

2251 3022 2388 3091 lius
2411 3023 2711 3092 hominis
2747 3024 2820 3091 in
2860 3024 3018 3093 sede
3081 3025 3473 3115 majestatis
3506 3049 3675 3110 sue,
3703 3049 3805 3094 se-

2247 3131 2588 3221 debitis-het
2617 3155 2757 3213 vos,
2798 3141 2928 3203 etc.
2963 3133 3231 3204 Daniel.
3265 3157 3387 3217 vn,
3420 3137 3461 3203 9
3496 3157 3513 3205 :
3554 3136 3803 3205 Thr-oui

2238 3243 2452 3333 positi
2511 3251 2696 3321 sunt,
2757 3253 2823 3312 et
2886 3245 3217 3335 antiquus
3279 3245 3548 3314 dierum
3594 3246 3796 3313 sedit.

2256 3377 2287 3415 α
2314 3349 2544 3429 Sedes,
2577 3374 2611 3416 ιι
2645 3351 2860 3418 sancti
2891 3351 3213 3441 majores,
3246 3353 3315 3420 in
3347 3353 3594 3443 quibus
3616 3353 3799 3421 Deus

2245 3455 2454 3533 sedet,
2488 3464 2557 3525 et
2593 3479 2714 3548 per
2760 3479 2934 3548 quos
2971 3456 3256 3548 judicat.
3317 3458 3449 3528 lsa.
3487 3482 3669 3542 vai,
3708 3462 3732 3527 1
3774 3481 3793 3529 ε

2248 3565 2509 3634 Coelum
2558 3587 2711 3634 mea
2745 3564 2959 3645 sedeS,
3000 3567 3270 3658 supple,
3310 3578 3438 3637 est.
3484 3569 3795 3659 Sapient.

2241 3696 2312 3756 x,
2359 3675 2466 3757 16,
2498 3672 2748 3742 dicitur
2792 3673 2878 3742 de
2931 3676 3317 3764 sapientia:
3370 3678 3670 3745 Intravit
3724 3678 3800 3744 in

2246 3781 2555 3849 animam
2581 3780 2763 3848 servi
2784 3782 2942 3849 Dei.

2333 3912 2367 3954 α
2399 3887 2607 3958 Sedes
2648 3909 2855 3978 super
2900 3886 3211 3957 domum.
3247 3915 3284 3952 n
3330 3889 3500 3958 Ecce
3548 3914 3799 3960 sccun-

2240 3993 2429 4065 dum.
2463 3992 2675 4074 Quasi
2714 3993 2968 4063 diceret
2997 4017 3015 4064 :
3074 3994 3190 4065 Sic
3226 4018 3383 4065 cum
3414 3996 3559 4066 Deo
3591 4001 3797 4089 positi

2239 4110 2438 4170 erunt
2473 4100 2826 4191 injudicio
2880 4103 3126 4188 sancti,
3168 4104 3285 4195 qui
3324 4114 3484 4175 sunt
3511 4108 3659 4195 ejus
3683 4130 3799 4176 se-

2238 4209 2383 4293 des,
2420 4232 2453 4274 ι
2483 4208 2694 4285 sedes,
2733 4234 2767 4274 ι
2799 4207 3110 4301 inquam,
3133 4211 3498 4280 existentes
3531 4239 3565 4279 e
3587 4237 3796 4307 super

2238 4315 2519 4384 domum
2547 4315 2806 4395 David,
2843 4344 2876 4380 ιο
2910 4339 3117 4409 super
3146 4318 3365 4387 bonos
3405 4321 3637 4399 etiam,
3672 4322 3792 4391 sed

2236 4421 2693 4513 imperfectos.
2729 4420 2924 4492 Sicut
2971 4424 3157 4492 enim
3208 4446 3415 4517 super
3460 4425 3614 4494 illos
3652 4426 3795 4496 fue·

2236 4537 2393 4598 runt
2432 4529 2739 4621 dispositi
2793 4532 2864 4598 in
2913 4533 3258 4622 praesenti,
3309 4534 3532 4623 primo
3562 4543 3636 4602 ut
3674 4559 3793 4604 eos

2232 4636 2643 4718 custodiant,
2669 4637 2912 4708 Matth.
2948 4660 3140 4718 xxiv,
3176 4639 3261 4706 46
3287 4661 3305 4709 t
3333 4642 3529 4726 Quis,
3548 4653 3787 4734 putas,

2234 4756 2332 4815 est
2363 4746 2599 4837 fidelis
2629 4768 2864 4815 servus
2911 4756 2977 4814 et
3004 4747 3338 4839 prudens,
3388 4773 3590 4841 quem
3628 4775 3793 4819 con-

2232 4855 2462 4923 stituit
2515 4855 2851 4924 Dominus
2905 4876 3116 4946 super
3158 4856 3518 4946 familiam
3556 4881 3786 4942 sumn,

2236 4968 2313 5029 ut
2350 4960 2459 5029 det
2499 4960 2648 5029 illis
2685 4961 2756 5028 in
2786 4968 3087 5052 tempore
3105 4964 3320 5030 tritici
3340 4986 3730 5032 mensuram
3753 4963 3796 5032 ?

2236 5066 2333 5135 sic
2367 5066 2462 5134 ibi
2520 5065 2970 5157 disponentur
3011 5075 3089 5135 ut
3133 5070 3469 5160 majorem
3498 5070 3790 5161 gloriam

2236 5172 2555 5242 habeant.
2608 5171 2895 5253 Ibidem,
2955 5180 3022 5252 ᾖ.
3077 5176 3210 5243 47:
3281 5179 3510 5269 Super
3553 5178 3787 5247 omnia

2240 5280 2418 5351 bona
2450 5303 2580 5350 sua
2615 5281 2978 5352 constituet
3011 5304 3169 5352 eum
3201 5286 3248 5351 ⁸.

3969 1648 4034 1710 5
