5008 6329
1955 331 2667 403 COMMENTARIUS
2717 335 2811 402 IN
2862 336 3295 408 PSALMUM
3347 341 3590 410 CXIX.

4246 341 4369 408 341

1151 493 1539 578 ascendere,
1611 500 1907 567 ostendit
1991 502 2379 592 quindecim
2448 504 2702 593 gradus
2815 513 2938 572 teS.
2973 505 3052 571 In
3082 509 3306 595 prima
3344 511 3583 598 petitio
3617 519 3684 578 et
3714 511 3976 577 clamor
4003 507 4088 575 ad
4119 508 4370 576 Domi-

1152 603 1579 672 aseendentis
1609 605 1695 673 ad
1733 607 1956 676 Deum
2024 613 2294 691 animae,
2368 612 2516 701 ipso
2560 611 2705 678 Deo
2815 633 3005 690 num,
3040 622 3113 680 ut
3179 637 3214 679 a
3276 617 3552 683 miseria
3601 617 3946 685 liberetur.
4016 615 4362 694 SecundO,

1149 727 1300 774 eam
1329 724 1781 800 promovente
1810 739 1824 784 :
1859 718 2040 787 unde
2074 727 2139 786 et
2190 722 2334 807 ipse
2366 716 2706 784 mirabili-
2810 719 3216 806 specificatio
3296 723 3756 810 quorumdam
3833 722 4364 814 impedimento-

1146 821 1247 883 ter
1285 826 1352 885 et
1380 823 1740 913 magnifice
1771 824 2186 893 laudandus:
2232 833 2297 892 et
2328 824 2562 892 hocin
2595 824 2702 892 his
2810 847 2961 891 rum
3045 827 3570 917 impedientium
3639 830 4119 898 liberationem
4146 882 4162 912 ,
4236 831 4355 909 ibi,

1144 926 1535 1013 quindecim
1556 931 1875 1016 PsalmiS,
1909 935 2023 1024 qui
2062 932 2174 1000 hic
2212 955 2333 1023 per
2381 933 2694 1002 ordinem

1141 1044 1646 1124 supponuntur,
1682 1041 1798 1129 qui
1830 1039 2070 1107 eodem
2108 1040 2313 1108 modo
2347 1041 2700 1109 intitulan-

1141 1146 1274 1206 tur.
1320 1141 1404 1210 Et
1433 1144 1741 1234 loquitur
1772 1146 1840 1211 in
1871 1146 2192 1215 omnibus
2217 1145 2324 1216 his
2382 1149 2491 1216 vir
2541 1171 2701 1239 per-

2807 941 2869 1008 5.
2923 937 2961 1001 3
2999 958 3014 1001 :
3076 962 3109 1000 «
3143 939 3293 1004 Heu
3333 941 3531 1019 milii,
3575 941 3744 1030 quia
3791 941 4138 1008 incolatus
4170 963 4360 1007 meus

2797 1041 3258 1132 p7·olonqatus
3313 1051 3461 1112 est!
3493 1071 3525 1110 1>

2891 1146 2966 1213 In
2999 1150 3217 1237 prima
3249 1152 3401 1219 tria.
3447 1153 3711 1232 Prim0‚
3756 1155 3995 1245 petitio
4028 1163 4105 1222 ut
4134 1177 4174 1221 a
4213 1178 4353 1223 ma·

1140 1245 1377 1329 fectuS,
1412 1250 1779 1319 ostendens
1809 1276 1929 1343 per
1961 1276 2133 1344 quos
2165 1256 2418 1343 gradus
2478 1278 2695 1346 usque
2801 1252 2866 1320 lo
2897 1253 3242 1335 liberetur,
3279 1267 3345 1326 et
3401 1259 3770 1329 fructuosa.
3829 1261 4172 1342 Secundo,
4240 1286 4354 1352 pe·

1139 1350 1224 1417 ad
1304 1375 1656 1423 summum
1749 1357 2186 1447 perfectionis
2280 1361 2689 1439 ascenderit,

1139 1457 1650 1551 Omnipotentis
1682 1487 1890 1533 manu
1932 1467 2307 1555 adjuvanti.
2345 1467 2690 1548 Quoniam

1135 1574 1365 1635 autem
1404 1567 1516 1637 hic
1546 1592 1867 1643 ascensus
1925 1599 2081 1642 cum
2140 1576 2372 1643 laetitia
2437 1579 2688 1644 mentis

1132 1677 1477 1758 recolitur,
1526 1687 1592 1748 et
1631 1683 1962 1772 spirituali
1994 1684 2470 1764 exsultatione,
2508 1695 2686 1754 recte

1132 1782 1490 1853 Canticum
1575 1791 1955 1878 qraduum,
2027 1791 2342 1861 Psalmus
2399 1793 2684 1884 quilibet

1125 1887 1547 1962 intitulatur:
1597 1895 1950 1966 Canticum
2027 1902 2209 1968 enim
2269 1909 2369 1970 est
2432 1903 2682 1970 mentis

1124 1999 1486 2070 exsultatio
1521 2026 1641 2093 pro
1663 2008 1954 2074 aeterniS.

1213 2107 1396 2179 Ordo
1430 2120 1660 2181 autem
1694 2114 2128 2194 Psalmorum
2170 2119 2238 2184 in
2274 2120 2419 2210 ipsa
2446 2120 2677 2189 lectio-

1119 2237 1204 2283 ne
1234 2215 1482 2286 clarius
1546 2224 1928 2313 exponitur,
2000 2223 2132 2293 hoc
2196 2226 2673 2296 tantummodo

1116 2332 1524 2413 praenotato,
1559 2329 1741 2418 quod
1774 2333 2075 2422 quinque
2109 2333 2310 2423 primi
2334 2337 2672 2425 pertinere

1115 2429 1438 2500 videntur
1475 2433 1560 2501 ad
1593 2458 1931 2505 recessum
1972 2460 2012 2505 a
2052 2439 2260 2520 malo,
2304 2451 2670 2534 sequentes

1114 2560 1278 2607 vero
1308 2541 1613 2634 quinque
1643 2545 1728 2612 ad
1775 2545 2153 2636 proiectum
2216 2548 2287 2615 in
2325 2548 2539 2630 bono,
2601 2559 2667 2620 et

1114 2650 1419 2739 quinque
1450 2650 1674 2720 ultimi
1703 2654 1789 2721 ad
1819 2654 2307 2744 perfectionem
2341 2659 2410 2726 in
2449 2657 2662 2730 bono.

1201 2864 1285 2932 Et
1330 2867 1493 2958 quia
1544 2870 1809 2960 primus
1867 2872 2178 2939 omnium
2240 2871 2491 2963 gradus
2550 2895 2665 2941 as-

1111 2973 1439 3042 cendendi
1480 2999 1639 3045 cum
1694 2978 1943 3048 recedit
2004 2981 2157 3071 quis
2196 3002 2237 3047 a
2294 2979 2500 3064 malo,
2563 2989 2663 3050 est

789 3113 1060 3160 rainero-
1111 3081 1476 3172 suspirare,
1536 3091 1603 3152 et
1640 3086 1746 3153 sui
1798 3085 2272 3155 liberationem
2326 3095 2556 3179 petere
2621 3111 2662 3156 a

798 3169 1083 3272 Ἢῖῧῖ
1110 3188 1286 3276 Deo,
1311 3190 1379 3258 in
1409 3189 1543 3260 hoc
1566 3191 1870 3279 Psalmo,
1897 3197 1965 3263 in
1997 3219 2134 3288 quo
2165 3197 2392 3288 agitur
2421 3196 2504 3266 de
2527 3199 2662 3289 pri·

836 3277 1007 3330 ber-ari.

1111 3321 1226 3366 mo
1258 3299 1503 3390 gradu,
1540 3301 1768 3393 agitur
1795 3302 1875 3371 de
1907 3306 2235 3395 petitione
2267 3315 2331 3375 et
2360 3306 2659 3377 clamore

1104 3407 1467 3476 existentis
1507 3409 1576 3477 in
1614 3419 1894 3500 peccato
1943 3435 2067 3504 pro
2108 3413 2538 3484 liberatione.

1096 3638 1103 3647 ·
1192 3620 1540 3694 Dividitur
1576 3634 1808 3696 autem
1851 3627 2165 3699 Psalmus
2196 3631 2267 3698 in
2294 3631 2468 3701 duas
2508 3654 2661 3725 par·

1103 3914 1297 3974 route,
1329 3908 1514 3983 perils
1561 3909 1819 3980 serieux,
1867 3916 2103 3967 surtout
2149 3928 2303 3986 pour
2356 3930 2504 3971 ceux
2553 3915 2655 3987 qui

1102 3998 1332 4055 avaient
1353 3998 1390 4054 8
1410 4005 1706 4055 traverser
1733 3998 1790 4055 le
1822 4016 1968 4073 pays
1992 3999 2099 4057 des
2138 4003 2568 4072 Samaritains3
2601 4004 2656 4061 le

1102 4102 1350 4159 psaume
1420 4085 1673 4144 cxxvn
1749 4087 2015 4162 rappelle
2095 4088 2184 4146 les
2239 4090 2655 4149 benedictions

1101 4175 1406 4232 reservet-s
1435 4191 1514 4233 au
1562 4175 1858 4234 serviteur
1904 4177 1976 4235 de
2022 4178 2287 4250 Jehovag
2318 4180 2374 4238 le
2403 4199 2653 4255 psaume

1099 4261 1311 4320 CXXIX
1370 4267 1462 4320 est
1515 4279 1599 4319 88
1651 4270 1784 4321 8018
1832 4261 1906 4321 de
1942 4266 2288 4336 contrition,
2315 4267 2375 4324 le
2403 4285 2654 4342 psaume

1098 4351 1326 4421 CXXX,
1352 4369 1433 4409 nn
1465 4359 1595 4410 8018
1633 4353 1993 4426 d’bumilite,
2026 4355 2083 4414 le
2115 4374 2364 4431 psaume
2385 4358 2651 4429 cxxxn,

1097 4457 1181 4499 un
1244 4447 1374 4499 8018
1432 4441 1506 4499 de
1563 4442 1793 4500 charite
1841 4444 2214 4515 fraternelle,
2289 4448 2651 4506 sentiments

1094 4534 1296 4608 exiges
1317 4532 1392 4591 de
1443 4533 1602 4591 celui
1657 4535 1759 4608 qui
1817 4543 1954 4593 vent
2007 4537 2344 4611 approciier
2390 4538 2468 4596 du
2523 4541 2652 4597 Sei·

1094 4640 1305 4691 aneur.
1338 4626 1494 4682 Dans
1525 4624 1581 4682 le
1608 4642 1858 4701 psaume
1904 4626 2128 4686 cxxx!
2185 4634 2323 4686 sont
2377 4630 2650 4688 resumes

1094 4714 1184 4773 les
1240 4717 1414 4773 titres
1463 4714 1540 4774 de
1617 4716 1758 4774 Sion
1815 4717 1850 4775 8
1887 4716 1946 4775 la
1993 4719 2338 4778 1686181108
2377 4720 2486 4779 des
2544 4724 2652 4798 pe·

1094 4804 1319 4875 lerins3
1377 4805 1544 4863 881111
1601 4804 1659 4863 18
1735 4823 1983 4880 psaume
2039 4809 2325 4867 cxxxm
2380 4816 2471 4868 est
2525 4829 2647 4871 8118

1093 4896 1406 4954 invitation
1438 4912 1552 4953 aux
1583 4894 1791 4953 levites
1822 4896 1901 4953 du
1922 4898 2166 4972 temple,
2193 4917 2346 4973 pour
2373 4902 2551 4976 qu’ils
2570 4920 2646 4961 ne

1091 4989 1331 5043 cessent
1357 4983 1431 5041 de
1457 4984 1635 5041 benir
1685 4985 1858 5042 Dieu.
1885 4986 1995 5043 Ces
2025 4988 2340 5061 cantiques
2381 4992 2648 5049 sei-aient

1109 5075 1268 5133 donc
1297 5074 1592 5132 vraiment
1642 5072 1892 5147 adaptes
1913 5075 1950 5131 8
1977 5076 2252 5136 lenrrole
2272 5078 2348 5136 de
2373 5101 2402 5131 κ
2426 5081 2644 5138 0118818

1090 5164 1198 5223 (188
1228 5165 1520 5223 18081888.
1552 5186 1584 5215 κ
1616 5161 1857 5236 Aquila,
1884 5163 2244 5241 Symmaque
2287 5174 2349 5225 et
2374 5168 2644 5228 Theodo-

1090 5255 1218 5314 tion
1275 5254 1364 5312 les
1415 5258 1524 5312 ont
1593 5252 2056 5327 probablement
2112 5259 2377 5333 compris
2450 5259 2526 5317 de
2583 5259 2643 5319 la

1090 5350 1274 5415 sorte,
1294 5361 1398 5403 081·
1426 5343 1503 5401 ils
1547 5342 1638 5400 les
1682 5342 2036 5418 appellent:
2066 5343 2216 5420 ᾆσμα
2268 5351 2378 5405 τῶν
2435 5342 2637 5405 ἀναδά-

1089 5453 1226 5490 σιων
1256 5450 1334 5491 08
1363 5430 1442 5497 si<
1481 5429 1586 5497 τὰς
1632 5424 1938 5495 aufidum«.
1970 5433 2016 5490 n
2054 5439 2146 5492 est
2174 5438 2438 5509 possible
2467 5440 2634 5498 aussi

1086 5524 1124 5582 8
1154 5523 1213 5581 18
1240 5523 1503 5597 rigueur,
1534 5537 1652 5594 que
1672 5538 1773 5579 088
1801 5522 2014 5580 01181118
2043 5523 2211 5580 81881
2258 5525 2354 5582 ete
2394 5544 2635 5603 compo·

1087 5613 1186 5672 ses
1210 5617 1271 5670 et
1292 5611 1542 5669 01188168
1576 5626 1732 5685 pour
1776 5610 1836 5669 la
1881 5611 2176 5686 premiere
2230 5614 2345 5672 fois
2401 5616 2636 5690 parles

1082 5699 1234 5759 Juit’s
1288 5697 1393 5774 qui
1454 5696 1804 5756 revenaient
1864 5697 1940 5757 de
1989 5697 2292 5774 Babylone
2350 5719 2490 5760 sous
2575 5704 2635 5762 la

2802 1363 3005 1428 tentis
3064 1363 3489 1451 deliberatio,
3559 1369 3936 1436 secundum
3997 1393 4206 1438 unam
4260 1370 4354 1438 le-

2798 1473 3088 1550 cturam,
3124 1473 3477 1562 quomodo
3510 1475 3726 1564 possit
3754 1475 4027 1567 impleri
4068 1500 4193 1545 sua
4232 1501 4345 1569 pe·

2795 1574 2967 1654 titi0,
3001 1576 3109 1644 vel
3150 1578 3433 1648 Domini
3493 1582 3940 1674 interrogatio
3990 1583 4163 1654 facta
4215 1586 4340 1676 ipsi

2791 1686 3069 1771 petenti,
3106 1686 3223 1770 ibi,
3260 1696 3324 1764 ᾗ.
3362 1690 3445 1757 3:
3486 1717 3521 1755 α
3569 1691 3759 1776 Quid
3810 1692 4013 1759 detur
4069 1690 4262 1760 tibi?
4301 1721 4337 1757 n

2787 1787 3035 1870 Tertio,
3107 1793 3358 1863 solutio
3412 1797 3626 1887 ipsius
3690 1806 3846 1889 post
3903 1799 4342 1868 deliberatio-

2789 1918 2972 1981 nem,
3018 1901 3128 1968 vel
3186 1905 3541 1993 responsio
3610 1906 3914 1986 Domini,
3979 1906 4096 1990 ibi,
4131 1915 4193 1984 ὲ.
4231 1909 4272 1974 4
4317 1931 4332 1977 :

2794 2008 3147 2099 «8891118
3176 2015 3499 2102 potentis.
3550 2039 3583 2080 a

2871 2116 2948 2183 ln
2987 2118 3206 2208 prima
3229 2120 3392 2189 duo.
3429 2120 3693 2203 Primo,
3722 2124 4068 2193 fructuosa
4095 2129 4332 2217 petitio

2778 2246 2902 2315 pro
2942 2224 3343 2298 liberatione
3401 2232 3506 2298 sui
3564 2254 3603 2299 a
3665 2233 3849 2301 malo
3888 2235 4323 2325 generaliter.

2780 2332 3118 2414 Secundo,
3154 2339 3500 2429 specificat
3530 2364 3570 2410 a
3601 2365 3739 2433 quo
3776 2343 3945 2412 velit
3970 2346 4323 2435 potissime

2773 2439 3069 2524 liberari,
3104 2454 3169 2514 et
3206 2448 3618 2538 specialiter,
3672 2450 3790 2530 ibi,
3840 2459 3907 2529 ᾗ.
3951 2454 4038 2521 2:
4113 2482 4142 2518 α
4179 2457 4323 2523 Do·

2776 2551 2981 2633 mine,
3018 2552 3236 2623 libera
3273 2558 3587 2626 animam
3627 2581 3879 2628 meam.
3927 2588 3960 2622 »ι

2859 2869 2934 2940 ln
2966 2876 3185 2964 prima
3228 2884 3607 2969 tanguntur
3658 2890 3979 2972 quatuor.
4052 2881 4310 2964 Primo,
4464 2902 4519 2969 1

2769 2978 2999 3049 innuit
3045 2985 3430 3055 orationem
3486 3011 3681 3058 suam
3759 2990 3966 3061 fuisse
4032 3002 4309 3075 rectam,
4348 3004 4663 3110 '’¹2:235“

2767 3088 2886 3169 ibi,
2928 3117 2958 3154 α
2983 3092 3100 3160 Ad
3131 3096 3539 3167 Dominum.
3583 3127 3616 3160 ιο
3685 3098 4031 3184 Secundo,
4076 3126 4316 3175 neces-

2765 3199 3039 3280 sariam,
3109 3202 3230 3286 ibi,
3275 3229 3311 3269 8
3351 3206 3524 3273 Cum
3581 3207 3962 3278 tribularer
3989 3236 4013 3279 .·
4051 3240 4082 3277 a
4150 3222 4315 3285 tunc

2763 3305 2945 3373 enim
3003 3308 3357 3396 potissime
3417 3319 3690 3404 tempus
3764 3323 3867 3385 est
3944 3318 4311 3390 clamandi.

2765 3412 2965 3494 Osee,
2997 3438 3096 3499 vi,
3161 3417 3236 3484 1:
3292 3419 3376 3486 In
3443 3419 3898 3492 tribulatione
3949 3449 4082 3495 sua
4119 3452 4322 3497 mane

2762 3532 3167 3613 consument
3212 3522 3311 3591 ad
3370 3549 3500 3594 me.
3542 3527 3842 3621 Tempus
3880 3533 4314 3616 exaudiendi,

2763 3628 2947 3718 quia,
2992 3628 3198 3699 Eccli.
3240 3655 3453 3715 xxxv,
3495 3636 3627 3705 26:
3684 3638 4009 3730 Speciosa
4058 3643 4320 3713 miseri·

2760 3922 3038 3983 conduite
3068 3923 3142 3983 de
3171 3926 3496 3987 zorobabel
3526 3947 3603 3988 08
3632 3929 3912 3993 (1Ἐ8111-88
3933 3951 3949 4004 ς
3974 3936 4126 3993 81818
4154 3939 4315 3998 alors

2762 4013 2803 4069 il
2833 4013 3090 4072 faudrait
3120 4016 3380 4090 prendre
3419 4018 3508 4076 les
3556 4027 3710 4079 mets
3739 4046 3769 4073 κ
3818 4024 3880 4082 18
3914 4023 4160 4084 domum
4198 4030 4315 4087 Do·

2757 4106 2903 4164 mini
2936 4106 3156 4166 ibimus
3186 4133 3217 4161 n
3248 4109 3329 4166 du
3369 4128 3620 4185 psaume
3654 4114 3828 4173 cxxi
3859 4116 4013 4176 dans
4041 4135 4124 4178 un
4168 4138 4312 4180 sens

2755 4210 2888 4253 asez
2910 4196 3090 4270 large.

2827 4286 2930 4344 Cet
2976 4286 3396 4348 hammahaioth
3434 4293 3711 4364 (Psaume
3739 4296 3932 4370 CXIX)
3974 4306 4067 4358 est
4113 4306 4311 4377 poste·

2755 4378 2919 4435 rieur
2935 4378 3045 4437 818
3062 4381 3365 4455 captivite,
3394 4384 3547 4442 mais
3567 4383 3708 4445 d’nn
3728 4394 3944 4446 auteur
3964 4392 4316 4455 totalement

2754 4468 3102 4527 18008118.11
3124 4486 3162 4542 5
3189 4476 3281 4528 est
3306 4471 3474 4546 parle
3504 4472 3577 4531 de
3598 4474 3850 4550 langues
3879 4481 4167 4556 perfides,
4199 4484 4302 4559 qui

2751 4566 2859 4615 ont
2885 4561 3059 4617 attire
3102 4578 3208 4618 sur
3249 4561 3307 4620 le
3366 4563 3679 4638 psalmiste
3726 4573 3921 4628 tontes
3973 4580 4168 4632 sortes
4225 4575 4300 4637 de

2751 4667 2950 4719 maux,
2982 4657 3043 4707 et
3069 4650 3144 4708 de
3170 4669 3319 4725 gens
3341 4654 3634 4724 grossiers
3671 4673 3749 4714 88
3781 4658 3987 4718 8111188
4018 4663 4303 4739 desquels

2750 4739 2793 4796 il
2822 4740 2904 4797 lui
2931 4740 3054 4797 saut
3084 4741 3241 4798 vivre
3273 4757 3289 4798 :
3320 4741 3474 4800 dans
3502 4760 3602 4803 ces
3650 4746 3852 4805 tristes
3880 4765 4298 4827 occurrences,

2748 4829 2805 4887 le
2833 4847 3075 4888 secours
3098 4830 3173 4888 de
3200 4832 3346 4889 Dieu
3377 4849 3454 4890 ne
3483 4832 3566 4891 lui
3599 4833 3711 4893 fait
3756 4838 3929 4912 point
3964 4839 4189 4902 (181881.
4224 4845 4302 4904 La

2749 4917 2988 4993 plupart
3030 4918 3138 4977 des
3183 4927 3694 4980 commentateurs
3733 4933 3993 4999 pensent
4042 4948 4161 5004 que
4213 4933 4304 4993 les

2748 5009 3005 5084 plaintes
3034 5011 3114 5066 du
3158 5011 3469 5085 psalmiste
3508 5013 3643 5072 font
3681 5016 3944 5078 allusion
3974 5022 4011 5078 8
4041 5022 4100 5080 18
4128 5027 4306 5098 pern·

2748 5100 2845 5157 die
2872 5100 2979 5158 des
3011 5103 3401 5161 Samaritains
3433 5110 3492 5161 et
3521 5105 3558 5161 8
3583 5105 3893 5166 1’1108111118
3914 5110 4022 5169 des
4052 5116 4304 5190 peupla-

2745 5190 2853 5247 des
2875 5191 2977 5264 qui
3007 5193 3394 5250 entouraient
3421 5191 3702 5264 18818118,
3733 5197 3909 5271 apres
3936 5198 4072 5257 leur
4099 5210 4303 5264 181081·

2743 5282 2820 5339 de
2868 5280 3187 5355 Babylone.

2813 5374 2902 5430 Au
2931 5388 3072 5431 sens
3101 5373 3402 5447 spiritual,
3424 5372 3571 5433 c'est
3603 5391 3723 5434 888
3753 5377 3952 5451 priere
4001 5381 4078 5442 de
4123 5385 4296 5446 ramo

2741 5462 3089 5520 chretienne
3127 5464 3231 5536 qui
3281 5463 3583 5521 demande
3623 5465 3661 5523 8
3714 5467 3840 5526 etre
3896 5469 4157 5533 delivre'e
4221 5477 4296 5537 de

2741 5550 2900 5609 l'exil
2931 5550 3006 5609 de
3035 5568 3103 5608 08
3124 5550 3365 5610 monde.

3780 5711 3848 5772 11.
3882 5714 4144 5777 hastrut.
