5008 6329
338 695 592 752 Multiplox

327 751 500 798 civita·
529 751 612 795 ha-

663 289 787 356 128

658 458 1007 540 habemus,
1078 462 1149 527 in
1196 460 1392 537 coe10‚
1436 460 1718 525 domum
1768 480 1901 524 non
1970 481 2213 524 manu-

697 579 946 638 actam.

657 570 707 658 f
749 677 835 745 Et
863 684 1047 756 nota,
1084 674 1281 764 quod.
1307 682 1406 742 est
1445 675 1682 742 civitas
1743 675 2204 754 habitationiS‚

339 804 594 852 biuiioniu.
660 785 1042 865 concordia,
1120 785 1190 850 in
1265 806 1398 873 qua
1489 783 1959 861 habitandum,
2050 786 2210 876 quia

407 3709 526 3779 82

660 890 986 959 Proverb.
1020 913 1211 974 xvut‚
1261 891 1340 959 19
1393 914 1408 958 :
1463 895 1708 959 Frater
1737 894 1859 982 qui
1901 893 2210 982 adjuva-

655 1008 771 1064 tur
798 1021 842 1064 a
880 999 1123 1088 fratre,
1160 1001 1361 1090 quasi
1402 1001 1642 1066 civitas
1687 1000 1921 1088 firma.
2005 998 2206 1065 Clau-

652 1117 895 1189 strum‚
966 1111 1200 1199 inquo
1251 1109 1537 1175 societas
1597 1108 1798 1183 bona,
1872 1105 2201 1174 Proverh.

649 1242 792 1300 xxx,
827 1222 953 1287 22:
1001 1221 1365 1289 Civitatem
1407 1220 1726 1306 sortium,
1762 1218 1994 1283 omnia
2043 1238 2206 1305 pro-

651 1336 799 1417 pter
865 1327 1209 1396 Christum
1266 1326 1827 1415 relinquentium,
1898 1323 2205 1391 ascendit

645 1436 940 1525 sapietis,
977 1435 1292 1523 quamvis
1361 1434 1605 1500 stultus
1664 1441 2034 1523 reputetur.
2069 1432 2205 1499 Ec-

649 1543 854 1612 clesia
904 1542 1229 1626 militans,
1298 1530 1518 1609 Eoe'le.
1585 1564 1680 1624 lx,
1738 1543 1874 1607 14:
1943 1543 2205 1609 Civitas

641 1674 890 1743 parva,
915 1659 979 1718 et
1001 1650 1216 1741 pauci
1254 1651 1432 1716 inea
1466 1650 1619 1716 viri.
1657 1649 1902 1716 Fidelis
1945 1650 2199 1727 anima,

647 1761 718 1826 in
758 1781 894 1851 qua
922 1757 1182 1826 habitat
1210 1756 1331 1824 Dei
1362 1757 1722 1847 sapientia,
1757 1756 1962 1825 Eceli.
2009 1779 2199 1834 xxiv,

653 1873 777 1941 15:
813 1872 898 1939 In
929 1871 1202 1938 civitate
1245 1869 1680 1956 sanctificata
1725 1868 2051 1934 similiter
2096 1891 2207 1934 re-

648 1980 903 2071 quievi.
938 1977 1175 2045 Bonus
1236 1974 1580 2065 praelatu3‚
1645 1974 1899 2042 Jerem.
1952 1999 1997 2051 ι,
2067 1977 2198 2041 18:

651 2086 832 2156 Dedi
896 2094 959 2152 te
1023 2085 1092 2151 in
1149 2084 1496 2152 civitatem
1528 2083 1894 2149 munitam.
1953 2082 2031 2148 Et
2065 2105 2202 2149 non

650 2196 928 2271 mirum,
970 2191 1210 2261 Mauh.
1245 2215 1314 2272 v,
1364 2192 1486 2257 14:
1525 2192 1675 2259 Non
1709 2202 1931 2281 potest
1962 2193 2204 2258 cit-itas

650 2302 980 2373 abscondi
1003 2324 1218 2392 supra
1248 2309 1542 2367 montem
1576 2300 1830 2391 posita.
1880 2299 1955 2366 Et
1992 2299 2202 2389 Virgo

648 2411 870 2487 beata,
906 2411 974 2477 in
1005 2431 1140 2499 qua
1179 2406 1625 2475 habitandum
1668 2416 1767 2475 est
1808 2407 2198 2490 devotione,

652 2516 834 2587 Psal.
868 2538 1140 2595 mxxxvi,
1186 2517 1268 2584 3:
1307 2515 1625 2585 Gloriosa
1656 2514 1842 2581 dicta
1897 2525 2062 2581 stent
2120 2515 2205 2582 de

651 2638 740 2705 te,
770 2626 1013 2694 civitas
1058 2625 1212 2694 Dei.
1258 2623 1344 2692 Et
1395 2622 1827 2715 triumphans
1873 2623 2198 2703 Ecclesia,

650 2736 720 2803 in
769 2758 904 2826 qua
951 2731 1396 2801 habitandum
1447 2731 1808 2808 desiderio,
1868 2739 1935 2799 et
1981 2731 2204 2798 medi-

649 2843 925 2912 tatione.
992 2841 1152 2909 llaee
1227 2848 1327 2908 est
1392 2837 1533 2919 illa,
1593 2837 1674 2906 de
1732 2862 1865 2929 qua
1915 2840 1984 2907 in
2017 2838 2196 2907 l‘sal.

650 2972 805 3027 xw,
838 2951 922 3018 5:
957 2949 1311 3017 Fluminis
1340 2948 1635 3038 impetus
1675 2945 1984 3035 laetificat
2032 2948 2205 3015 civi-

648 3067 857 3126 tatem
885 3057 1040 3127 Dei.
1079 3054 1259 3124 Psal.
1292 3077 1421 3131 ux,
1491 3057 1560 3122 ll
1624 3078 1639 3122 :
1696 3057 1866 3141 Quis
1919 3054 2203 3124 deducet

648 3189 756 3235 me
827 3168 901 3236 in
953 3167 1301 3234 civitatem
1356 3169 1697 3232 'nutritam
1761 3163 1804 3232 ?
1866 3175 1991 3234 etc.
2063 3166 2195 3234 lsa.

649 3298 885 3354 xxxin,
920 3276 1046 3344 20:
1086 3273 1292 3344 Oculi
1354 3276 1462 3342 tui
1527 3273 1852 3341 videbunt
1912 3277 2203 3344 Jerusa-

652 3384 811 3469 lem,
841 3382 1338 3452 habitationem
1377 3381 1801 3475 opulentam.

741 3730 777 3772 ι
808 3707 906 3775 Et
926 3706 1457 3773 seminaverunt.
1489 3731 1519 3765 n
1563 3702 1690 3772 llic
1719 3705 2024 3785 tertium,
2064 3704 2201 3772 sci-

646 3813 806 3883 lieet
840 3810 1370 3906 inhabitantinm
1398 3808 1617 3888 labor.
1662 3821 1726 3878 et
1774 3811 2194 3879 exercitatio.

650 3920 911 4000 Primo,
954 3919 1024 3988 in
1051 3917 1160 3989 his
1205 3940 1357 4011 quae
1415 3919 1760 4011 pertinent
1806 3917 1891 3986 ad
1939 3917 2195 3990 cibum.

650 4027 995 4110 Secunde,
1055 4029 1124 4096 in
1182 4026 1313 4105 his,
1374 4048 1531 4118 quae
1586 4025 1672 4094 ad
1742 4037 2004 4118 potum,
2076 4027 2195 4106 ibi,

648 4164 684 4206 ι
720 4142 814 4209 Et
833 4138 1358 4232 plantaverunt.
1394 4164 1428 4203 n

733 4246 914 4316 Dicit
940 4268 1147 4339 ergo:
1185 4245 1298 4315 Sic
1337 4255 1591 4316 terram
1650 4247 1923 4337 rigavit,
1976 4245 2205 4314 culto-

646 4378 753 4427 res
789 4356 1018 4449 posuit
1047 4355 1117 4456 in
1149 4354 1289 4424 illa.
1325 4385 1358 4417 οι
1395 4358 1491 4426 Et
1525 4382 1561 4420 ιι
1595 4355 1721 4448 ipsi
1759 4384 1790 4418 a
1831 4355 2204 4424 seminave-

645 4476 812 4538 runt
856 4488 1084 4559 σφω,
1131 4491 1167 4530 ιι
1223 4473 1298 4533 ut
1364 4464 1693 4535 haberent
1746 4465 2024 4534 eibum:
2072 4493 2103 4529 a
2138 4476 2203 4532 et

639 4575 1139 4670 plantaverunt
1178 4575 1435 4652 vineas,
1471 4601 1506 4637 n·
1555 4582 1629 4641 ut
1691 4571 2017 4642 haberent
2076 4597 2205 4665 po-

645 4691 818 4762 tum,
860 4682 1037 4751 sicut
1084 4680 1232 4750 Noe
1273 4681 1318 4748 ⁸.
1369 4680 1537 4773 Agri
1568 4688 1728 4749 sunt
1773 4679 2053 4763 subditi,
2085 4680 2201 4773 qui

645 4791 935 4861 subsunt
971 4790 1149 4857 sieut
1174 4794 1374 4856 terroe
1415 4808 1434 4856 t
1476 4797 1547 4857 et
1608 4787 1926 4856 similiter
1981 4787 2199 4857 vinea:

644 4897 1075 4969 subditorum
1105 4897 1375 4965 animae.
1399 4895 1540 4965 Nec
1561 4901 1660 4964 est
1685 4895 2197 4977 inconveniens,

645 5008 717 5078 in
779 5015 961 5076 terra
1025 5004 1256 5085 fertili,
1298 5005 1477 5072 sicut
1543 5002 1793 5072 dicitur
1876 5002 1958 5072 de
2025 5012 2202 5073 terra

644 5114 1024 5211 Apuliae,si
1052 5113 1122 5183 in
1160 5111 1406 5184 eadem
1433 5119 1614 5181 terra
1659 5113 1746 5180 sit
1774 5135 1962 5205 ager,
2005 5121 2070 5180 et
2107 5114 2202 5180 vi·

645 5246 802 5296 nea.
835 5222 867 5292 1
895 5221 983 5292 ad
1011 5219 1323 5292 Corinth.
1359 5243 1459 5300 ιιι,
1500 5221 1569 5299 9,
1602 5221 1833 5288 statim
1876 5228 1952 5288 ut
1989 5219 2198 5290 dixit:

648 5334 784 5403 Dei
824 5330 1195 5423 aedificatio
1214 5329 1397 5412 estis,
1424 5327 1697 5420 adjicit:
1729 5329 1863 5398 Dei
1905 5327 2205 5418 ayricul·

726 5579 743 5616 ¹
777 5576 865 5635 Cf.
891 5577 1105 5634 cenes.
1127 5592 1208 5637 ix.
1241 5575 1332 5628 20.

727 5665 751 5703 ²
777 5664 861 5724 Cf.
899 5664 1095 5721 Manli.
1129 5679 1256 5732 xm,
1289 5664 1375 5720 ¹⁴.

1531 330 1538 334 -
1655 289 1736 352 Ι).
1791 288 1990 356 ALB.
2045 288 2262 355 MAG.

2317 289 2524 357 ORD.
2577 292 2874 360 PRAED.

2318 468 2476 527 tura
2504 463 2683 528 estis.
2720 461 2826 538 Et,
2860 460 2989 528 Isa.
3037 484 3105 538 V,
3152 464 3189 526 7
3229 484 3243 526 z
3314 465 3515 530 Vinea
3580 465 3867 533 Domini

2316 571 2732 637 exercituum
2789 569 3032 637 domus
3072 568 3293 636 Israel
3346 580 3466 636 est.
3514 571 3649 661 Ipsi
3690 595 3851 662 ergo

2317 679 2695 747 seminandi
2751 686 2909 745 sunt
2961 678 3255 745 sermine
3320 675 3509 743 verbi
3564 678 3714 754 Dei,
3778 678 3858 745 de

2317 810 2476 877 quo,
2510 787 2668 855 Luc.
2712 809 2852 864 vin,
2918 788 2992 852 11
3051 807 3065 850 :
3136 786 3379 855 Semen
3434 796 3530 851 est
3585 784 3857 851 verbum

2315 897 2445 961 Dei
2507 899 2549 960 ².
2611 895 2693 960 Et
2738 894 3086 984 plantandi
3151 893 3403 960 vitibus
3497 894 3853 971 virtutum,

2315 1002 2443 1069 Isa.
2478 1024 2732 1078 xxxvii,
2768 1003 2887 1068 30:
2924 1002 3295 1079 Seminate,
3348 1011 3413 1068 et
3477 1003 3727 1077 metite,
3801 1009 3864 1067 et

2305 1112 2621 1201 plantate
2647 1112 2899 1192 vineas,
2934 1118 2997 1177 et
3025 1110 3355 1176 comedite
3379 1113 3688 1199 fructum
3742 1135 3863 1178 ea-

2312 1242 2490 1286 rum.
2554 1218 2640 1286 Et
2704 1227 2881 1286 certe
2950 1219 3067 1307 qui
3119 1217 3356 1285 colunt
3414 1216 3585 1285 bene
3616 1227 3863 1286 terram

2310 1349 2530 1407 suam,
2572 1338 2729 1394 sunt
2797 1328 2867 1394 in
2912 1324 3333 1393 abundantia
3385 1348 3399 1391 :
3461 1327 3575 1415 qui
3637 1336 3862 1394 autem

2311 1458 2450 1504 non
2488 1435 2744 1513 colunt,
2787 1443 2945 1502 sunt
2982 1437 3051 1501 in
3081 1440 3383 1524 egestate
3441 1442 3508 1502 et
3558 1435 3854 1501 misc-ria.

2311 1542 2635 1611 Proverb.
2681 1564 2799 1618 xu,
2839 1542 2912 1608 11
2956 1560 2973 1608 ε
3017 1541 3153 1624 Qui
3205 1549 3533 1630 operatur
3608 1552 3859 1606 terram

2306 1674 2529 1727 suam,
2555 1648 2927 1719 satiabitur
2956 1646 3281 1739 panibuS.
3336 1647 3445 1727 Et,
3495 1670 3681 1724 xxxi,
3734 1650 3853 1714 16:

2313 1758 2783 1830 Consideravit
2827 1780 3100 1848 aqrum,
3172 1766 3236 1824 et
3302 1758 3469 1823 emit
3544 1779 3723 1836 eum,
3787 1765 3860 1822 ut

2310 1868 2378 1934 in
2410 1865 2527 1934 illo
2560 1866 2934 1933 laboraret:
2968 1874 3033 1933 et
3063 1865 3145 1932 de
3207 1866 3448 1955 fructu
3525 1887 3863 1932 manuum

2305 1996 2591 2042 suarum
2615 1975 2966 2065 plantavit
3004 1975 3297 2041 vineam.
3340 1971 3475 2040 Sed
3514 1972 3597 2040 de
3666 1974 3860 2063 pigro

2310 2083 2578 2161 dicitur,
2642 2081 2966 2150 proverb.
3026 2104 3213 2159 xxiv,
3286 2082 3371 2148 30
3411 2087 3477 2149 et
3522 2082 3597 2147 31
3652 2101 3668 2149 :
3730 2085 3864 2150 l’et·

2309 2215 2556 2282 ayrum
2596 2192 2891 2259 hominis
2914 2191 3106 2280 piqri
3131 2189 3447 2267 transivi,
3482 2198 3546 2254 et
3577 2213 3704 2279 per
3752 2191 3859 2254 vi-

2308 2324 2503 2368 neam
2536 2302 2668 2368 viri
2701 2300 2903 2366 stulti
2933 2320 2955 2366 .·
2984 2307 3049 2365 et
3075 2320 3217 2366 ecee
3282 2306 3505 2365 totum
3559 2298 3857 2387 repleve-

2310 2416 2467 2476 rant
2524 2409 2778 2486 urticae,
2847 2417 2910 2472 et
2964 2414 3373 2497 operuerant
3425 2405 3855 2495 superficiem

2310 2516 2464 2604 ejus
2488 2517 2727 2606 spinae,
2769 2523 2895 2581 etc.

2399 2760 2432 2799 ι
2468 2737 2560 2803 Et
2620 2736 2926 2823 fecerunt
2988 2735 3323 2820 fructum.
3372 2757 3406 2796 ιι
3441 2729 3569 2800 Hic
3608 2754 3853 2799 secun-

2307 2843 2496 2922 dum,
2538 2841 2793 2910 seilicet
2822 2848 2972 2932 post
3003 2841 3484 2931 praeparatoria
3515 2839 3599 2907 ad
3639 2838 3855 2906 abun·

2307 2951 2633 3028 dentiam,
2678 2952 2980 3040 ipsorum
3023 2947 3363 3016 bonorum
3411 2946 3856 3015 abundantia.

2306 3058 2514 3140 Quasi
2567 3059 2864 3127 diceret:
2928 3056 3043 3124 Sic
3100 3056 3391 3147 parasti:
3456 3084 3490 3120 α
3524 3066 3645 3124 et»
3698 3065 3858 3123 tunc

2314 3197 2346 3231 ι
2382 3170 2688 3257 fecerunt
2715 3169 3048 3255 fructum,
3087 3191 3121 3230 n
3150 3187 3289 3232 non
3320 3187 3850 3256 quemcumque,

2305 3274 2421 3342 sed
2454 3298 2487 3337 ι
2522 3271 2927 3349 nativitatis,
2974 3295 3009 3336 ι
3051 3268 3183 3338 hoc
3231 3279 3358 3347 est,
3421 3268 3705 3344 honum.
3785 3280 3852 3336 et

2303 3389 2822 3472 competentem,
2886 3387 2952 3447 et
3016 3379 3084 3446 in
3142 3376 3589 3457 abundantia,
3650 3381 3844 3471 quasi

2304 3489 2705 3566 naturalem,
2794 3509 2929 3555 non
3044 3486 3474 3578 degenerem.
3561 3486 3840 3555 Zachar.

2306 3622 2449 3677 vni,
2490 3599 2569 3666 ¹2
2596 3620 2612 3665 ε
2643 3599 2884 3666 Semen
2934 3596 3131 3687 pacis
3186 3596 3315 3663 erit
3346 3618 3369 3663 .·
3401 3595 3598 3663 vinea
3656 3595 3853 3664 dabit

2304 3710 2613 3798 fructum
2675 3728 2904 3783 suum,
2972 3713 3036 3770 et
3091 3713 3279 3772 terra
3336 3701 3533 3771 dabit
3575 3726 3850 3795 qen-men

2304 3838 2538 3884 sicum.

2399 3920 2573 3989 Nota
2602 3920 2833 3995 etiam,
2895 3916 3077 4008 quod
3107 3939 3310 4009 agros
3339 3919 3682 3986 seminant
3750 3940 3861 3986 ac·

2311 4030 2429 4099 tivi
2470 4029 2658 4106 boni,
2692 4028 2806 4120 qui
2839 4026 3179 4095 seminant
3204 4047 3414 4116 opera
3473 4026 3865 4093 misericor-

2309 4138 2464 4206 diae.
2501 4135 2556 4204 ll
2624 4135 2710 4204 ad
2737 4131 3047 4204 Corinth.
3084 4156 3176 4218 ix,
3212 4134 3294 4201 6:
3334 4135 3476 4219 Qui
3495 4156 3707 4224 parce
3753 4155 3862 4199 se-

2312 4246 2557 4321 minat,
2578 4264 2791 4335 parce
2816 4249 2879 4307 et
2922 4249 3164 4308 metet:
3189 4242 3314 4331 qui
3369 4250 3600 4308 autem
3664 4242 3864 4308 semi·

2311 4362 2433 4420 nat
2470 4353 2539 4418 in
2615 4345 3209 4426 benedictionibus,
3271 4354 3398 4415 etc.
3473 4345 3577 4415 Ad
3637 4347 3856 4423 Galat.

2311 4484 2408 4541 vi,
2456 4463 2498 4529 8
2542 4481 2559 4528 t
2631 4462 2797 4545 Qua!
2837 4456 3272 4526 seminaverit
3325 4454 3557 4535 homo,
3599 4457 3740 4525 lia’c
3803 4467 3866 4523 et

2312 4577 2535 4637 metet.
2581 4566 2833 4635 vineas
2870 4572 3099 4632 autem
3138 4562 3446 4655 plantant
3498 4562 3659 4632 boni
3698 4587 3868 4632 con-

2311 4676 2715 4769 templativi,
2744 4673 2826 4743 de
2862 4669 3114 4740 vitibus
3144 4671 3436 4764 paradisi
3463 4672 3871 4741 transferen-

2312 4796 2438 4868 tes,
2470 4795 2537 4855 et
2567 4786 2635 4853 in
2667 4792 2842 4851 terra
2871 4778 3094 4850 cordis
3113 4779 3220 4848 sui
3252 4781 3563 4871 figentes,
3598 4803 3681 4848 ex
3721 4781 3870 4871 qui-

2316 4894 2442 4962 bus
2468 4891 2749 4961 eliciunt
2784 4888 3018 4957 vinum
3062 4885 3430 4981 optimum.
3486 4896 3555 4955 et
3589 4885 3859 4955 bibunt.

2316 5001 2447 5083 Qui
2475 4999 2735 5093 plantat
2762 4998 3062 5077 vineam,
3095 5003 3161 5063 et
3187 4994 3273 5065 de
3327 4992 3661 5062 fructibus
3716 4994 3863 5083 ejus

2316 5130 2456 5179 non
2493 5106 2654 5184 edit.
2687 5104 2841 5175 talis
2885 5102 3086 5173 debet
3140 5103 3385 5172 reverti
3442 5101 3512 5168 in
3579 5099 3863 5169 domum

2313 5238 2536 5295 suam,
2561 5216 2632 5283 in
2650 5212 2997 5305 propriam
3010 5208 3524 5286 conscientiam,
3559 5208 3618 5277 si
3648 5207 3872 5277 adhuc

2313 5344 2496 5392 nova
2524 5330 2629 5391 est
2655 5318 3015 5412 plantatio,
3045 5339 3186 5387 non
3217 5316 3314 5384 ire
3383 5314 3470 5383 ad
3524 5313 3782 5384 bellum
3813 5312 3859 5383 ³.

2386 5568 2412 5607 ⁸
2435 5569 2521 5629 Cf.
2546 5569 2783 5627 Denter.
2812 5580 2911 5631 xx,
2932 5565 2988 5616 θ.
