5008 6329
2076 225 2782 296 COMMENTARIUS
2834 226 2925 292 IN
2978 225 3409 298 PSALMUM
3462 228 3602 299 CV.

1236 422 1469 468 coram
1525 402 1694 477 Deo,
1740 399 2077 467 credentes
2132 399 2321 489 quod
2397 398 2609 485 saciet
2666 422 2783 462 vo-

1237 504 1498 572 biscum
1591 505 2128 575 misericordiam
2218 526 2441 569 suam.
2541 503 2774 586 Josue,

1233 636 1352 691 vn,
1414 616 1493 681 19
1538 638 1555 683 :
1629 615 1778 682 Fili
1805 614 1924 690 mi,
1969 611 2060 677 da
2121 609 2425 701 qloriam
2479 615 2777 681 Domino

1231 724 1377 790 Deo
1426 720 1674 799 Israel,
1734 728 1799 787 et
1832 719 2201 809 confitere„
2235 720 2485 788 scilieet
2539 743 2779 810 pecea-

1233 837 1382 896 tum
1415 836 1638 896 tuum.

1324 1173 1356 1207 «
1407 1145 1755 1231 Quoniam
1796 1143 2032 1213 bonus,
2067 1173 2095 1207 n
2141 1143 2269 1209 Hie
2313 1144 2637 1232 supponit
2668 1164 2780 1208 ra-

1185 1258 1199 1272 ‘
1231 1252 1518 1331 tionem,
1562 1252 1634 1318 in
1662 1249 1960 1340 generali
1990 1257 2242 1326 tamen,
2275 1248 2590 1333 [divinam
2647 1249 2777 1315 sci-

1229 1360 1388 1429 lieet
1416 1359 1821 1443 bonitatem,
1870 1380 2076 1449 quam
2138 1357 2427 1424 ostendit
2491 1357 2561 1423 in
2629 1359 2775 1446 ipso

1231 1463 1546 1533 absolute
1573 1463 1822 1554 primo,
1860 1460 2200 1547 Secunde,
2269 1462 2774 1552 comparatione

1229 1572 1314 1639 ad
1345 1571 1543 1652 alios,
1579 1570 1700 1653 ibi,
1756 1599 1787 1631 «
1829 1571 2168 1656 Quoniam
2228 1571 2295 1635 in
2351 1569 2701 1636 saeculum.
2739 1597 2770 1633 ιο

1318 1681 1437 1749 Ait
1465 1684 1651 1749 enim
1687 1703 1704 1748 ε
1740 1679 1854 1748 Sic
1891 1679 2325 1774 confitemini·
2359 1679 2453 1746 illi
2516 1679 2775 1747 confes-

1227 1792 1421 1860 sione
1456 1789 1703 1868 laudis‚
1747 1798 1812 1857 et
1887 1788 2168 1871 debetis,
2214 1817 2249 1853 α
2281 1789 2610 1880 quoniam
2651 1788 2774 1855 bo-

1224 1922 1382 1977 nus,
1447 1925 1482 1961 n
1554 1897 2020 1974 essentialiter,
2099 1905 2164 1966 et
2237 1920 2322 1965 ex
2388 1921 2482 1965 se.
2547 1897 2767 1977 Lucae,

1228 2033 1422 2087 xviii,
1463 2009 1544 2076 ¹9
1590 2030 1606 2075 ε
1650 2007 1861 2075 Nemo
1900 2005 2142 2085 bonus,
2174 2006 2311 2074 nisi
2337 2005 2528 2072 solus
2560 2009 2767 2077 Deus.

1230 2117 1315 2184 Et
1407 2114 1829 2185 confitemini
1913 2114 2332 2183 confessione
2426 2119 2679 2205 peceati
2749 2141 2766 2186 ε

1228 2253 1261 2288 α
1340 2225 1689 2310 Quoniam
1741 2224 1812 2289 in
1892 2222 2221 2290 sarculum
2304 2223 2770 2291 misericordia

1221 2334 1403 2424 ejus.
1468 2359 1503 2399 ι
1572 2332 1849 2399 Bonitas
1913 2330 1997 2398 ad
2062 2340 2436 2399 creaturam
2494 2341 2772 2401 extensa

1223 2453 1350 2523 est,
1381 2451 1460 2510 ut
1505 2441 1824 2511 exhibeat
1880 2440 2432 2509 misericordiam.
2507 2442 2766 2521 Prinm,

1224 2561 1577 2643 peecatum
1609 2550 2036 2618 dimittendo,
2072 2549 2480 2640 Dionysius:
2519 2578 2552 2613 ι
2588 2550 2770 2617 Deus

1222 2690 1254 2723 «
1293 2670 1395 2729 est
1422 2660 1695 2747 bonum,
1715 2656 2177 2738 substantiale,
2211 2659 2390 2748 quod
2423 2658 2503 2725 ad
2539 2659 2769 2726 omnia

1218 2791 1253 2834 ι
1287 2768 1647 2836 existentia
1696 2788 1890 2833 suam
1931 2764 2228 2833 extendit
2283 2765 2679 2833 bonitatem.
2724 2794 2756 2826 ι

1216 2878 1326 2961 Et,
1407 2877 1856 2948 Cassiodorus
1898 2899 1915 2944 τ
1974 2904 2008 2941 α
2078 2876 2561 2955 Misericordia,
2630 2903 2765 2969 qua

1216 3014 1249 3053 ιι
1312 2987 1596 3056 dimittit
1627 2997 1922 3078 peecata.
1964 2987 2165 3053 estin
2210 2984 2558 3062 saeculum,
2619 2996 2767 3054 tan·

1217 3119 1251 3161 (
1294 3093 1452 3163 dem
1492 3093 1580 3162 ad
1605 3094 1895 3188 gloriam
1953 3093 2399 3185 perducendo.
2444 3119 2479 3159 ι
2552 3094 2755 3164 Eccli.

1213 3224 1382 3281 xvn,
1427 3202 1511 3270 27
1548 3222 1567 3270 ε
1606 3199 2115 3290 Glorifieaberis
2161 3203 2234 3269 in
2300 3203 2761 3270 miserationi-

1213 3310 1340 3380 bus
1371 3311 1597 3381 illius.
1653 3311 1939 3404 Propter
1966 3311 2097 3381 hoe
2124 3312 2286 3381 dieit
2311 3312 2347 3380 J
2358 3311 2574 3393 udith,
2609 3335 2753 3389 xm.

1212 3419 1292 3486 21
1336 3437 1355 3485 τ
1392 3417 1840 3507 Confitemini
1867 3418 1987 3487 illi
2012 3441 2264 3500 omnes,
2289 3420 2618 3510 quoniam
2649 3418 2760 3487 bo·

1213 3550 1371 3606 nus,
1416 3529 1753 3619 quoniam
1805 3528 1876 3594 in
1932 3527 2260 3596 saeculum
2293 3529 2758 3596 turber-icordia

1211 3637 1393 3730 ejus.

1311 4005 1348 4042 ιι
1385 3977 1558 4064 Quis
1587 3974 1928 4068 loquetur.
1965 4003 1999 4036 »
2034 3973 2160 4044 nic
2189 3974 2485 4052 tertium,
2523 3979 2591 4045 in
2622 4001 2759 4069 quo

1218 4087 1517 4160 ostendit
1548 4084 1888 4155 laudantis
1917 4084 2461 4155 insufficientiam
2496 4097 2601 4157 :el
2633 4088 2763 4158 hoe

1086 4191 1100 4208 '⁴
1192 4202 1376 4272 ⁴'l'aeit
1403 4196 1799 4293 querendo,
1832 4204 1899 4266 et
1926 4195 2424 4288 respondendo,
2465 4207 2530 4266 el
2560 4223 2765 4268 oran·

1214 4313 1329 4404 do.
1409 4311 1647 4381 Primo
1703 4332 1866 4401 ergo
1932 4309 2331 4400 interrogat.
2389 4310 2444 4377 si
2518 4309 2766 4401 aliquis

1212 4427 1301 4494 sit
1331 4424 1582 4516 dignus
1620 4421 1919 4491 laudare.
1993 4418 2335 4499 Secundo,
2404 4421 2766 4513 respondet

1213 4530 1402 4626 quod
1451 4531 1575 4610 sie,
1642 4528 1898 4600 scilieet
1954 4529 2290 4619 justitiam
2348 4528 2638 4621 implens
2694 4529 2765 4598 in

1216 4660 1454 4731 opere,
1518 4636 1640 4720 ibi,
1708 4645 1772 4714 γ.
1834 4638 1874 4706 3
1906 4657 1925 4705 t
1999 4662 2032 4701 ιι
2093 4637 2296 4706 Beati
2355 4638 2480 4728 qui
2534 4646 2765 4706 custo-

1217 4746 1448 4816 diunt.
1480 4769 1515 4812 ι
1546 4743 1799 4821 Tertio,
1832 4746 1994 4836 quia
2021 4742 2617 4835 justitiam'nullus
2647 4742 2765 4811 lna-

1218 4853 1333 4923 bet
1362 4853 1433 4921 in
1465 4876 1564 4936 se,
1587 4860 1739 4941 orat
1757 4861 1834 4921 ut
1859 4854 1920 4920 ei
1950 4851 2148 4921 detur
2182 4853 2472 4944 justitia,
2509 4862 2578 4920 ut
2611 4876 2763 4944 pos·

1202 4964 1306 5032 -sil
1339 4962 1645 5043 laudare,
1669 4961 1789 5042 ibi,
1820 4969 1884 5039 5.
1910 4962 1951 5029 ⁴·
1986 4984 2004 5031 τ
2039 4988 2072 5027 ι
2109 4964 2448 5032 ΔΙεηιεηὶο
2467 4965 2762 5031 nostri.»

1313 5069 1392 5138 ln
1430 5068 1651 5161 prima
1681 5068 1818 5137 duo
1845 5068 2219 5138 seeundum
2244 5067 2380 5137 duo
2402 5093 2555 5162 quae
2587 5093 2770 5161 quae·

1220 5182 1333 5249 rit.
1366 5178 1634 5263 Primo,
1664 5181 1817 5274 quis
1844 5180 2132 5250 suilieiat
2160 5179 2434 5251 laudare
2461 5180 2767 5251 divinam

1293 5402 1467 5459 ¹Non
1491 5398 1637 5458 mihi
1678 5401 1727 5458 si
1788 5400 2004 5476 lingna
2052 5405 2293 5460 centum
2352 5401 2495 5469 sint,
2543 5417 2767 5474 oraque

1218 5495 1490 5557 centum.

1344 5579 1561 5637 Ferrea
1601 5597 1775 5639 vox...

4366 230 4450 296 83

2888 403 3285 488 potentiam.
3333 401 3676 481 SecundO,
3714 402 3875 469 dicit
3914 399 4275 468 effectuum
4320 421 4449 488 po-

2889 507 3111 573 tentiae
3151 507 3695 597 generalitatem,
3732 508 3852 587 ibi,
3892 531 3926 573 α
3968 505 4289 575 Audita-5.
4330 527 4361 568 »

2976 613 3089 677 Ait
3120 635 3279 702 ergo
3318 635 3331 678 ε
3373 611 3486 680 Sic
3525 615 3766 681 monui
3801 623 3875 682 ut
3918 611 4207 680 laudetis
4241 633 4254 676 :
4326 609 4443 676 sed

2890 749 2921 788 α
2956 724 3110 812 quis
3145 752 3174 784 »
3208 721 3577 802 laudande,
3636 722 4056 807 confitendo,
4112 750 4144 785 «
4207 722 4445 811 loque-

2886 842 2999 898 tur
3021 833 3363 922 potentias
3392 834 3683 900 Domini
3708 830 3723 865 ¹
3754 831 3794 898 Ρ
3818 857 3849 896 10
3896 831 4253 900 Potentius
4284 828 4446 897 dicit

2883 937 2953 1004 in
2975 938 3246 1027 plurali,
3280 948 3559 1029 propter
3581 939 3951 1008 effectuum
3981 937 4442 1006 diversitatem

2884 1066 2924 1110 a
2980 1048 3281 1134 potentia
3321 1048 3744 1114 exeuntium.
3817 1044 4029 1113 Eeeli.
4099 1066 4288 1122 xvm,
4344 1045 4436 1109 4:

2902 1157 3227 1225 Virtutem
3258 1158 3769 1248 magnitudinis
3810 1156 3968 1246 ejus
4013 1156 4170 1247 quis
4215 1177 4442 1222 enun-

2882 1269 3085 1336 tiabit
3155 1268 3193 1335 ?
3231 1269 3512 1338 Etiamsi
3576 1268 3934 1337 intraverit
3965 1269 4118 1359 quis
4149 1269 4219 1333 in
4259 1266 4440 1356 ipsas

2882 1379 3243 1465 potentias,
3277 1378 3450 1445 sieut
3478 1377 3727 1456 David,
3784 1377 3903 1468 qui
3948 1373 4214 1443 dicebat
4258 1396 4273 1440 :
4325 1375 4438 1441 In-

2880 1484 3100 1551 troibo
3159 1487 3228 1551 in
3288 1486 3635 1575 potentias
3713 1485 4004 1552 Domini
4068 1478 4113 1549 ².
4176 1481 4440 1550 Dicitur

2878 1592 3087 1668 enim,
3131 1591 3335 1661 liceli.
3380 1614 3561 1668 xmn,
3598 1592 3678 1659 31
3715 1600 3782 1660 et
3810 1614 3955 1681 seq.
4006 1613 4021 1655 :
4086 1587 4438 1658 Mirabilis

2870 1704 3180 1794 potentia
3219 1705 3457 1794 ipsius.
3526 1704 4015 1790 Glorificantes
4056 1701 4437 1770 Dominum

2876 1819 3214 1899 quantum
3236 1831 3525 1898 eumque
3545 1810 3944 1900 potueruut,
3973 1806 4437 1899 supervalebit

2878 1915 3055 1981 enim
3070 1914 3296 1981 adhuc
3311 1937 3332 1979 .·
3352 1964 3368 1980 .
3381 1964 3398 1980 .
3413 1913 3675 2003 .major
3689 1914 3873 1981 enim
3884 1922 3983 1981 est
3995 1913 4185 1982 omni
4200 1913 4431 1981 laude.

2973 2157 3007 2199 α
3048 2134 3366 2201 Auditos.
3412 2163 3443 2194 a
3478 2133 3609 2201 llic
3646 2132 4049 2203 secundum.
4085 2130 4291 2211 Quasi
4332 2131 4440 2198 di-

2878 2259 3055 2316 ceret
3098 2272 3119 2315 .·
3164 2250 3276 2317 Sic
3305 2249 3591 2339 quiesivi
3626 2249 3780 2339 quis
3818 2248 4140 2338 loquetur
4188 2254 4437 2337 poten-

2876 2360 3004 2425 tias
3042 2362 3077 2426 ?
3114 2360 3357 2448 etquis
3388 2360 3594 2426 etiam
3622 2360 3836 2447 saciet
3856 2356 4167 2440 auditaS,
4204 2383 4239 2423 ι
4285 2356 4435 2424 aliis

2875 2470 3321 2547 enuntiandO,
3369 2498 3398 2530 «ι
3428 2492 3665 2537 onmes
3707 2468 3953 2537 laudes
3999 2467 4156 2557 ejus
4189 2467 4231 2535 ἶ)
4260 2495 4291 2528 »
4366 2467 4433 2533 id

2875 2589 2999 2652 est.
3043 2603 3279 2647 munes
3332 2580 3793 2670 operationeS,
3842 2603 3928 2646 ex
3972 2578 4222 2669 quibus
4281 2577 4431 2644 lau-

2873 2689 3159 2755 dandus.
3226 2686 3427 2755 Eccli.
3501 2709 3696 2765 xviii,
3760 2692 3801 2754 2
3838 2711 3854 2755 :
3929 2688 4101 2771 Quis
4162 2685 4430 2774 sufficit

2872 2819 3197 2864 enarrare
3224 2796 3464 2861 omnia
3492 2816 3702 2885 opera
3734 2792 3939 2861 illius
3974 2792 4015 2860 ?
4046 2792 4179 2859 l‘ro
4209 2792 4428 2859 omni·

2874 2903 2999 2970 ltus
3028 2905 3210 2970 enim
3258 2900 3643 2968 laudandus
3697 2909 3826 2977 est,
3877 2900 4108 2974 eorde.
4169 2923 4312 2978 ore,
4363 2907 4431 2965 et

2869 3033 3073 3100 opere
3115 3031 3132 3078 ε
3168 3008 3305 3076 imo
3346 3017 3493 3075 toto
3523 3007 3757 3092 corde,
3789 3015 3935 3074 toto
3966 3028 4109 3084 ore,
4146 3015 4214 3073 et
4237 3007 4427 3073 omni

2870 3146 3099 3214 opere.

2965 3469 2997 3505 αι
3026 3443 3226 3510 Beati
3269 3443 3393 3531 qui
3409 3442 3833 3509 custodiunt.
3892 3468 3925 3505 ι
3989 3442 4115 3511 llic
4172 3466 4421 3513 secun-

2864 3553 3054 3621 dum.
3091 3556 3159 3619 in
3190 3575 3328 3644 quo
3352 3552 3717 3641 respondet
3754 3551 4147 3622 describens
4177 3552 4423 3623 lauda-

2865 3669 3151 3727 torenna
3180 3659 3473 3734 duobus,
3509 3658 3765 3728 scilicet
3827 3682 3868 3726 a
3930 3669 4115 3728 recto
4162 3660 4423 3748 judicio

2872 3771 3180 3844 rationis.
3220 3781 3286 3837 et
3325 3769 3484 3837 torti
3524 3769 3929 3861 impletione
3960 3771 4122 3838 honi
4173 3771 4425 3863 operis,

2871 3881 2991 3956 ibi.
3037 3906 3070 3945 ι
3104 3883 3196 3948 ΕΙ
3233 3883 3535 3970 jaciunt.
3582 3907 3617 3947 ι

2964 3992 3133 4061 Dicit
3175 4016 3339 4082 ergo
3375 4014 3392 4059 ε
3438 3991 3551 4059 Sic
3583 3992 3868 4083 quesivi
3906 4014 3922 4059 ε
3967 3992 4140 4074 Quis
4195 3994 4432 4086 loque·

2869 4113 3005 4182 tur,
3074 4111 3138 4170 el
3193 4103 3349 4194 quis
3404 4101 3675 4173 auditas
3722 4102 3925 4173 faciet
3971 4104 4207 4174 laudes
4254 4105 4432 4175 Dei?

2870 4209 3273 4302 Respondeo
3310 4232 3326 4277 ε
3363 4237 3398 4272 α
3443 4211 3585 4295 Qui
3609 4211 4039 4295 custodiunt,
4077 4240 4111 4275 ιο
4144 4214 4431 4283 interius

2867 4316 3226 4408 diligenter
3280 4316 3799 4408 perscrutando,
3874 4347 3909 4380 α
3967 4318 4355 4410 judicium,
4393 4347 4428 4387 ι

2869 4427 3030 4518 quid
3062 4427 3315 4495 scilicet
3344 4426 3719 4514 agendum,
3762 4428 3931 4520 quid
3997 4430 4424 4520 fugiendum.

2873 4532 3052 4602 Psal.
3117 4556 3272 4614 ινιι,
3350 4535 3419 4617 2,
3487 4556 3698 4625 supra
3741 4556 3759 4603 :
3811 4537 4022 4604 Recta
4074 4535 4424 4626 judicate,

2867 4640 3014 4730 filii
3048 4641 3430 4708 hominum.

2969 4882 3000 4915 ι
3023 4855 3119 4921 Ee
3163 4852 3517 4942 saciant.»
3559 4852 3736 4923 Eece
3774 4854 4183 4926 secundum.
4227 4884 4264 4921 α
4299 4860 4434 4929 Ju-

2871 4960 3134 5027 stitiam
3168 4962 3237 5028 in
3276 4962 3465 5029 omni
3491 4970 3891 5053 tempore:-
3939 4961 4195 5033 scilieet
4232 4988 4436 5036 exse-

2873 5076 3176 5157 quuntur
3220 5067 3289 5135 in
3343 5089 3549 5159 opere
3578 5066 3768 5159 quod
3807 5066 4195 5138 laciendum
4260 5070 4434 5159 judi·

2868 5184 3201 5244 caverunt
3237 5176 3307 5243 in
3336 5182 3593 5244 mente.
3625 5173 3800 5245 Tob.
3832 5197 3977 5256 xiv,
4016 5178 4089 5245 1¹
4133 5199 4150 5245 :
4230 5178 4435 5247 Filiis

2945 5404 2968 5441 ⁸
2999 5404 3155 5462 l‘sal.
3197 5421 3326 5472 ux,
3371 5407 3458 5459 ¹5.
