5008 6329
615 279 740 345 348

613 468 740 512 nus
804 445 1314 537 apprehendens
1387 470 1675 514 manum
1760 457 1980 527 tuam,
2052 448 2163 525 Et,

609 574 760 630 ΜΝ,
809 556 838 619 1
880 575 893 619 :
938 555 1101 620 Haec
1138 553 1305 620 dicit
1338 556 1679 623 Dominus
1725 557 1976 623 clzristo
2016 577 2164 621 meo

614 659 812 749 Cyre,
872 657 1077 746 cujus
1141 661 1563 750 apprehendi
1638 664 2018 740 dexteram,
2089 671 2164 727 ut

584 764 979 853 'subjiciam
1019 778 1176 834 ante
1201 770 1454 859 sociem
1494 771 1650 859 ejus
1674 778 1929 859 flentes.

698 1110 732 1151 α
765 1087 900 1154 Per
927 1086 1108 1152 diem
1134 1083 1264 1151 sol.
1299 1110 1327 1145 n
1382 1084 1510 1151 Hic
1533 1083 1936 1162 secundum,
1973 1083 2159 1173 quod

606 1193 898 1261 custodit
968 1191 1223 1261 scilicet
1286 1191 1667 1281 diligenter.
1751 1193 1838 1261 Et
1898 1194 2151 1284 primo,

601 1301 761 1392 quia
796 1299 1087 1368 custodit
1117 1301 1188 1367 in
1227 1303 1697 1391 prosperitatis
1727 1302 1858 1370 die.
1898 1299 2156 1370 Secun-

595 1407 708 1487 do,
750 1407 934 1498 quod
974 1409 1042 1476 in
1073 1408 1501 1477 adversitatis
1532 1418 1756 1493 nocte,
1790 1409 1912 1490 ibi,
1942 1434 1976 1475 α
2009 1410 2154 1477 Νε-

589 1540 718 1607 que
748 1518 943 1586 luna.
991 1546 1024 1580 n

673 1627 850 1694 Dicit
887 1650 1050 1718 ergo
1111 1648 1127 1695 z
1195 1625 1309 1694 Sic
1374 1626 1676 1694 custodit
1731 1627 2020 1705 fortiter,
2080 1633 2146 1695 et

582 1735 784 1802 etiam
840 1733 989 1823 ipso
1050 1740 1475 1825 protegente,
1548 1739 1617 1801 et
1683 1733 2137 1815 custodiente,

584 1868 619 1905 α
672 1840 804 1920 sol,
877 1864 909 1904 ιι
974 1839 1173 1908 malae
1242 1840 1831 1934 concupiscentiae,
1907 1865 1940 1905 α
2001 1863 2140 1908 non

581 1955 727 2014 u‘ret
764 1954 851 2029 te,
911 1971 944 2009 ιο
985 1944 1246 2014 bonum
1288 1947 1520 2036 gratioe
1577 1946 2007 2024 desiccando‚
2053 1945 2141 2013 ad

576 2059 923 2143 peccatum
1013 2053 1536 2134 inflammando,
1606 2055 1785 2121 sicut
1858 2053 1982 2136 illi,
2054 2053 2136 2121 de

579 2160 850 2253 quibus,
884 2159 1123 2230 Matth.
1168 2184 1313 2245 xm,
1357 2162 1397 2228 6
1443 2161 1653 2231 :Sole
1691 2171 1924 2230 autem
1955 2171 2128 2241 orto,

576 2270 1138 2360 concupiscentiae
1169 2270 1485 2350 carnalis,
1516 2279 2004 2339 aestuaverunt.
2050 2270 2135 2337 Et

578 2376 705 2447 hoc
746 2404 779 2444 α
801 2402 935 2472 per
962 2379 1171 2459 diem,
1214 2409 1246 2441 »ι
1286 2380 1684 2472 temporalis
1710 2380 2166 2471 prosperita·'

573 2488 700 2555 tis:
743 2487 826 2556 de
866 2511 1031 2580 quo,
1067 2486 1273 2556 Eccli.
1323 2511 1419 2566 xi,
1454 2490 1538 2557 27
1576 2512 1591 2556 :
1648 2489 1731 2556 In
1775 2488 1888 2557 die
1917 2487 2134 2557 bono-

574 2618 728 2663 rum
766 2620 851 2664 ne
888 2597 1253 2665 immemor
1284 2598 1382 2664 sis
1418 2596 1793 2665 malorum.

663 2729 696 2770 ι
728 2705 961 2795 Neque
989 2704 1186 2784 Iuno,
1222 2732 1253 2768 ι
1289 2704 1497 2773 timor
1525 2704 1703 2774 male
1727 2704 2126 2785 humilianS,

574 2821 636 2881 et
693 2811 1078 2883 instabilem
1146 2813 1454 2880 animum
1532 2813 1845 2882 reddens.
1916 2811 2125 2882 Eccli.

571 2941 781 2998 xxvn,
831 2920 909 2986 ¹2
944 2940 960 2985 ε
1003 2918 1284 2988 Stultus
1350 2920 1528 2988 sicut
1569 2920 1743 2988 luna
1783 2929 2125 2988 mutatur.

580 3055 613 3088 α
663 3027 798 3093 Per
859 3034 1148 3105 noctem,
1212 3051 1245 3091 ιο
1304 3025 1758 3109 adversitatis,
1820 3026 1903 3095 de
1963 3049 2128 3119 qua,

574 3133 902 3217 Proverb,
942 3156 1131 3216 xxxi,
1172 3134 1253 3202 18
1299 3155 1316 3201 τ
1360 3136 1512 3204 Non
1551 3136 2033 3226 exstinquetur
2057 3135 2129 3204 in

575 3252 766 3310 nocte
791 3241 1072 3311 lucerna
1091 3242 1272 3333 ejus.

666 3348 820 3435 Vel,
868 3350 970 3418 sol
1018 3348 1400 3442 appellatur
1435 3351 1782 3430 divinitas,
1845 3374 1998 3444 quae
2028 3358 2131 3420 est

577 3458 717 3540 lux,
761 3460 901 3526 imo
954 3458 1110 3526 finis
1166 3458 1376 3527 totius
1438 3459 1745 3540 luminis,
1805 3467 1872 3527 et
1927 3459 2126 3528 lucis.

577 3563 604 3631 l
632 3565 833 3634 Joan.
859 3567 955 3651 1,5
991 3588 1007 3634 ε
1036 3566 1225 3634 Deus
1247 3564 1377 3633 Ius
1403 3576 1525 3646 est,
1553 3577 1618 3635 et
1642 3566 1930 3636 tenebre.
1962 3568 2032 3635 in
2054 3590 2129 3635 eo

571 3696 706 3741 non
756 3683 921 3742 sunt
976 3668 1168 3740 uttae.
1214 3671 1373 3742 Dies
1428 3672 1635 3764 hujus
1683 3672 1848 3744 solis
1886 3684 1990 3744 est
2018 3698 2129 3743 sa-

574 3782 853 3875 pientia.
882 3779 1045 3861 soh,
1080 3803 1127 3866 ι,
1147 3781 1224 3849 4:
1261 3780 1466 3849 Ibant
1491 3781 1639 3871 filii
1663 3782 1847 3875 ejus,
1870 3782 2130 3852 scilicet

574 3889 730 3968 Joh.
773 3900 837 3959 et
870 3889 1225 3981 jaciebant
1259 3891 1646 3959 convivium
1694 3915 1824 3986 per
1861 3892 2124 3971 domos,

579 4000 1042 4092 unusquisque
1063 4000 1134 4067 in
1155 3999 1268 4066 die
1300 4023 1450 4068 suo.
1488 4000 1751 4071 Sensus
1780 4024 1946 4094 ergo
1976 4008 2123 4071 est:

576 4106 818 4176 Christi
859 4106 1180 4177 divinitas
1226 4130 1360 4176 non
1407 4117 1473 4178 te
1516 4110 1858 4202 opprimet
1908 4110 1977 4178 in
2018 4108 2128 4180 die

573 4217 947 4308 sapientiai,
979 4239 1136 4286 cum
1177 4215 1480 4285 divinam
1520 4219 1825 4311 inquires
1864 4221 2133 4311 sapien·

575 4326 765 4404 tiam,
797 4324 971 4393 sicut
1002 4323 1186 4406 illos,
1218 4324 1302 4393 de
1331 4324 1581 4417 quibus
1626 4326 1898 4407 dicitur,
1945 4325 2130 4396 Pro-

572 4427 760 4498 verh.
798 4451 957 4512 xxv,
991 4432 1075 4499 27
1114 4453 1130 4499 ε
1178 4430 1319 4515 Qui
1347 4441 1695 4500 scrutator
1737 4443 1837 4501 est
1892 4432 2129 4524 maje-

573 4536 811 4619 statis„
837 4536 1268 4628 opprimetur
1305 4561 1352 4605 α
1376 4537 1634 4628 qloria.
1655 4539 1848 4610 Luna
1886 4541 2122 4627 etiam,

572 4643 820 4713 Christi
848 4667 1031 4716 cero.
1076 4645 1340 4718 Cantic.
1393 4669 1488 4733 vl,
1539 4650 1580 4715 9
1644 4671 1660 4717 :
1705 4648 2018 4719 Pulchra
2048 4660 2128 4752 ut

649 4908 875 4968 ¹Deest
910 4909 971 4967 in
1030 4906 1296 4968 editione
1343 4908 1722 4983 Lugdunensi
1774 4915 1835 4969 et
1881 4908 1944 4966 in
1968 4908 2121 4966 mss.

578 5016 710 5072 quie
745 4997 821 5056 ad
878 5014 1126 5056 menum
1165 4995 1486 5056 habuimus
1534 4999 2009 5058 commentarius
2059 4995 2123 5053 in

1628 281 1713 348 D.
1768 279 1969 349 ALB.
2020 277 2241 348 MAG.
2285 277 2491 347 ORD.
2544 277 2840 344 PRAED.

2275 449 2470 528 luna,
2507 446 2716 513 electa
2769 455 2844 511 ut
2879 444 3007 512 sol.
3054 443 3346 511 Pulchra
3400 451 3477 511 ut
3512 444 3697 523 luna,
3748 445 3818 510 in

2272 552 2676 618 nativitate:
2722 550 2931 618 electa
2962 559 3032 617 ut
3073 550 3197 627 sol,
3254 553 3320 617 in
3371 552 3818 620 resurrectio-

2270 679 2379 724 ne.
2425 648 2580 724 Nox
2610 665 2836 725 autem
2868 658 3165 746 cognitio
3206 657 3623 747 imperfecta.
3679 656 3818 724 Su-

2265 786 2413 853 pra,
2458 764 2528 831 in
2577 763 2753 832 Psal.
2792 787 2976 840 xvm,
3015 766 3054 833 3
3090 787 3105 831 :
3138 767 3297 834 Nox
3341 765 3524 831 noeti
3553 764 3815 832 indicat

2262 872 2640 939 scientiam.
2688 869 2940 939 Sensus
2973 894 3133 962 ergo
3174 880 3274 940 est
3307 894 3322 939 ε
3362 897 3395 937 α
3428 873 3661 962 Neque
3702 872 3818 938 lu-

2265 1002 2381 1058 na,
2421 1004 2453 1044 ιι
2488 978 2557 1045 id
2588 985 2710 1062 est,
2746 977 2993 1046 Christi
3032 1001 3212 1059 caro,
3258 1003 3291 1044 «
3327 989 3477 1046 uret
3504 988 3591 1058 te,
3631 1006 3664 1041 »
3698 1001 3813 1047 er-

2264 1110 2413 1156 rare
2477 1095 2543 1156 te
2597 1088 2794 1156 faciet
2858 1111 2976 1178 per
3063 1097 3330 1157 noctem
3396 1088 3808 1179 cognitionis

2263 1195 2705 1285 aenigmaticoe
2735 1201 2801 1262 et
2855 1195 3186 1263 obscurae.
3249 1195 3279 1261 I
3348 1194 3432 1261 ad
3491 1192 3799 1263 Corinth.

2259 1325 2405 1382 xm,
2445 1303 2524 1368 12
2570 1324 2584 1369 :
2633 1302 2946 1369 Videmus
2975 1325 3155 1370 nunc
3171 1325 3299 1393 per
3332 1303 3691 1394 speculum
3730 1305 3802 1368 in

2253 1411 2620 1499 aeniqmate
2648 1433 2671 1476 .·
2747 1417 2815 1477 et
2858 1432 2997 1477 non
3045 1432 3376 1490 erramuS,
3418 1409 3540 1478 sed
3588 1409 3804 1500 magis

2253 1539 2764 1609 promovemur.
2834 1515 2897 1581 ΙΙ
2955 1517 3038 1584 ad
3096 1516 3402 1586 Corinth.
3462 1540 3561 1598 111,
3630 1517 3708 1583 18
3778 1539 3796 1583 τ

2256 1625 2315 1691 Τ
2308 1624 2862 1714 ranssormamur
2914 1647 2956 1689 a
3013 1622 3331 1691 claritate
3379 1625 3452 1691 in
3505 1623 3800 1690 clarita-

2250 1742 2412 1811 tem,
2449 1742 2809 1822 tamquam
2839 1756 2882 1799 α
2915 1734 3197 1800 Domini
3215 1732 3512 1823 Spiritu.

2337 2074 2371 2110 «
2429 2047 2771 2115 Dominus
2826 2046 3166 2114 custodiat
3230 2047 3587 2115 introitum
3641 2048 3687 2115 ¹.
3744 2072 3775 2110 n

2241 2151 2369 2222 Hic
2423 2153 2821 2237 seeundum,
2884 2155 2951 2221 in
3018 2177 3153 2245 quo
3208 2153 3547 2244 specificat
3612 2175 3790 2245 quo-

2242 2259 2446 2328 modo
2479 2262 2643 2351 petit
2680 2261 3028 2341 custodiri,
3082 2262 3240 2352 quia
3286 2269 3782 2340 consummate,

2239 2375 2308 2436 et
2350 2368 2640 2459 perfecte
2688 2391 2706 2436 z
2763 2369 2921 2460 quia
2951 2369 3173 2458 primo
3211 2371 3380 2460 petit
3419 2370 3642 2460 ipsum
3673 2391 3789 2437 cu-

2238 2475 2478 2544 stodiri
2519 2476 2591 2544 in
2621 2477 2839 2562 initio,
2873 2484 2939 2545 et
2971 2478 3037 2544 in
3090 2476 3220 2546 fine
3258 2477 3587 2569 cujusque
3618 2499 3789 2567 ope-

2238 2582 2332 2650 ris
2394 2605 2410 2650 :
2470 2590 2547 2651 ut
2605 2611 2638 2646 «
2700 2582 2897 2652 bonis
2960 2584 3333 2675 principiiS,
3393 2583 3571 2653 sicut
3626 2581 3788 2651 dicit

2242 2688 2511 2770 Glossa,
2572 2690 2735 2759 boni
2787 2691 3008 2759 exitus
3066 2690 3545 2783 adjungantur.
3584 2715 3620 2756 ι
3666 2689 3787 2758 Se·

2241 2796 2492 2877 cund0,
2520 2806 2874 2889 perpetuo,
2900 2797 3017 2877 ibi,
3055 2827 3088 2860 ι(
3124 2800 3241 2866 Eo:
3267 2798 3394 2866 hoe
3419 2821 3624 2867 nune.
3653 2822 3689 2863 ι

2326 2907 2444 2976 Ait
2476 2929 2639 2998 ergo
2683 2929 2699 2976 :
2751 2906 2865 2976 Sic
2908 2907 3098 2998 petii,
3151 2915 3225 2974 ut
3263 2905 3600 2975 custodiat
3645 2904 3790 2972 ani·

2238 3037 2449 3099 mam,
2508 3014 2624 3084 sed
2663 3017 2759 3083 sic
2795 3014 3153 3097 custodiat,
3214 3022 3290 3083 ut
3348 3040 3381 3080 α
3443 3014 3786 3084 Dominus

2234 3122 2582 3194 custodiat
2610 3123 2966 3192 introitum
2997 3131 3220 3203 tuum,
3261 3147 3289 3185 ιι
3333 3121 3404 3190 in
3443 3144 3618 3214 opus
3664 3118 3787 3188 bo-

2235 3254 2431 3312 num,
2467 3256 2503 3298 ι
2544 3241 2609 3299 et
2635 3233 2895 3301 exitum
2927 3241 3151 3315 tuum,
3186 3256 3222 3297 ι
3264 3229 3350 3298 ab
3390 3230 3507 3299 illo
3547 3251 3779 3321 opere.

2236 3336 2268 3405 1
2307 3337 2477 3429 neg.
2512 3361 2703 3422 xxix,
2737 3340 2777 3406 6
2820 3360 2837 3405 :
2881 3339 3139 3407 Exitus
3167 3346 3231 3405 et
3259 3339 3583 3407 introitus
3621 3347 3784 3408 tuus

2238 3467 2500 3514 mecum
2531 3455 2651 3515 est.
2681 3445 2883 3515 Joan.
2924 3467 2994 3526 x,
3036 3448 3077 3511 9
3138 3467 3155 3514 ε
3206 3447 3344 3514 Per
3380 3467 3486 3513 me
3518 3445 3584 3513 si
3626 3448 3783 3537 quis

2233 3555 2602 3639 introierit,
2637 3552 3054 3634 salvabitur,
3105 3563 3169 3621 et
3209 3553 3653 3644 ingredietur,
3695 3552 3782 3623 ad

2235 3665 2704 3757 operationem
2743 3662 2995 3731 bonam
3030 3685 3047 3731 ε
3095 3673 3159 3730 et
3204 3662 3611 3753 egredietur,
3654 3670 3784 3730 ter·

2235 3772 2563 3842 minando
2610 3772 2825 3864 ipsam
2870 3793 2885 3838 :
2931 3780 2997 3839 et
3028 3793 3298 3863 pascuo
3346 3770 3661 3848 inveniet,
3710 3769 3782 3838 in

2235 3878 2557 3950 omnibus
2611 3876 3156 3957 delectationem,
3228 3882 3294 3943 et
3358 3874 3781 3968 spiritualem

2236 3988 2700 4059 reiectionem.
2742 3985 3030 4078 Apocal.
3065 4009 3111 4054 1.
3147 3986 3188 4053 8
3229 4008 3246 4053 ε
3291 3986 3443 4076 qu
3477 4006 3634 4052 sum
3661 3983 3785 4053 Al-

2228 4097 2374 4190 plta
2430 4106 2496 4165 et
2563 4095 2845 4186 Omeqa,
2897 4093 3319 4186 principium
3376 4101 3441 4159 et
3500 4091 3689 4181 finis.

2322 4204 2408 4273 Et
2436 4203 2571 4273 hoc
2597 4202 2796 4271 iaciat
2828 4225 2967 4270 «ex
2991 4201 3121 4269 leoc
3154 4222 3337 4269 nunc
3370 4209 3438 4269 et
3473 4220 3687 4291 usque
3709 4199 3780 4267 in

2229 4308 2629 4394 soeeulunt,»
2648 4307 2718 4377 id
2736 4316 2861 4387 est,
2882 4328 3151 4398 semper
3167 4306 3265 4375 sic
3294 4315 3357 4374 te
3393 4312 3778 4390 conservet,

2232 4426 2309 4488 ut
2348 4418 2627 4510 impleat
2656 4415 2818 4485 illud
2863 4412 3104 4484 Matth.
3137 4436 3376 4499 xxvm,
3417 4414 3504 4481 20
3539 4434 3554 4480 :
3607 4414 3782 4481 Ecce

2230 4549 2356 4618 eqo
2392 4525 2735 4595 vobiscum
2770 4546 2925 4593 sum
2965 4544 3176 4615 usque
3212 4521 3311 4589 ad
3341 4541 3781 4590 consumma-

2231 4635 2484 4703 tionem
2509 4630 2767 4702 soeculi.
2804 4629 3006 4711 Quod
3042 4626 3241 4698 nobis
3258 4626 3611 4713 concedat,
3643 4633 3772 4697 etc.

2230 4899 2286 4972 5.
2324 4903 2376 4958 ἵ.
2403 4902 2490 4960 Cf.
2521 4902 2851 4960 Comment.
2880 4899 2940 4957 in
2972 4898 3027 4969 ᾗ.
3059 4900 3113 4954 5.
