5008 6329
465 4552 594 4622 ⁰4

725 366 854 432 292
1735 363 1816 428 D.
1870 364 2067 430 ALB.

722 563 956 620 n03,...
983 565 1123 610 ecce
1150 564 1332 607 nunc
1349 534 1657 630 proedico
1690 535 1817 603 tibi
1843 535 2033 627 quod
2058 535 2284 603 omni-

723 671 809 714 no
841 650 1206 739 dis-pereo&
1251 647 1549 738 Propter
1593 644 1726 714 hoe
1763 646 2028 726 dieitur,
2071 643 2275 711 Eeeli.

723 784 865 843 xw,
916 761 1000 825 22
1058 782 1072 825 ε
1132 760 1393 826 Beatus
1459 757 1567 822 vir
1631 756 1878 846 qui'in
1941 752 2281 843 sapientia

723 865 1133 943 morabitur,
1169 869 1335 935 etin
1362 864 1679 955 justitia,
1739 861 1808 928 id
1846 869 1971 945 est,
2022 862 2091 925 in
2134 858 2279 948 lege

714 974 1024 1065 justitiae,
1056 974 1536 1043 meditabitur.
1582 968 1832 1059 Legem
1866 975 2092 1034 autem
2123 966 2281 1033 dicit

723 1083 953 1164 fidem,
997 1083 1170 1151 sieut
1207 1083 1358 1152 vult
1380 1076 1649 1155 Glossa,
1692 1095 1812 1164 per
1845 1073 2279 1143 dilectionem

728 1201 1124 1286 operantem
1165 1194 1210 1257 ¹.

820 1535 854 1576 α
895 1511 981 1578 111
1039 1520 1372 1578 εειενηιιηι
1429 1527 1569 1572 non
1625 1502 2011 1571 obliviscar.
2068 1528 2100 1562 »
2154 1499 2280 1567 llic

727 1620 1065 1710 promittit
1137 1642 1209 1688 se
1287 1621 1722 1686 servaturum
1797 1611 1867 1676 in
1949 1607 2280 1675 memoria

723 1725 947 1817 legem
984 1734 1126 1794 tam
1155 1726 1397 1794 utilem
1425 1745 1440 1789 :
1479 1727 1547 1787 et
1578 1717 1893 1785 dicuntur
1922 1715 2081 1784 du0.
2128 1713 2283 1780 Pri-

719 1857 860 1916 mo,
932 1835 1325 1927 promissio.
1392 1825 1740 1905 Secundo,
1823 1824 1994 1891 ratio
2071 1843 2279 1913 quare

724 1946 820 2013 sie
840 1942 1176 2034 implebit,
1218 1942 1341 2019 ibi,
1381 1966 1411 2003 ιι
1447 1935 1632 2019 Quia
1672 1934 1743 2000 in
1782 1933 1973 2024 ipsis.
2011 1956 2044 1996 ιι

805 2051 988 2120 Dicit
1030 2071 1194 2140 ergo
1239 2071 1255 2116 :
1313 2047 1432 2114 Sic:
1494 2040 1845 2109 meditatio
1889 2038 2056 2129 legis
2112 2059 2282 2104 eon-

716 2159 1014 2228 servavit
1043 2180 1153 2226 me
1183 2180 1222 2225 a
1250 2149 1588 2247 pericuIO,
1633 2156 1700 2215 et
1728 2170 1854 2238 ego
1885 2175 1919 2212 α
1947 2148 2018 2214 in
2081 2156 2282 2213 :eter-

714 2290 884 2335 num
922 2289 1059 2333 non
1098 2264 1499 2339 obliviscar,
1543 2285 1576 2318 ιι
1642 2254 1712 2322 id
1749 2263 1872 2333 est,
1952 2252 2280 2344 quamdiu

714 2376 978 2457 vixero,
1010 2372 1144 2442 hoe
1192 2379 1292 2440 est
1373 2368 1562 2436 enim
1621 2384 1851 2431 meum
1916 2369 2274 2442 aeternum,

718 2507 751 2547 ι
801 2478 1349 2570 justificationes
1408 2481 1593 2548 tuaS,
1651 2494 1681 2531 ιι
1760 2468 2098 2557 antiquas„
2160 2464 2278 2531 sed

717 2584 1144 2678 evangelicas
1183 2579 1541 2652 eharitatis
1577 2597 1594 2644 ε
1631 2600 1664 2640 ι
1717 2576 1787 2641 in
1851 2582 2202 2649 «eternum,
2234 2598 2264 2634 ιι

714 2694 988 2785 proprie
1016 2689 1379 2760 sumend0.
1421 2685 1445 2752 Ι
1493 2682 1579 2751 ad
1628 2679 1931 2749 Corinth.
1976 2702 2119 2759 xm,
2171 2683 2211 2744 8
2259 2701 2273 2746 ε

719 2802 1043 2871 Charitas
1114 2816 1505 2890 numquam
1599 2788 1875 2857 excidit.
1942 2785 2270 2855 l‘roverb.

714 2929 813 2987 ιιι,
880 2908 968 2975 1:
1032 2905 1177 2974 Fili
1220 2905 1346 2985 mi,
1395 2919 1534 2966 uon
1613 2892 2039 2961 obliviscaris
2108 2891 2278 2980 Ieyis

712 3036 901 3094 meze,
944 3021 1008 3080 et
1039 3018 1386 3104 pra-cepta
1445 3024 1600 3071 mea
1645 3022 1761 3067 cor
1804 3007 2003 3066 tuum
2049 3007 2279 3065 custo-

714 3123 889 3191 diat.
929 3120 1061 3190 Isa.
1119 3140 1305 3197 xmx,
1359 3116 1455 3193 3:
1506 3111 1759 3180 Servus
1821 3128 2011 3174 meus
2049 3128 2115 3173 es
2169 3114 2272 3185 tu,

711 3231 961 3311 Israel,
1012 3252 1154 3299 non
1231 3220 1669 3296 oblivisceris
1739 3218 1898 3285 mei.
1959 3214 2045 3283 Et
2088 3224 2273 3297 tuas,

711 3342 961 3432 inquit,
1008 3360 1149 3407 non
1205 3356 1426 3405 meas.
1487 3325 1816 3397 l'roverb.
1871 3347 1964 3403 1x,
1998 3325 2083 3389 20
2127 3339 2145 3389 :
2196 3321 2279 3386 Si

703 3448 1104 3541 justificare
1161 3469 1270 3514 me
1338 3440 1651 3517 voluero,
1703 3457 1776 3502 os
1832 3454 2053 3501 meum
2111 3453 2278 3498 con-

715 3553 1070 3624 demnabit
1107 3576 1238 3622 me.

807 3692 841 3729 α
879 3664 1062 3749 Quia
1092 3662 1165 3730 in
1191 3660 1385 3754 ipsis.
1410 3682 1448 3722 ι
1484 3653 1654 3721 Dece
1687 3652 1884 3727 rati0,
1905 3669 2112 3738 quare
2135 3668 2273 3713 non

716 3772 1025 3843 oblisiscn
1054 3771 1285 3865 petit
1332 3792 1369 3833 ι
1429 3762 1614 3848 Quia
1658 3759 1729 3827 in
1779 3758 1967 3849 ipsis,
2008 3781 2044 3818 ιι
2067 3753 2275 3844 Justi-

715 3880 1148 3951 ficationibus
1175 3880 1340 3956 tuis,
1388 3901 1422 3936 n
1460 3866 1828 3958 vivificasti
1881 3886 2009 3940 me,
2056 3887 2092 3924 ιι
2134 3882 2272 3928 ιιοῐι

715 3990 876 4082 quia
912 3986 1107 4066 scivi,
1139 3984 1260 4053 sed
1289 3979 1459 4076 quia
1498 3975 1651 4044 feei.
1711 3972 1989 4039 Deuter.
2040 3991 2134 4045 tv,
2181 3969 2268 4035 1;

710 4097 904 4168 Audi
950 4100 1349 4189 praecepta„
1363 4139 1414 4158 ..
1473 4092 1553 4151 ut
1590 4080 1853 4172 faciens
1905 4101 2010 4157 ea,
2053 4077 2266 4159 vivas,

713 4216 840 4277 ete.
882 4204 1049 4275 Lue.
1091 4226 1163 4287 x,
1192 4202 1280 4272 28
1314 4222 1333 4268 :
1368 4197 1522 4269 lloc
1555 4194 1700 4284 sac,
1733 4198 1797 4259 et
1843 4189 2045 4257 nites.

803 4560 838 4603 ι
874 4536 1059 4604 Tuus
1083 4553 1240 4600 sum
1277 4521 1661 4621 eqo.»11ic
1697 4518 2000 4602 tertium,
2032 4518 2103 4585 in
2131 4539 2268 4609 quo

708 4647 930 4749 petit.
972 4650 1040 4714 et
1075 4643 1404 4711 dicuntur
1446 4632 1613 4702 duo.
1675 4629 1936 4710 Primo,
2001 4628 2265 4721 petitio.

709 4751 1054 4832 Secunde,
1103 4749 1378 4818 additur
1425 4740 1660 4810 statim
1709 4737 2086 4830 persuasio,
2144 4734 2264 4816 ibi,

708 4887 742 4929 ι
788 4860 1132 4948 Quoniam
1151 4849 1802 4962 justificationes.»

789 4961 968 5029 Dicit
999 4978 1214 5050 ergo
1251 4953 1396 5031 Sic,
1435 4947 1757 5026 Domine,
1817 4944 1927 5013 lex
1977 4953 2092 5014 tua
2155 4965 2266 5011 me

700 5068 1133 5139 conservavit
1198 5063 1563 5141 meditata,
1606 5056 1979 5125 vivificavit
2033 5063 2269 5124 eusto-

701 5179 867 5259 dita,
909 5185 979 5247 et
1028 5183 1311 5269 propter
1366 5170 1507 5241 hoe
1565 5189 1762 5260 rogo,
1823 5166 1938 5257 qui
2007 5192 2043 5230 ιι
2103 5175 2267 5233 tutes

696 5308 850 5355 sum
884 5312 920 5350 ιι
953 5282 1422 5377 singulariter,
1455 5297 1599 5345 non
1627 5273 1952 5366 plurium.
2017 5270 2260 5341 Manli.

696 5417 795 5477 vx,
846 5392 986 5462 24:
1043 5393 1260 5461 Nemo
1308 5392 1546 5483 potest
1609 5380 1879 5451 duobus
1966 5379 2266 5447 dominis

697 5500 974 5570 servire.
1005 5497 1315 5590 Sapient.
1357 5517 1459 5573 ιι,
1503 5492 1544 5561 5
1582 5512 1600 5559 :
1641 5491 1892 5561 Servus
1921 5497 2085 5556 tuus
2107 5507 2262 5554 sum

776 5734 904 5790 ¹Cs.
936 5730 1007 5789 ad
1041 5731 1211 5788 Galat
1257 5746 1313 5797 v,
1344 5732 1384 5784 6
1468 5725 1629 5782 Fides
1656 5740 1787 5798 quoe
1805 5741 1912 5796 per
1928 5722 2257 5779 charitatem

2123 358 2340 427 MAG.
2395 357 2599 426 ORD.
2654 357 2948 425 PRAED.

2391 554 2538 619 eqo,
2599 541 2662 596 et
2713 532 2910 620 filius
2959 531 3234 599 ancillae
3289 541 3446 599 tuae.
3495 531 3681 598 Tuus
3739 532 3943 599 etiam

2390 660 2540 704 suni
2572 637 2966 728 simpliciter
2994 648 3060 707 et
3098 639 3437 720 absolute,
3483 647 3549 706 et
3567 639 3721 727 jure
3755 661 3948 705 erea-

2390 745 2617 823 tionis,
2648 753 2711 810 et
2727 746 2881 832 jure
2904 747 3361 813 recreationis,
3390 744 3724 813 Ezechiel.
3749 768 3940 824 xvnt,

2391 854 2430 918 4
2467 876 2482 919 :
2516 855 2687 920 Ecce
2723 876 2951 920 omnes
2990 855 3238 921 animae
3270 876 3434 920 meae
3452 862 3636 921 sunt.
3674 853 3780 920 Ad
3801 853 3945 919 Ro-

2391 981 2571 1026 man.
2634 983 2774 1040 xlv,
2814 962 2892 1027 18
2930 983 2945 1026 :
2981 961 3138 1029 Sive
3175 961 3497 1045 vivimuS,
3548 960 3690 1026 sive
3734 959 3942 1026 mori-

2389 1089 2570 1147 mur,
2594 1069 2880 1134 Domini
2905 1091 3167 1135 Sumus,
3204 1066 3234 1134 Ι
3263 1067 3350 1135 ad
3379 1066 3688 1136 Corinth.
3720 1089 3818 1145 ιιι,
3852 1069 3937 1132 22

2393 1185 2458 1242 et
2486 1177 2570 1241 23
2606 1196 2621 1243 ε
2680 1177 2929 1243 011111ἰα
2960 1186 3178 1243 vestra
3214 1186 3492 1256 sunt,...
3542 1199 3659 1243 vos
3707 1185 3938 1243 autem

2396 1281 2671 1363 Christi,
2709 1282 3018 1351 Christus
3057 1292 3288 1350 autem
3327 1283 3481 1352 Dei.
3549 1311 3580 1344 α
3644 1282 3940 1351 Salvum

2389 1413 2495 1456 me
2532 1392 2674 1478 fac.
2738 1418 2768 1451 ιι
2804 1389 3055 1458 Jerem.
3108 1413 3274 1469 xvu,
3330 1391 3409 1456 14
3441 1409 3460 1457 t
3496 1389 3791 1459 Salvum
3831 1411 3940 1454 me

2385 1498 2526 1586 lac,
2559 1507 2621 1563 et
2647 1498 2882 1564 salvus
2918 1521 3053 1565 ere.
3100 1496 3407 1589 Sapient.
3464 1521 3559 1578 1x,
3601 1498 3702 1563 4.
3774 1495 3943 1564 Aoli

2387 1629 2492 1673 me
2519 1604 2951 1697 reprobarea
3000 1608 3238 1696 pueris
3286 1608 3447 1673 tuis.
3511 1604 3777 1673 Daniel.
3840 1627 3936 1687 xx,

2395 1716 2530 1783 19:
2564 1713 2874 1792 Eoeaudi,
2907 1716 3237 1782 Domme:
3262 1715 3571 1805 placare,
3574 1701 3936 1783 Domine:

2387 1822 2679 1906 attende,
2713 1831 2775 1889 et
2822 1824 2963 1912 sac,
3013 1822 3280 1913 supple,
3335 1843 3447 1889 me
3478 1821 3745 1888 salvum
3793 1844 3807 1889 :
3858 1845 3942 1888 ne

2387 1931 2667 1996 moreris
2689 1938 2969 2020 propter
3005 1930 3462 2021 temetipsum,
3494 1931 3684 1997 Deus
3720 1950 3934 1995 meas.

2389 2037 2666 2104 Sienim
2714 2046 2871 2105 tuus
2928 2060 3104 2117 sum,
3153 2047 3436 2129 propter
3498 2037 3936 2156 temetipsum

2385 2145 2585 2214 facies
2615 2169 2723 2214 me
2753 2144 3044 2213 salvum.

2476 2383 2510 2423 ιι
2556 2360 2732 2443 Quia
2752 2357 3315 2446 justificationes.
3363 2383 3397 2421 ιι
3458 2358 3588 2427 Hie
3647 2357 3939 2449 subjun-

2384 2465 2566 2554 gitur
2604 2465 2948 2555 persuasio
2988 2487 3027 2532 a
3085 2465 3356 2533 duobus
3401 2488 3416 2532 ε
3468 2487 3509 2531 a
3582 2464 3936 2556 diligentia

2385 2572 2452 2638 in
2483 2572 2887 2662 inquirendo
2919 2573 3040 2640 Dei
3089 2572 3493 2649 bonitatem,
3560 2595 3600 2640 a
3640 2572 3935 2663 perfecta

2384 2679 2824 2769 intelligentia
2862 2681 3201 2771 inquisitae
3230 2689 3468 2749 eontra
3500 2680 3934 2748 inimieorum

2383 2789 2982 2877 exspectationem,
3014 2788 3133 2867 ibi,
3177 2795 3241 2864 5.
3277 2790 3362 2856 95
3400 2810 3415 2856 ε
3463 2813 3496 2853 ι
3554 2790 3667 2856 Me
3694 2810 3936 2878 exspe-

2381 2902 2753 2961 ctaverunt.
2794 2920 2828 2956 ιι

2468 3000 2647 3069 Dicit
2691 3024 2903 3092 ergo:
2967 3001 3081 3070 Sic
3131 3025 3299 3092 rogo
3358 3009 3434 3070 ut
3499 3023 3611 3069 me
3674 3001 3924 3078 salves,

2380 3115 2448 3177 et
2481 3120 2661 3179 eerte
2710 3109 2913 3179 debes
2948 3133 2964 3179 ε
3013 3140 3042 3177 ιι
3083 3113 3431 3197 Quoniam
3488 3101 3855 3203 exq'uisivi,
3893 3134 3926 3175 ιι

2380 3241 2533 3286 eum
2574 3219 2920 3311 diligentia
2947 3220 3202 3289 scilieet
3241 3220 3550 3312 quaesivi,
3594 3248 3627 3282 α
3644 3219 3932 3310 J‘ustifi-

2378 3330 2673 3395 cationes
2710 3340 2890 3409 tuas,
2933 3355 2966 3395 ιι
3015 3339 3077 3397 et
3155 3330 3420 3399 obtinui
3472 3337 3548 3398 ut
3591 3328 3934 3419 intellige-

2382 3459 2523 3504 rem
2553 3437 2727 3507 illas,
2770 3437 3011 3507 Matth.
3048 3462 3168 3519 vu,
3212 3441 3249 3506 7
3297 3461 3313 3508 ε
3362 3440 3684 3525 Quaerite,
3727 3447 3791 3506 et
3820 3439 3933 3504 iee-

2371 3535 2675 3616 ionicus.
2715 3545 2842 3614 lsa.
2878 3570 3019 3625 xxi,
3065 3550 3141 3614 12
3177 3570 3192 3616 ε
3224 3549 3308 3616 Si
3358 3548 3691 3640 qeeaeritiS,
3753 3570 3933 3637 qua:-

2379 3654 2524 3719 ri!‹·.
2562 3652 2801 3722 Mauh.
2836 3676 2929 3733 vi,
2963 3657 3049 3722 :33
3090 3675 3107 3723 ε
3149 3656 3471 3723 Primum
3519 3654 3828 3746 quaerite,
3864 3651 3932 3720 id

2376 3769 2499 3840 est,
2533 3764 2828 3852 primum
2868 3764 3212 3855 inquirite,
3284 3785 3574 3855 requam
3633 3764 3791 3843 Dei,
3825 3784 3934 3830 sa-

2375 3895 2558 3940 cram
2607 3873 2858 3943 seilicet
2928 3875 3380 3966 Scripturam,
3452 3875 3522 3943 in
3579 3896 3714 3966 qua
3770 3880 3932 3941 sunt

2365 3979 2886 4068 justificationes
2926 4002 2943 4051 ε
3026 4003 3176 4073 quae
3263 3981 3513 4050 dicitur
3612 4004 3927 4073 requiem,

2376 4089 2533 4178 quia
2561 4087 2832 4158 ductis-a
2866 4096 2968 4158 est
2997 4089 3083 4158 ad
3114 4111 3430 4182 regnum.

2461 4444 2494 4478 c«
2534 4418 2648 4485 Me
2680 4429 3254 4510 exspectaverunt.
3301 4448 3336 4483 ιι
3357 4420 3486 4491 Hie
3517 4424 3921 4513 seeundum,

2371 4547 2410 4592 a
2440 4547 2577 4617 quo
2607 4526 2961 4617 persuadet
2998 4550 3013 4595 :
3057 4535 3125 4596 et
3160 4527 3480 4598 dicuntur
3543 4529 3707 4602 duo.
3767 4531 3925 4602 Pri-

2371 4655 2511 4713 mo,
2543 4635 2968 4727 impugnatio
2998 4635 3083 4704 al»
3122 4636 3555 4708 adversariis.
3607 4637 3924 4709 Secundo

2370 4739 2842 4822 nihilominus,
2917 4746 3345 4813 conservatio
3438 4744 3924 4817 mandatorum

2371 4849 2521 4929 Ilei,
2598 4860 2663 4918 et
2731 4853 2892 4921 lixio
2970 4853 3353 4942 intellectus
3434 4855 3507 4926 in
3575 4856 3738 4941 illis,
3799 4857 3919 4939 ibi,

2377 4987 2408 5020 «
2453 4960 2885 5028 Testimonia.
2926 4986 2961 5027 n

2457 5065 2571 5132 Ait
2608 5087 2822 5157 ergo:
2880 5065 2995 5134 Sic
3051 5069 3395 5161 exquisivi
3433 5069 3786 5154 mandata,
3854 5080 3923 5141 et

2369 5174 2573 5243 etiam
2596 5202 2630 5239 α
2649 5186 3056 5268 peccatores,
3083 5203 3119 5240 ιι
3144 5178 3309 5248 mali
3329 5176 3671 5261 homines,
3697 5188 3767 5251 et
3784 5180 3923 5249 dm-

2370 5304 2630 5360 mones,
2665 5310 2698 5344 «
2750 5293 3301 5375 exspectaverunt
3338 5309 3469 5367 me,
3519 5311 3554 5352 r
3604 5285 3776 5356 mihi
3815 5291 3921 5357 in-

2366 5387 2700 5469 sidiando,
2730 5396 2794 5458 et
2822 5388 2908 5458 ad
2936 5390 3208 5483 eulpam
3238 5391 3680 5485 impellendo,
3713 5420 3748 5463 ι
3781 5406 3860 5465 ut
3880 5422 3912 5463 ιι

2365 5495 2461 5564 sie
2510 5520 2544 5562 ι
2579 5496 2939 5590 perderent
2993 5520 3101 5567 me
3148 5521 3166 5569 τ
3218 5523 3253 5566 ι
3322 5499 3673 5571 daemoues
3727 5502 3908 5573 enim

2365 5731 2650 5794 operatur.

4044 4444 4172 4513 85
