5008 6329
680 280 807 347 2¹0

679 452 1154 539 prosperitate,
1223 447 1556 515 Proverb.
1606 470 1650 532 1,
1685 449 1816 516 32:
1869 448 2230 539 Prosperi-

680 566 787 624 tas
843 559 1219 624 stultorum
1262 557 1505 647 perdet
1536 558 1721 624 illos.
1796 558 1854 624 A
1913 559 2229 636 sinistriS,

679 686 804 754 pro
831 664 1073 731 creatis
1106 685 1192 729 ex
1221 662 1652 750 adversitate,
1689 664 1871 732 Psal.
1906 687 2231 747 Lxxxvm,

684 771 821 837 45:
876 772 1304 838 Destruxisti
1367 796 1526 841 eum
1566 773 1653 841 ab
1719 774 2230 839 emundatione.

679 874 834 960 J0b‚
872 899 970 958 ιιι,
1006 878 1091 945 23
1135 899 1150 946 :
1207 880 1679 949 Circumdedit
1708 903 1865 947 eum
1898 882 2088 946 Deus
2128 888 2235 947 te-

678 980 927 1049 nebris.

762 1115 794 1155 «
837 1093 932 1159 Et
954 1091 1272 1181 pericula
1294 1093 1576 1181 inferni.
1616 1118 1647 1153 »
1685 1089 1894 1169 Quasi
1927 1090 2178 1160 diceret
2212 1114 2227 1159 ε

681 1197 795 1267 Sic
860 1201 1150 1267 miseriis
1209 1200 1703 1290 temporalibus
1777 1202 2233 1269 circumdatus

678 1328 830 1371 sum
867 1327 881 1370 :
933 1331 962 1367 α
991 1314 1055 1372 et
1096 1330 1128 1370 s
1173 1307 1406 1387 etiam,
1445 1332 1478 1371 α
1517 1308 1833 1397 pericula
1876 1310 2157 1397 inferni,
2199 1337 2231 1370 »

681 1411 745 1478 id
794 1419 916 1490 est,
982 1422 1259 1502 peccata
1303 1415 1390 1481 ad
1455 1415 1796 1482 infernum
1863 1415 2224 1498 trahentia,

682 1542 714 1582 α
759 1520 1158 1588 invenerunt
1176 1543 1305 1588 me.
1336 1547 1369 1583 »
1404 1521 1737 1589 Proverb.
1764 1546 1833 1605 ν,
1869 1525 1907 1589 5
1953 1545 1968 1590 :
2019 1522 2230 1589 Pedes

677 1625 853 1714 ejus,
921 1629 1314 1716 peccatricis
1372 1629 1647 1712 animae,
1701 1629 2114 1697 descendunt
2163 1633 2233 1697 in

677 1742 986 1812 mortem,
1021 1742 1085 1800 et
1105 1734 1203 1801 ad
1221 1736 1479 1825 inferos
1500 1758 1772 1824 qressus
1804 1736 2003 1803 illius
2033 1760 2232 1827 pene-

674 1850 885 1907 trant.
930 1841 1016 1909 Et
1045 1841 1245 1911 valde
1284 1845 1444 1921 cito,
1482 1844 1662 1911 unde
1709 1845 1930 1933 majus
1959 1845 2233 1935 pericu-

676 1945 842 2015 lum.
876 1947 1034 2032 Job,
1069 1972 1208 2026 xxx,
1246 1951 1325 2018 13
1369 1952 1405 2017 ε’
1428 1954 1714 2019 Ducunt
1745 1953 1815 2019 in
1847 1952 2041 2021 bonis
2087 1953 2230 2020 dies

671 2076 856 2134 snos,
881 2065 945 2122 et
982 2056 1056 2123 in
1068 2067 1327 2148 puncto
1358 2058 1457 2124 ad
1483 2059 1759 2148 inferna
1789 2057 2221 2128 descendunt.

767 2294 800 2333 ι
857 2266 1400 2336 Tribulationem
1466 2279 1530 2336 et
1587 2268 1920 2339 dolorem.
1963 2296 1992 2331 n
2059 2269 2228 2337 Ecce

674 2375 1073 2455 secundum,
1110 2378 1180 2443 in
1218 2399 1356 2467 quo
1405 2374 1764 2466 subjungit
1800 2374 1883 2442 de
1911 2398 2109 2465 poena
2141 2376 2226 2444 ab

671 2483 1068 2551 hominibus
1118 2481 1328 2551 illata.
1374 2481 1586 2561 Quasi
1637 2483 1887 2551 diceret
1930 2505 1947 2551 t
1986 2483 2100 2551 Sic
2129 2486 2227 2551 in-

667 2600 1003 2660 venerunt
1027 2615 1136 2660 me
1162 2589 1342 2659 mala
1363 2590 1504 2673 illa,
1537 2614 1662 2682 pro
1693 2593 1985 2682 peccatis
2013 2614 2050 2658 a
2077 2591 2222 2660 Deo

671 2700 948 2781 inflicta,
991 2706 1057 2768 et
1093 2707 1250 2790 post
1292 2727 1323 2762 α
1360 2698 1906 2783 tribulationem,
1941 2727 1970 2764 n
2014 2725 2219 2792 quam

670 2806 829 2875 mali
853 2808 1175 2890 inferunt,
1213 2836 1248 2870 «
1278 2816 1340 2875 et
1360 2806 1699 2887 dolorem,
1736 2836 1770 2872 >2
1814 2808 2220 2878 intrinsecus

664 2938 748 2982 ex
817 2913 1258 2983 tribulatione
1323 2925 1747 3007 surgentem,
1810 2918 2133 2998 «inveni,
2178 2946 2209 2980 υ

661 3030 892 3112 aperte
930 3022 1252 3113 cognovi,
1298 3030 1363 3090 et
1424 3021 1753 3091 intellexi.
1796 3021 2063 3092 Thren.
2115 3047 2213 3103 m,

669 3132 693 3197 1
745 3132 951 3219 :qu
991 3128 1098 3196 vir
1126 3127 1362 3197 videns
1413 3138 1908 3223 paupertatem
1960 3153 2209 3199 meam.

658 3238 895 3306 lnveni
927 3246 1157 3306 autem
1219 3237 1441 3329 ipsam
1482 3260 1629 3307 esse
1686 3237 1953 3322 utilem,
2014 3248 2080 3307 et
2111 3263 2216 3308 sa-

654 3344 972 3428 lutarem,
1005 3345 1166 3436 quia
1230 3343 1469 3413 oculos
1515 3344 1741 3412 cordis
1777 3346 1913 3413 mei
1964 3345 2218 3413 illumi-

655 3459 957 3519 nantem.
991 3450 1198 3519 Eccli.
1224 3473 1416 3531 xxxv,
1461 3451 1546 3520 37
1582 3475 1598 3519 ε
1640 3452 1866 3520 Mittit
1892 3452 2212 3545 discipli-

649 3581 814 3625 nam
840 3559 1020 3626 sicut
1079 3556 1298 3625 lucem
1347 3557 1678 3647 gaudium
1736 3557 2207 3629 infundentem

650 3668 776 3757 ipsi
811 3665 1108 3734 affectui.
1150 3666 1255 3734 Ad
1311 3665 1525 3735 llebr.
1561 3689 1727 3751 xxn,
1789 3668 1859 3735 11
1901 3688 1918 3737 ε
1969 3669 2209 3737 Omnis

650 3774 929 3866 quidem
980 3773 1358 3867 disciplina
1404 3797 1543 3842 non
1591 3774 1865 3842 videtur
1920 3776 1989 3841 in
2021 3798 2209 3868 pra·-

353 2304 620 2352 Tribulatlo

328 2360 422 2405 nni·
431 2367 507 2424 0⁸⁸.
517 2361 643 2406 utu-

418 2420 554 2463 Cart..

643 3883 821 3949 senti
847 3903 986 3949 csse
1006 3879 1285 3972 qaudii‚
1324 3879 1449 3949 sed
1465 3881 1970 3960 moeroris,cum
2003 3883 2201 3961 inest,

641 4000 882 4080 postca
910 3998 1144 4058 autem
1179 3990 1497 4079 fructum
1536 3990 2069 4082 pacatissimum
2099 3993 2207 4081 as·

641 4102 783 4190 sert
809 4099 1200 4166 exercitatis
1221 4119 1350 4191 per
1367 4120 1546 4166 eam.
1584 4097 1667 4166 Et
1693 4098 1971 4167 tandem
2012 4107 2206 4167 oeter-

644 4227 733 4272 na
770 4205 1051 4296 praemia
1103 4202 1595 4274 conferentem.
1649 4203 1711 4273 11
1753 4204 1839 4289 ad
1883 4203 2194 4273 Corinth.

646 4336 740 4397 tv,
788 4313 868 4382 Π
913 4334 932 4381 :
973 4311 1064 4381 Id
1125 4313 1306 4380 enim
1365 4311 1561 4405 quod
1619 4312 1691 4380 in
1734 4314 2063 4405 presenti
2100 4325 2204 4383 est

641 4425 1191 4485 momentaneum
1231 4421 1298 4483 et
1354 4414 1502 4484 leve
1536 4413 2016 4486 tribulationis
2073 4441 2204 4486 no-

637 4533 823 4602 stre,
863 4543 1079 4615 supra
1118 4519 1402 4591 modum
1434 4521 1507 4590 in
1544 4520 1978 4591 sublimitate
2008 4533 2202 4592 aeter-

639 4653 809 4699 num
854 4629 1102 4722 gloria:
1146 4628 1434 4722 pondus
1473 4639 1803 4721 operatur
1858 4630 1928 4699 in
1975 4629 2194 4703 nobis.

639 4736 793 4817 Vel,
827 4736 912 4805 de
941 4736 1183 4806 iisdem
1216 4737 1510 4805 miseriis
1549 4737 1878 4828 loquitur,
1910 4737 1995 4807 de
2049 4741 2196 4831 qui·

639 4842 768 4911 bus
797 4867 1027 4936 supra.
1073 4843 1284 4924 Quasi
1314 4842 1570 4912 diceret
1601 4866 1618 4912 ε
1667 4844 1782 4912 Sic
1809 4846 2196 4914 circumde-

638 4950 886 5019 derunt
925 4974 1033 5019 me
1072 4959 1377 5043 peccata,
1437 4958 1506 5020 et
1553 4952 1869 5033 miserim,
1923 4960 1990 5021 ct
2018 4952 2192 5021 obli·

635 5058 822 5147 gatio
860 5058 945 5126 ad
998 5058 1416 5150 gehennam,
1471 5081 1582 5127 me
1639 5060 1981 5128 nesciente
2022 5080 2038 5128 ε
2075 5060 2192 5128 secl

637 5173 811 5255 post,
845 5172 912 5233 te
943 5147 1399 5245 illuminante,
1444 5168 1515 5234 in
1546 5189 1656 5234 me
1704 5167 1930 5235 inveni
1981 5167 2194 5235 trihu-

634 5271 960 5341 lationem
1008 5273 1223 5353 illmn,
1266 5283 1333 5343 et
1372 5273 1711 5344 dolorem.
1761 5275 1892 5343 lsa.
1961 5297 2054 5355 tx,
2095 5278 2186 5344 2:

632 5378 1130 5449 [labitantibus
1159 5383 1230 5448 in
1289 5384 1566 5474 regione
1612 5382 1873 5453 umbrae
1919 5384 2186 5465 mortis,

637 5487 765 5554 lua:
802 5497 956 5554 orla
987 5497 1084 5553 est
1121 5489 1239 5556 εἰς.

1698 280 1783 347 D.
1836 277 2036 347 ALB.
2088 277 2305 345 MAG.
2349 276 2553 344 ORD.
2605 274 2896 342 PRAED.

2435 475 2465 510 «
2500 451 2595 516 Et
2614 471 2851 515 nomen
2880 449 3239 515 Domini.»
3265 448 3393 516 Hic
3422 450 3828 539 supplicatio
3860 473 3875 517 ε

2340 557 2723 646 ettangitur
2741 558 2959 645 primo
2992 557 3232 622 oratio.
3263 555 3605 637 SecundO,
3631 559 3879 624 modus

2337 662 2690 744 liberandi,
2726 664 2842 743 ibi,
2881 693 2912 726 α
2960 667 3017 733 Ο
3073 665 3387 742 Domine,
3459 663 3678 731 libera
3728 667 3877 731 ani-

2341 789 2527 834 mam
2557 790 2800 835 meam.
2831 796 2862 830 n

2426 874 2604 941 Dicit
2661 897 2819 964 ergo
2865 898 2877 940 :
2945 875 3057 942 Sic
3095 877 3186 942 fui
3247 878 3315 943 in
3371 877 3871 946 tribulatione:

2343 1004 2377 1045 α
2419 990 2504 1059 et,
2571 1006 2603 1046 ι»
2671 990 2743 1046 ut
2804 980 2946 1049 haec
3008 981 3173 1063 vidi,
3262 992 3327 1050 et
3386 985 3710 1074 cognovi,
3781 986 3878 1051 sic

2344 1112 2377 1153 ι(
2418 1110 2657 1154 nomen
2714 1091 3017 1170 Domini,
3055 1114 3087 1154 ι»
3134 1093 3507 1180 potentiam
3554 1100 3618 1158 et
3656 1093 3880 1182 pieta-

2338 1202 2499 1277 tem,
2536 1218 2570 1259 «
2606 1195 2929 1265 invocavi.
2978 1222 3009 1260 n
3046 1198 3227 1263 intus
3258 1200 3328 1264 in
3360 1198 3562 1266 corde
3602 1202 3870 1267 vocavi.

2340 1299 2470 1367 Isa.
2504 1322 2690 1380 xxvl,
2730 1304 2809 1368 16
2842 1327 2858 1370 :
2918 1306 3235 1383 Domine,
3280 1308 3349 1371 in
3408 1309 3737 1396 anqustia
3774 1330 3877 1374 rc-

2338 1411 2718 1499 quisiernn!
2738 1421 2821 1477 Ie.
2858 1410 3052 1490 Osee,
3086 1435 3180 1495 vt,
3220 1416 3248 1479 1
3289 1435 3304 1479 :
3355 1414 3433 1481 ln
3467 1414 3878 1483 tribulatio-

2336 1540 2418 1583 ne
2451 1540 2579 1584 sna
2629 1532 3254 1610 manemus-myrti!
3321 1522 3417 1587 ad
3469 1545 3601 1589 nee.
3649 1523 3871 1602 Jonae,

2334 1647 2408 1708 11,
2452 1625 2490 1691 3
2535 1627 2687 1692 :De
2715 1636 2936 1692 ventre
2999 1629 3206 1715 inseri
3233 1628 3558 1707 clamavi,
3619 1628 3878 1697 scilicet

2336 1730 2421 1798 ad
2454 1730 2845 1814 Dominum,
2878 1742 2997 1799 etc.

2426 1968 2459 2007 ι
2508 1942 2903 2020 Οὓοηιίηε,
2950 1944 3189 2013 libera.
3229 1971 3263 2011 »
3296 1945 3425 2014 llic
3467 1947 3869 2026 secundum,

2335 2050 2576 2117 modus
2623 2049 2868 2117 scilicet
2931 2053 3315 2120 invocandi.
3374 2054 3637 2137 Primo,
3688 2055 3871 2147 quod

2331 2179 2499 2225 voce
2529 2181 2599 2226 se
2625 2156 3028 2226 humiliavit.
3052 2161 3394 2242 Secundo,
3421 2163 3605 2252 quod
3636 2186 3867 2254 opere,

2335 2264 2450 2348 ibi,
2494 2266 2564 2332 in
2595 2267 2816 2334 medio
2847 2277 2907 2342 ς’.
2940 2277 2978 2332 o
3026 2293 3040 2335 :
3081 2294 3114 2333 α
3159 2271 3588 2338 llnmiliatus
3610 2294 3792 2339 sum.
3834 2297 3866 2337 »

2424 2372 2496 2439 ln
2581 2374 2795 2464 prima
2861 2375 2995 2441 duo
3078 2377 3450 2444 secundum
3525 2378 3869 2469 duplicem

2332 2482 2609 2549 modum
2652 2482 3046 2552 humiliandi
3078 2509 3173 2552 se.
3215 2486 3470 2565 Primo,
3517 2485 3873 2556 liberatio-

2330 2612 2483 2657 nem
2517 2594 2831 2681 petendo‚
2869 2596 2931 2662 in
2965 2618 3099 2684 quo
3135 2597 3352 2663 innuit
3383 2620 3456 2664 se
3504 2620 3780 2666 servum
3802 2608 3871 2666 et

2331 2698 2675 2765 miserum.
2713 2702 3049 2776 Secundo,
3114 2702 3231 2768 llei
3292 2702 3667 2771 honitatem
3700 2728 3872 2771 con-

2328 2803 2605 2882 fitendo,
2669 2807 2782 2890 ibi,
2853 2818 2911 2882 ς.
2966 2811 3004 2870 t'·
3050 2831 3065 2874 :
3114 2834 3147 2873 ι
3190 2810 3579 2878 „Misericors
3615 2814 3871 2881 Domi-

2323 2932 2476 2980 nus.
2517 2936 2549 2976 »

2411 3015 2587 3085 Dicit
2627 3041 2787 3108 ergo
2833 3043 2846 3086 :
2910 3021 3021 3087 Sic
3053 3021 3220 3103 «lixi,
3271 3023 3456 3113 quod
3519 3027 3864 3111 invocavi,

2321 3123 2573 3202 dicens,
2616 3155 2648 3187 α
2689 3128 2747 3194 0
2774 3130 3086 3206 Domine,
3135 3128 3377 3213 libera,
3420 3159 3452 3192 »ι
3487 3154 3526 3200 a
3559 3136 3864 3220 miseria,

2328 3258 2360 3292 «ι
2401 3233 2706 3299 animam
2739 3258 2981 3307 meam.
3018 3261 3052 3299 ι
3088 3260 3293 3327 quam
3335 3260 3418 3304 eo
3459 3240 3609 3329 ipso
3638 3243 3864 3310 conli-

2321 3336 2512 3404 tehor
2548 3361 2691 3407 esse
2726 3341 3064 3418 miseram,
3127 3366 3263 3433 quo
3295 3342 3437 3411 haec
3477 3345 3656 3413 dico.
3712 3346 3858 3415 Sub

2317 3444 2444 3514 hac
2482 3448 2753 3515 miseria
2792 3448 3104 3539 gemebat
3159 3450 3270 3518 illa
3302 3453 3531 3521 anima
3574 3477 3730 3545 quae
3762 3457 3862 3522 ‹li-

2315 3551 2533 3635 cebat,
2574 3554 2658 3622 ad
2692 3555 2977 3622 Roman.
3029 3579 3149 3634 vu,
3211 3560 3295 3625 24
3333 3582 3348 3626 :
3392 3560 3661 3650 Infelix
3733 3587 3856 3655 eqo

2312 3660 2557 3728 bomo!
2582 3663 2736 3753 quis
2772 3686 2877 3730 me
2909 3664 3225 3733 liberabit
3262 3665 3347 3734 de
3362 3690 3641 3760 corpore
3667 3692 3858 3738 mor-

2314 3769 2402 3835 tis
2429 3767 2649 3859 lnejns
2682 3771 2724 3837 :²
2759 3770 2864 3845 Εἰ.
2916 3772 3115 3840 liceli.
3152 3796 3245 3855 nv,
3290 3779 3331 3841 9
3376 3797 3391 3841 ε
3427 3774 3676 3844 Libera
3695 3800 3851 3845 eum

2311 3877 2436 3965 qui
2462 3877 2800 3967 injuriam
2824 3881 3114 3970 patitur,
3160 3880 3511 3949 hominem
3566 3884 3848 3966 scilicet,

2310 3983 2397 4049 de
2421 4005 2634 4050 mame
2659 3985 2957 4076 superbi,
3014 3987 3266 4055 scilicet
3316 3987 3574 4057 diaboli
3607 4010 3625 4057 ε
3661 3991 3847 4081 quod

2309 4096 2375 4156 et
2422 4091 2814 4179 pmmisisti,
2867 4100 3063 4173 (hsce,
3125 4116 3270 4175 xm,
3308 4095 3387 4162 14
3423 4117 3441 4162 ε
3483 4098 3588 4163 De
3633 4119 3847 4165 manu

2306 4199 2548 4266 mortis
2578 4197 2878 4267 liberabo
2905 4224 3036 4267 eos.

2396 4542 2431 4584 α
2468 4519 2854 4587 Misericors
2914 4521 3273 4589 Dominus.
3320 4549 3357 4586 ιι
3407 4521 3536 4591 llic
3592 4547 3843 4595 seeun-

2303 4626 2490 4705 dum,
2536 4628 2604 4695 in
2656 4650 2792 4719 quo
2840 4631 3200 4697 confltetur
3256 4629 3378 4698 Dei
3436 4630 3836 4704 bonitatem.

2305 4735 2587 4802 Bonitas
2651 4746 2876 4802 autem
2930 4737 3233 4803 consistit
3294 4738 3362 4805 in
3409 4736 3679 4808 duodus
3722 4742 3844 4809 :in

2303 4842 2788 4916 misericordia,
2823 4865 3026 4933 quam
3064 4845 3280 4932 tangit
3310 4848 3574 4935 primo:
3636 4857 3703 4917 et
3724 4849 3846 4937 ju-

2301 4949 2734 5039 stitia,quam
2766 4949 3085 5025 secundo,
3127 4948 3244 5027 ibi,
3292 4977 3326 5016 ι
3359 4954 3454 5019 ΕΙ
3497 4952 3767 5042 justus.
3801 4982 3834 5017 ιι

2297 5055 2552 5133 Tertio,
2622 5056 2858 5146 prohat
2912 5057 3237 5146 primum,
3300 5060 3519 5149 ipsum
3587 5060 3842 5130 scilicet

2298 5164 2805 5232 misericordem
2864 5187 3033 5243 esse,
3078 5163 3200 5248 ihi,
3261 5192 3295 5232 α
3336 5167 3433 5233 Et
3469 5170 3663 5236 Deus
3709 5193 3843 5236 no-

2295 5280 2498 5338 ster.»
2524 5271 2806 5350 Quarto,
2834 5270 3233 5352 secundum,
3266 5271 3523 5341 scilicet
3540 5275 3839 5364 justum,

2296 5380 2416 5460 ihi,
2457 5387 2521 5454 5.
2563 5382 2605 5445 o
2648 5400 2664 5444 ε
2711 5406 2743 5439 α
2791 5379 3216 5446 Custodiam.
3261 5406 3296 5443 ι

2386 5487 2561 5554 Dicit
2591 5509 2752 5577 ergo
2787 5508 2802 5554 :
2840 5485 2953 5554 Sic
2988 5486 3128 5553 dixi
3160 5509 3175 5551 ε
3224 5486 3463 5556 Libera
3500 5491 3831 5569 animam,

2295 5601 2359 5661 ct
2424 5591 2636 5682 adjeci
2678 5617 2697 5660 ε
2766 5620 2796 5658 ι
2831 5594 3217 5662 Misericors
3261 5596 3631 5678 Dominus,
3668 5622 3702 5663 ι
3764 5605 3829 5666 et

4044 503 4106 565 4
