5008 6329
427 358 510 423 28
1408 349 1492 417 D.
1544 347 1745 415 ΑΕΒ.
1801 344 2020 412 MAG.
2076 342 2286 410 ORD.
2340 345 2638 411 PRAED.

421 524 548 591 mis
581 543 597 591 τ
643 531 708 591 et
744 525 944 591 etiam
984 530 1163 592 reete
1195 521 1334 589 dixi
1368 517 1658 586 multum
1702 514 1963 581 miseri-

421 630 716 710 cordem,
754 656 785 696 α
830 640 1083 708 autem,
1132 654 1164 691 n
1202 627 1363 718 quia
1408 650 1442 689 α
1492 620 1963 690 misericordia

420 735 703 802 Domini
730 736 813 802 ab
847 745 1119 815 aeterno,
1166 758 1198 792 »
1244 752 1282 796 a
1329 728 1567 794 mundi
1596 727 1960 817 principie,

421 864 504 908 ex
559 863 689 931 quo
755 843 1027 909 suerunt
1066 839 1383 905 timentes
1423 858 1607 914 eum,
1666 862 1699 897 α
1756 857 1964 925 super

419 947 722 1012 timentes
749 969 838 1012 se.
880 970 910 1009 ι
944 941 1126 1010 Psal.
1152 963 1340 1019 xxw,
1385 941 1425 1008 6
1461 963 1476 1007 :
1510 940 1966 1007 Reminiscere

420 1055 932 1120 miserationum
987 1058 1298 1130 tuarum,
1361 1049 1680 1124 Domine,
1735 1055 1798 1113 et
1837 1047 1964 1112 mi-

418 1161 940 1227 sericordiarum
998 1166 1307 1234 tuarum,
1387 1178 1539 1246 quae
1615 1177 1657 1220 a
1711 1152 1962 1220 saeculo

416 1276 596 1334 sunt.
647 1266 725 1332 Et
775 1265 976 1334 etiam
1031 1260 1116 1329 ab
1156 1270 1410 1330 aeterno
1469 1261 1765 1352 proprie,
1831 1283 1865 1321 α
1900 1264 1964 1323 et

421 1397 631 1464 usque
669 1375 737 1440 in
776 1381 1127 1449 aetemum,
1171 1396 1200 1434 n
1254 1370 1519 1461 supple,
1563 1369 1712 1437 erit.
1749 1364 1956 1432 Ecoli.

418 1502 528 1560 xe,
627 1479 705 1545 17
771 1499 786 1543 ε
874 1475 1351 1543 Misericordia
1461 1477 1533 1541 in
1630 1471 1962 1541 saeculum

413 1595 785 1679 permanet.
833 1582 1081 1652 Thren.
1127 1607 1224 1663 ιιι,
1276 1585 1361 1650 22
1423 1605 1437 1649 :
1494 1583 1647 1650 Non
1710 1580 1967 1669 desece-

420 1703 605 1775 runt,
637 1714 773 1759 non
804 1699 961 1759 suut
1008 1689 1442 1768 defectibileS,
1496 1689 1964 1756 miserationes

423 1800 599 1890 ejus.
634 1799 916 1889 Propter
961 1798 1093 1867 hoe
1148 1798 1419 1876 dieitur,
1476 1798 1681 1865 Eeeli.
1737 1820 1807 1876 ιι,
1861 1798 1956 1865 9:

428 1906 562 1989 Qui
589 1906 837 1973 timetis
862 1905 1267 1988 Dominum,
1296 1914 1564 1995 sperate
1593 1904 1662 1969 in
1693 1903 1902 1970 illum
1936 1925 1959 1967 .-

419 2023 484 2081 et
539 2016 607 2081 in
647 2013 1159 2082 oblectationem
1192 2013 1409 2080 veniet
1450 2012 1634 2080 vobis
1689 2010 1958 2078 miseri-

417 2124 674 2194 cordia.
735 2123 950 2191 Aliter
1002 2120 1356 2191 subtrahet
1393 2119 1956 2197 misericordium,

416 2234 471 2302 si
513 2256 650 2303 non
691 2233 964 2311 timetis,
1002 2240 1066 2299 et
1096 2231 1477 2300 necessario
1510 2231 1692 2299 ibitis
1724 2230 1792 2296 in
1827 2230 1961 2296 rui·

416 2363 601 2408 nam.
652 2338 854 2408 Eeeli.
899 2361 1111 2420 xxvxi,
1155 2338 1196 2404 4
1239 2357 1257 2407 ε
1300 2338 1383 2407 Si
1424 2360 1562 2404 non
1606 2338 1677 2404 in
1718 2338 1961 2403 timore

418 2447 701 2515 Domini
735 2445 1024 2512 tenueris
1095 2453 1160 2511 te
1216 2445 1573 2523 instanter,
1624 2445 1755 2511 cito
1791 2442 1961 2513 sub-

420 2564 715 2624 vertetur
728 2555 971 2622 domus
999 2564 1147 2622 tua.

511 2814 542 2849 α
586 2786 679 2853 Et
694 2784 982 2876 justitia
1014 2780 1238 2850 illius.
1277 2810 1310 2843 n
1341 2780 1513 2852 Eece
1551 2781 1957 2863 seeundum,

418 2895 488 2962 in
528 2914 663 2985 quo
693 2889 987 2961 ostendit
1019 2888 1314 2956 multum
1353 2888 1864 2958 misericordem
1889 2889 1958 2956 in

419 2997 760 3084 reddendo
814 2995 949 3064 illis
982 2994 1168 3086 quod
1232 3005 1633 3064 meruerunt
1675 3019 1691 3064 z
1743 3004 1812 3065 et
1858 3004 1964 3065 est

418 3105 561 3177 haee
591 3102 1050 3174 misericordie
1089 3101 1212 3171 Dei
1248 3102 1536 3193 justitia.
1590 3101 1674 3171 Et
1706 3103 1957 3194 prime,

419 3213 721 3305 tangitur
738 3210 1077 3280 bonorum
1117 3207 1429 3278 absoluta
1469 3211 1955 3280 remuneratio.

422 3319 762 3404 Secunde,
796 3317 1253 3410 comparative
1293 3317 1378 3386 nd
1417 3318 1660 3400 maios,
1714 3318 1963 3411 quibus

422 3428 977 3507 dominabuntur,
1011 3425 1128 3505 ibi,
1166 3427 1235 3494 iu
1268 3426 1495 3495 medio
1534 3434 1598 3506 ἁ.
1639 3429 1762 3498 ¹9:
1801 3454 1834 3494 α
1866 3430 1964 3497 Et

426 3557 736 3629 reqnum.
785 3563 817 3596 n

514 3644 590 3712 In
613 3644 833 3736 prima
853 3642 1014 3711 duo.
1041 3641 1277 3710 Primo
1308 3641 1495 3722 dicit,
1528 3644 1714 3736 quod
1744 3668 1965 3713 remu-

425 3749 686 3821 nerabit
715 3750 957 3819 bonos.
994 3748 1339 3833 Secundo,
1364 3751 1549 3844 quod
1579 3776 1965 3824 remunera·

429 3882 499 3930 re
544 3862 793 3952 poterit
848 3857 1027 3944 illos,
1068 3858 1190 3941 ibi,
1229 3864 1294 3936 ὴ.
1359 3861 1440 3929 ¹9
1484 3883 1501 3928 ε
1548 3889 1583 3926 ιι
1621 3863 1969 3934 Dominus

428 3969 502 4036 in
531 3965 721 4036 eoelo.
758 3991 790 4031 ι

521 4072 599 4143 ln
653 4075 871 4166 prime
924 4073 1062 4144 duo
1118 4073 1459 4145 dicuntur.
1494 4075 1755 4160 Primo,
1797 4102 1973 4174 quos

435 4181 913 4253 remunerabit.
951 4181 1294 4267 Secundo,
1318 4207 1552 4277 quare,
1586 4186 1705 4270 ibi,
1739 4196 1802 4267 ς.
1845 4190 1968 4259 18:

443 4319 478 4360 ι
511 4294 638 4362 llis
671 4292 795 4384 qui
817 4301 1110 4360 servant.
1157 4317 1192 4359 n

531 4397 708 4467 Dicit
748 4421 911 4490 ergo
947 4419 964 4465 ε
1009 4397 1086 4466 Si
1122 4421 1206 4469 ex
1252 4400 1714 4474 misericordie
1750 4407 1979 4475 eonti-

443 4528 576 4577 nue
639 4514 708 4576 et
761 4512 1087 4600 perpetuo
1136 4516 1364 4577 servet
1400 4508 1717 4582 timentes
1759 4535 1858 4594 se,
1911 4522 1977 4582 et

443 4616 647 4684 etiem
698 4643 730 4679 ι
768 4614 1081 4706 justitia,
1128 4641 1163 4683 n
1223 4620 1681 4691 remuneratio
1721 4620 1982 4691 seilicet

433 4721 644 4812 justo,
708 4751 738 4786 ι
785 4722 1006 4804 illius,
1053 4752 1086 4787 ιι
1134 4724 1219 4794 ab
1283 4725 1434 4821 ipso
1477 4727 1731 4798 seilicet
1773 4728 1976 4813 faeta,

455 4851 484 4889 ι
523 4825 594 4892 in
644 4822 835 4914 filios
884 4825 1222 4915 filiorum.
1290 4855 1325 4894 ι
1393 4828 1605 4910 Quasi
1659 4830 1914 4903 diceret
1958 4855 1975 4902 ε

442 4931 595 5001 Non
646 4940 914 5002 tentum
971 4946 1363 5006 remunerat
1406 4948 1631 5030 potres
1683 4943 1976 5033 primos,

441 5041 557 5132 qui
596 5041 762 5131 justi
817 5040 1112 5128 fuerunt,
1162 5043 1281 5113 sed
1347 5045 1550 5130 filios,
1600 5057 1665 5118 et
1730 5051 1978 5118 iterum

442 5147 622 5218 filios
657 5170 917 5217 eorum.
954 5148 1040 5219 Et
1093 5151 1390 5244 appellat
1434 5152 1547 5224 hie
1603 5178 1740 5225 non
1798 5155 1978 5226 filius

440 5253 742 5324 carnales
783 5255 1028 5328 :multi
1056 5259 1240 5328 enim
1286 5261 1514 5351 justos
1543 5261 1768 5332 nultos
1824 5287 1980 5333 enr-

439 5362 627 5433 neles
664 5361 1069 5447 habueruut,
1112 5375 1179 5437 et
1209 5369 1403 5437 multi
1464 5368 1583 5438 filii
1627 5371 1975 5462 justorum

439 5469 818 5542 carnalibus
873 5474 1030 5544 tiliis
1080 5486 1467 5547 caruerunt.
1528 5477 1818 5571 Propter
1842 5478 1978 5550 hoe

440 5580 821 5662 dicendum,
869 5583 1052 5676 quod
1100 5585 1277 5654 filios
1324 5585 1621 5679 appellat
1664 5590 1977 5657 imitato-

438 5715 571 5780 res,
627 5693 797 5764 sicut
871 5715 908 5762 e
980 5694 1348 5776 contrario,
1415 5694 1636 5767 Exod.
1695 5717 1811 5782 xx,
1861 5697 1902 5768 5
1945 5717 1964 5764 ε

2071 515 2228 603 qu
2258 537 2412 581 sum
2460 515 2800 582 Dominus
2840 516 3025 581 Deus
3055 523 3213 581 tuus
3248 512 3480 603 sortis,
3520 532 3621 576 ze·

2077 623 2271 702 lotes,
2333 624 2619 690 visitans
2685 621 3118 711 iniquitatem
3188 630 3471 709 patrum
3551 620 3619 686 in

2068 730 2285 819 filios,
2340 753 2554 821 usque
2600 731 2673 797 in
2723 728 2996 797 tertiam
3051 736 3114 792 et
3151 737 3474 816 quartam
3509 717 3621 816 ρε-

2072 839 2525 908 nerationem.

2166 1182 2201 1223 ι
2244 1158 2374 1226 His
2429 1157 2555 1248 qui
2588 1164 2884 1223 servant.
2947 1153 3013 1220 n*
3051 1155 3182 1222 Hie
3217 1154 3616 1235 seeundum,

2072 1266 2145 1332 in
2177 1289 2315 1357 quo
2348 1265 2558 1350 addit,
2604 1287 2811 1355 quare
2854 1263 3311 1331 remunerabit
3354 1286 3368 1329 :
3405 1273 3473 1332 et
3527 1265 3622 1331 di-

2072 1383 2322 1440 cuntur
2352 1372 2513 1440 duo.
2557 1371 2816 1454 Primo,
2860 1371 3043 1463 quod
3081 1371 3168 1440 ob
3199 1371 3329 1439 hoe
3377 1371 3616 1450 salvat,

2072 1481 2236 1570 quia
2295 1488 2780 1548 testamentum
2839 1481 2983 1569 ejus
3030 1479 3440 1547 custodiunt.
3494 1477 3621 1546 Se-

2071 1589 2329 1667 cundo,
2401 1590 2564 1680 quia
2619 1588 2976 1678 diligentes
3033 1590 3103 1655 in
3178 1587 3619 1656 eustodiendo

2074 1707 2263 1779 sunt,
2297 1697 2415 1776 ibi,
2456 1723 2490 1762 α
2523 1699 2622 1764 Et
2658 1719 3009 1764 memoreS.
3056 1724 3087 1758 »

2160 1806 2343 1874 Dicit
2369 1829 2534 1897 ergo
2581 1828 2596 1872 ε
2634 1804 2749 1873 Sic
2781 1805 3394 1874 remunerationem
3429 1804 3609 1885 facit,

2070 1921 2139 1983 et
2186 1914 2324 1983 hoe
2381 1939 2415 1980 «
2465 1913 2574 1981 liis
2628 1914 2752 2005 qui
2803 1923 3074 1981 servant
3136 1922 3610 1981 testamentum

2067 2022 2249 2110 ejus,
2310 2045 2343 2086 ι
2394 2019 2602 2089 Eoeli.
2656 2044 2836 2106 κων,
2895 2022 2974 2088 12
3026 2043 3042 2088 :
3086 2021 3168 2088 In
3199 2020 3613 2088 testamentis

2065 2130 2256 2197 stetit
2282 2152 2509 2196 semen
2539 2151 2800 2208 eorum,
2833 2127 2992 2196 boni
3022 2128 3273 2196 scilieet
3299 2127 3445 2196 filii.
3480 2126 3614 2208 Qui

2066 2245 2228 2306 sunt
2292 2236 2392 2319 hi,
2433 2236 2712 2306 Deuter.
2755 2260 2996 2316 xxxin,
3051 2239 3091 2305 9
3140 2246 3207 2305 et
3269 2238 3374 2316 10.
3442 2235 3615 2304 ‹lici-

2065 2355 2178 2414 tur
2220 2368 2235 2413 :
2286 2346 2424 2431 Qui
2461 2344 2647 2413 dixit
2676 2347 2872 2438 patri
2896 2367 3047 2427 suo,
3092 2354 3157 2413 et
3201 2346 3414 2414 matri
3446 2367 3612 2424 suae,

2064 2455 2305 2525 Nescio
2361 2476 2478 2522 vos
2538 2477 2563 2522 .·
2610 2464 2675 2522 et
2739 2453 3081 2545 fratribus
3132 2455 3278 2522 suis
3309 2477 3333 2521 .·
3365 2454 3615 2544 lqnoro

2067 2585 2184 2629 vos
2213 2585 2236 2628 .·
2270 2572 2333 2630 et
2372 2563 2754 2630 nescierunt
2779 2560 2970 2650 filios
2995 2583 3178 2629 suos·
3242 2561 3337 2628 Ili
3389 2569 3616 2628 custo-

2068 2669 2345 2738 dierunt
2374 2667 2731 2761 eloquium
2761 2679 2985 2748 tuum,
3019 2679 3082 2737 et
3103 2678 3384 2760 pactum
3417 2680 3612 2735 tuum

2063 2787 2533 2857 serraverunt,
2553 2775 2838 2866 judicia
2877 2787 3026 2857 tua,
3067 2802 3107 2843 o
3143 2776 3383 2860 Jacob,
3424 2786 3487 2845 et
3520 2774 3612 2843 Ie·

2061 2908 2218 2975 qem
2257 2894 2479 2964 tuam,
2514 2909 2552 2952 o
2592 2884 2835 2953 Israel.
2872 2883 2970 2953 De
3004 2882 3203 2952 malis
3244 2907 3281 2954 e
3342 2892 3614 2953 contra-

2071 2991 2199 3074 rio,
2242 2990 2375 3059 lsn.
2411 3014 2600 3072 xxw,
2635 2993 2675 3062 5
2709 3013 2726 3060 ε
2765 2993 2823 3060 Τ
2816 2992 3194 3083 ransqressi
3216 3002 3377 3060 sunt
3409 2990 3610 3083 leqes,

2068 3109 2512 3169 mutaverunt
2568 3099 2726 3192 jac-5,
2805 3100 3312 3193 dissipaverunt
3390 3099 3618 3191 loedus

2065 3210 2586 3302 sempiternum.

2164 3448 2200 3489 ι
2231 3425 2330 3492 ΕΙ
2368 3446 2695 3492 memores
2728 3434 2910 3492 sunt.
2967 3448 3000 3489 ι
3046 3423 3174 3491 llic
3213 3422 3612 3493 secundum.

2072 3532 2284 3614 Quasi
2316 3532 2625 3604 diceret:
2696 3533 2858 3603 Illos
2889 3543 3299 3617 remunerat,
3350 3534 3466 3627 qui
3515 3545 3619 3603 te-

2073 3649 2493 3711 stamentum
2550 3649 2826 3710 servent
2881 3650 2948 3710 et
3000 3640 3416 3711 custodiunt.
3475 3639 3617 3708 Nec

2072 3756 2343 3817 tantum
2372 3747 2529 3829 hoe,
2573 3750 2713 3818 imo
2756 3775 2791 3815 ι
2841 3770 3165 3817 memores
3214 3757 3377 3817 sunt
3416 3772 3619 3816 man-

2075 3853 2403 3923 datorum
2454 3856 2698 3948 ipsius.
2743 3883 2776 3918 ιι
2823 3853 3004 3922 Psnl.
3037 3877 3295 3936 mxxvii,
3336 3856 3374 3923 ‘1
3412 3875 3429 3923 :
3465 3855 3614 3923 Non

2076 3963 2578 4034 obliviscantur
2611 3989 2891 4060 operum
2930 3964 3241 4046 Domini,
3311 3974 3376 4033 et
3420 3988 3620 4032 niati-

2079 4072 2249 4141 data
2307 4073 2465 4164 ejus
2528 4072 2923 4166 exquirant.
2971 4071 3253 4141 Denter.
3305 4093 3444 4152 vni,
3486 4073 3557 4139 11
3598 4093 3614 4139 :

2083 4179 2408 4261 Observa,
2449 4191 2516 4250 et
2545 4205 2729 4267 cave,
2768 4205 2854 4251 ne
2886 4181 3163 4274 quando
3201 4179 3624 4249 obliuiscaris

2080 4291 2372 4359 Domini
2413 4291 2550 4360 Dei
2603 4291 2739 4371 tui,
2795 4299 2860 4359 et
2928 4289 3244 4381 neytiqas
3292 4289 3624 4357 mandata

2081 4420 2262 4488 ejus.
2297 4397 2383 4467 Et
2446 4399 2603 4479 hoe,
2655 4423 2690 4464 ι
2731 4398 2831 4466 ad
2858 4397 3255 4488 laciendum
3312 4419 3416 4465 ea.
3462 4421 3495 4462 ι
3550 4395 3624 4463 Si

2083 4505 2268 4574 enim
2325 4514 2479 4574 sunt
2539 4527 2880 4574 memores
2929 4501 3016 4572 nd
3070 4501 3459 4582 dicendum,
3518 4502 3627 4571 vel

2086 4612 2510 4684 reddendum
2548 4613 2724 4683 sieut
2775 4612 2994 4707 pueri,
3040 4622 3103 4679 vt
3141 4608 3313 4679 nihil
3369 4610 3624 4681 sacien-

2086 4724 2279 4805 dum,
2339 4745 2585 4817 purum
2644 4729 3013 4791 merentur.
3084 4717 3529 4790 Cassiodorus
3605 4743 3622 4789 ε

2087 4858 2122 4899 ι
2168 4830 2243 4899 Si
2303 4829 2461 4923 quis
2517 4828 2916 4922 psalterium
2957 4850 3122 4898 voce
3179 4826 3439 4910 reddat,
3488 4851 3628 4898 nou

2088 4966 2123 5007 ι
2156 4948 2261 5008 est
2291 4943 2559 5007 memor
2586 4936 2742 5021 Dei,
2791 4936 2921 5005 nisi
2952 4957 3102 5029 quae
3151 4937 3631 5029 praeeipiuutur

2090 5078 2125 5114 α
2158 5045 2481 5116 effecerit.
2522 5072 2555 5113 ι
2587 5045 3013 5139 Augustinus
3046 5066 3063 5114 ε
3099 5071 3134 5111 ι
3171 5045 3500 5114 Memoria
3528 5051 3628 5112 est

2088 5188 2121 5225 α
2165 5153 2616 5228 retinentibus
2654 5153 2977 5224 mandute
3012 5156 3185 5245 ejus,
3229 5176 3367 5222 non
3404 5162 3477 5221 ut
3514 5151 3629 5219 illu

2087 5295 2122 5331 α
2166 5265 2475 5345 reddunt,
2516 5262 2637 5334 sed
2668 5272 2741 5332 ut
2769 5261 2885 5331 ina
2922 5262 3192 5332 facient.
3227 5286 3262 5328 ι
3292 5259 3482 5329 Tune
3517 5283 3629 5329 se-

2082 5377 2319 5466 quitur
2379 5371 2868 5442 remuneratio.
2924 5366 3210 5460 Apoenl.
3276 5389 3398 5451 xx,
3464 5369 3543 5436 13
3603 5387 3620 5434 :

2076 5481 2485 5552 Juaelieatum
2526 5489 2624 5549 est
2651 5479 2737 5548 de
2749 5475 3049 5568 sinqulis
3073 5474 3446 5544 secundum
3476 5498 3629 5566 ope-

2078 5612 2161 5659 ra
2190 5589 2507 5660 illorum.

3733 1167 3860 1236 18
