5008 6329
1968 223 2680 294 COMMENTARIUS
2729 224 2822 291 IN
2872 226 3306 296 PSALMUM
3357 226 3633 295 CXVII.

1192 396 1447 485 eripuit
1466 395 1671 461 mede
1692 417 1904 464 manu
1927 397 2408 465 Pharaonile
2431 395 2741 465 Machab.

1192 526 1288 584 111,
1325 503 1408 570 39
1464 527 1479 570 :
1533 504 1687 593 Ipse
1724 506 1848 593 qui
1882 505 2086 573 habet
2136 508 2208 573 in
2256 506 2444 573 coelis
2471 503 2743 570 habita-

1194 612 1558 689 tionem,...
1621 610 1913 699 adjutor
1952 623 2049 680 est
2121 612 2253 678 loci
2311 611 2534 677 illius.
2573 636 2604 669 «
2653 612 2749 675 Et

1193 739 1340 806 eqo,
1380 743 1412 779 »
1456 716 1575 783 tali
1643 717 1955 808 adjutore
2003 725 2378 808 protectuS,
2434 742 2465 781 ι
2520 716 2749 806 despi-

1192 827 1371 894 ciam
1425 828 1739 895 inimicos
1785 851 1988 895 meos.
2039 854 2071 891 »
2110 826 2184 892 In
2226 825 2407 892 Psal.
2457 848 2589 903 xci,
2642 827 2742 905 12,

1193 954 1398 1022 supra
1433 954 1448 999 ε
1484 934 1578 1000 Et
1629 932 1936 1024 despexit
1992 932 2234 999 oculus
2281 955 2471 999 meus
2514 932 2749 998 inimi-

1193 1062 1303 1108 cos
1353 1063 1556 1107 meos.
1609 1038 1874 1119 Judith,
1931 1062 2021 1124 xx,
2098 1040 2179 1106 14
2225 1062 2241 1107 ε
2286 1042 2397 1107 Da
2450 1040 2626 1106 mihi
2679 1042 2749 1107 in

1194 1150 1427 1217 animo
1457 1148 1914 1222 constantiam
1945 1157 2022 1213 ut
2042 1157 2471 1215 contemnam
2511 1148 2742 1215 illum.

1194 1256 1580 1345 Despiciam
1613 1253 1766 1321 illos
1797 1256 1867 1322 in
1897 1258 2239 1345 praesenti,
2266 1265 2334 1325 et
2361 1256 2515 1346 plus
2546 1258 2748 1325 etiam

1194 1364 1265 1430 in
1303 1363 1557 1438 futuro,
1596 1362 1868 1451 quando
1909 1386 2067 1432 vere
2100 1364 2513 1455 despiciendi
2554 1372 2751 1431 erunt

1196 1469 1368 1538 viles
1396 1478 1474 1537 ut
1503 1470 1858 1539 cadavera.
1903 1471 2031 1539 Isn.
2070 1496 2249 1548 van,
2287 1474 2372 1539 24
2401 1495 2416 1539 ε
2448 1477 2546 1540 Et
2572 1494 2751 1561 cyre·

1198 1578 1499 1664 dientur,
1569 1588 1633 1646 et
1716 1580 2043 1648 videbunt
2140 1581 2481 1649 cadavera
2566 1582 2751 1648 viro-

1198 1710 1380 1767 rum,
1464 1690 1590 1779 qui
1653 1690 2103 1780 praevaricati
2192 1700 2356 1758 sunt
2452 1691 2523 1757 in
2616 1711 2743 1756 me.

1196 1793 1486 1881 hialach.
1593 1818 1687 1874 ιν,
1785 1796 1824 1863 3
1896 1817 1912 1863 :
2005 1796 2380 1865 Calcabitis
2472 1798 2746 1888 impios,

1197 1910 1324 1973 ete.

1289 2251 1321 2286 «
1367 2230 1632 2294 Bonum
1674 2234 1772 2291 est
1825 2223 2187 2312 confidere.
2243 2248 2276 2289 ι
2332 2222 2457 2291 liic
2503 2246 2751 2291 seeun-

1196 2331 1386 2398 dum.
1451 2330 1825 2399 Monstrata
1864 2333 2045 2399 enim
2080 2330 2460 2399 liberatoris
2500 2341 2748 2421 poten-

1195 2439 1312 2520 tia,
1347 2437 1459 2506 hie
1488 2438 1871 2508 ostenditur
1912 2439 2220 2528 ejusdem
2262 2440 2585 2529 potentia:
2626 2462 2749 2506 ex-

1194 2546 1533 2616 cellentia.
1605 2546 1867 2626 Primo,
1919 2548 2427 2637 comparatione
2484 2546 2570 2614 nd
2627 2546 2749 2614 hu·

1195 2677 1470 2723 manum
1511 2661 1851 2722 naturam.
1902 2652 2247 2737 Secunde,
2283 2657 2749 2746 comparatio-

1194 2786 1280 2830 ne
1336 2761 1424 2829 ad
1478 2761 1886 2853 angelicam,
1943 2761 2060 2838 ibi,
2123 2770 2185 2837 ἰ.
2236 2768 2331 2830 tt:
2392 2793 2423 2825 «ι
2476 2765 2746 2831 Bonum

1191 2879 1291 2938 est
1316 2890 1615 2959 sperare.
1673 2895 1703 2930 α
1751 2867 1929 2936 Dicit
1978 2891 2141 2958 ergo
2188 2890 2203 2935 ε
2251 2868 2363 2936 Sic
2414 2867 2748 2936 Dominus

1194 2975 1497 3066 adjuvat,
1530 2983 1605 3043 ut
1637 2973 1801 3042 mihi
1836 2976 2186 3053 securitaS,
2220 2985 2288 3044 et
2317 2984 2747 3068 contemptus

1194 3083 1770 3160 adversariorum,
1842 3092 1908 3151 et
1956 3084 2164 3150 etiam
2226 3108 2258 3149 e
2332 3083 2585 3151 bouum
2649 3093 2749 3151 est

1191 3190 1531 3280 confidere
1590 3191 1661 3258 in
1723 3191 2050 3268 Domino,
2105 3217 2136 3255 ι
2189 3190 2255 3258 id
2295 3202 2422 3274 est,
2474 3192 2742 3272 meliuS,

1193 3298 1611 3392 (positivum
1706 3298 1915 3365 sumit
2006 3321 2131 3389 pro
2234 3301 2745 3389 cotnparntivo)

1194 3436 1229 3471 α
1273 3431 1486 3500 quam
1539 3406 1877 3494 confidere
1929 3407 1999 3473 in
2063 3406 2340 3473 leomine
2372 3431 2394 3473 .·
2435 3439 2465 3467 ι»
2526 3415 2589 3475 et
2647 3419 2747 3478 cst

1193 3515 1478 3584 abusiva
1515 3515 1965 3604 comparantia,
2004 3515 2162 3606 quia
2197 3517 2264 3584 in
2296 3513 2577 3584 homine
2609 3540 2746 3585 non

1192 3632 1295 3694 est
1333 3622 1596 3691 bonum
1645 3620 2010 3692 confidere.
2058 3620 2188 3695 isa.
2232 3646 2395 3700 xxx,
2440 3626 2481 3692 :3
2519 3648 2534 3692 ε
2579 3627 2748 3693 Om-

1192 3754 1308 3799 nes
1369 3730 1647 3819 confusi
1692 3739 1854 3796 sunt
1907 3751 2117 3821 super
2155 3729 2423 3821 populo
2478 3732 2604 3821 qui
2653 3734 2747 3800 ris

1186 3839 1509 3932 prodesse
1533 3860 1671 3905 non
1694 3839 1926 3929 potuit
1957 3860 2138 3906 :non
2166 3841 2456 3930 suerunt
2503 3842 2573 3906 in
2614 3865 2748 3908 au-

1191 3944 1453 4015 :tilium
1493 3955 1557 4013 et
1603 3945 1676 4012 in
1712 3943 2031 4036 aliquam
2084 3947 2487 4026 utilitatem,
2512 3948 2635 4015 sed
2674 3950 2744 4016 in

1192 4055 1664 4147 confusionem
1730 4063 1794 4121 et
1851 4054 1921 4121 in
1975 4053 2412 4146 oppobrium.
2463 4055 2546 4127 Et
2592 4081 2748 4126 rur-

1193 4184 1376 4243 sum,
1407 4161 1479 4229 in
1508 4159 1777 4239 eodem,
1810 4167 1873 4236 5.
1919 4159 1959 4228 3
1995 4183 2012 4229 :
2046 4161 2207 4228 Erit
2239 4160 2426 4229 vobis
2451 4165 2746 4254 fortitu-

1193 4269 1282 4338 do
1310 4267 1704 4339 Pharaonis
1734 4269 1805 4337 in
1843 4270 2339 4359 confusionem,
2380 4279 2446 4338 et
2480 4270 2744 4359 fiducia

1196 4373 1456 4445 umbroe
1475 4375 1781 4466 AEqypti
1800 4375 1872 4442 in
1888 4376 2373 4465 iqnominiam.
2390 4374 2741 4463 Et,xxxv1,

1193 4486 1235 4551 6
1259 4505 1276 4551 :
1296 4485 1473 4553 Ecce
1489 4481 1781 4570 confidis
1796 4504 2006 4573 super
2026 4481 2352 4551 baculum
2377 4485 2747 4554 arundine·

1194 4614 1309 4660 um
1348 4591 1780 4681 confractum
1813 4590 2046 4667 istum,
2078 4613 2287 4681 super
2301 4592 2697 4686 sliqyptum
2722 4617 2744 4661 .-

1193 4701 1311 4771 eui
1349 4702 1415 4769 si
1451 4700 1739 4768 inni-tus
1782 4699 2003 4789 suerit
2046 4698 2276 4777 homo,
2338 4700 2627 4769 intrabit
2676 4704 2744 4769 in

1196 4829 1485 4879 manum
1512 4805 1694 4898 ejus,
1743 4815 1809 4874 et
1833 4804 2231 4898 perforabit
2257 4830 2434 4875 eam.
2471 4807 2553 4877 Et
2584 4833 2749 4901 pro-

1192 4925 1343 5011 pter
1400 4915 1532 4985 hoe
1583 4913 1855 4993 dicitur,
1911 4912 2169 4985 Jerem.
2229 4937 2398 5000 xvu,
2458 4917 2749 4986 5:510-

1199 5025 1490 5094 ledictus
1542 5022 1747 5091 homo
1792 5020 1918 5113 qui
1961 5021 2248 5112 confidit
2310 5023 2379 5089 in
2445 5023 2742 5105 homine,

1195 5142 1260 5202 et
1279 5132 1483 5225 ponit
1508 5143 1780 5200 carnem
1834 5126 2193 5196 brachium
2230 5152 2463 5199 suum.
2500 5128 2636 5201 Sed
2677 5133 2747 5201 in

1196 5240 1499 5310 Domino
1543 5235 1885 5308 confidere
1936 5234 2222 5306 bonum.
2276 5236 2484 5306 Eecli.
2529 5261 2742 5319 xxxu,

1198 5349 1283 5418 28
1345 5369 1362 5415 2
1430 5348 1569 5433 Qui
1622 5343 1910 5433 confidit
1957 5345 2027 5412 in
2086 5344 2242 5426 illo,
2304 5369 2438 5412 non
2518 5347 2749 5414 utino·-

1196 5453 1491 5524 rabitur.
1534 5452 1620 5522 Et
1646 5461 1925 5545 propter
1960 5449 2094 5522 hoc
2121 5450 2371 5522 dicitur
2398 5476 2434 5521 e
2472 5462 2749 5525 contra-

1199 5563 1332 5642 rio,
1376 5559 1631 5630 Jerem.
1691 5581 1857 5645 xvn,
1896 5559 1938 5628 Ἰ
1975 5560 2436 5631 :Benedictus
2474 5562 2582 5630 vir
2627 5564 2750 5656 qui

1462 5709 1582 5752 xva

4287 226 4415 293 225

2851 397 3137 484 confidit
3203 398 3275 464 in
3344 398 3673 475 Domino,
3735 406 3799 464 et
3863 398 3995 465 erit
4069 399 4412 465 Dominus

2846 504 3113 593 fiducia
3142 504 3325 593 ejus.

2945 850 2979 890 α
3020 827 3293 893 Bonum
3333 834 3431 893 est
3454 848 3753 917 sperare.
3788 851 3817 888 n
3870 827 4000 894 Hic
4035 831 4255 920 tangit
4283 853 4406 897 ex-

2853 933 3233 1002 cellentiam
3264 934 3779 1025 comparatione
3809 934 3896 1002 ad
3925 943 4240 1005 naturam
4271 939 4409 1006 An·

2852 1041 3168 1132 gelioam.

2941 1146 3059 1230 Ait
3097 1146 3280 1213 enim
3316 1169 3331 1213 :
3373 1143 3488 1214 Sic
3516 1146 3788 1214 excellit
3809 1145 4192 1216 humanum
4224 1149 4414 1239 adju-

2853 1252 3133 1333 torium,
3177 1260 3243 1319 et
3273 1253 3481 1320 etiam
3525 1252 3964 1344 Angelicum,
4009 1256 4165 1345 quia
4218 1284 4248 1318 <e
4291 1255 4415 1322 bo-

2853 1383 3020 1427 num
3068 1369 3163 1427 cst
3199 1384 3476 1451 sperare
3525 1385 3556 1425 ι
3603 1362 3697 1449 (et
3739 1369 3840 1428 est
3882 1361 4166 1430 abusiva
4219 1386 4418 1431 com-

2853 1467 3115 1557 paratio
3156 1468 3332 1534 sicut
3368 1489 3574 1557 supra
3609 1489 3625 1534 ε
3660 1476 3893 1534 tamen
3936 1467 4165 1558 aliquo
4206 1471 4414 1539 modo

2852 1574 3123 1642 videtur
3206 1574 3426 1665 magis
3510 1575 3924 1663 sperandum
4006 1577 4077 1643 in
4144 1578 4414 1669 Angelo

2855 1705 3061 1774 quam
3129 1682 3199 1749 in
3256 1680 3564 1771 homine)
3641 1710 3675 1745 «
3741 1683 3814 1749 in
3875 1685 4193 1761 Domino,
4261 1709 4294 1750 ι
4348 1693 4413 1753 et

2853 1798 3076 1859 totum
3114 1813 3186 1858 se
3234 1789 3332 1857 illi
3387 1791 3744 1880 projicere,
3794 1815 3829 1857 ι
3880 1815 4092 1884 quam
4141 1817 4418 1885 sperare

2852 1901 2928 1967 in
2957 1898 3418 1989 principibus,
3465 1923 3498 1964 t
3534 1900 3605 1966 in
3644 1897 3932 1991 Angelis
3970 1900 4252 1986 seilicet,
4296 1902 4414 1993 qui

2853 2006 3191 2097 principes
3285 2004 3628 2073 dicuntur.
3731 2005 3980 2097 Supra,
4070 2008 4140 2075 in
4225 2008 4408 2079 Psal.

2854 2135 3057 2190 vau,
3129 2112 3214 2178 26
3264 2132 3280 2178 :
3332 2114 3821 2180 Praevenerunt
3851 2115 4197 2205 principes
4250 2139 4417 2183 con-

2841 2220 3081 2310 juncti
3147 2218 3636 2310 psallentibus.
3712 2218 3852 2287 Sed
3916 2243 4041 2288 nee
4115 2222 4183 2289 in
4253 2222 4409 2308 illis,

2854 2327 3169 2420 quamvis
3225 2349 3347 2417 per
3394 2349 3513 2394 eos
3568 2348 3699 2395 nos
3754 2337 4118 2397 conservet
4164 2330 4414 2398 Domi-

2854 2460 3009 2517 nuS,
3055 2459 3181 2505 nec
3229 2437 3298 2503 in
3355 2435 3757 2504 hominibus
3805 2435 4036 2504 etiam.
4111 2433 4187 2502 ln
4227 2434 4408 2506 Psal.

2853 2567 3044 2627 cxm’,
3109 2546 3148 2611 2
3196 2551 3264 2611 et
3301 2546 3369 2627 3,
3420 2543 3593 2611 infra
3629 2566 3644 2610 ε
3680 2544 3916 2612 Nolite
3960 2545 4299 2632 confidere
4341 2545 4412 2611 in

2848 2651 3304 2745 princiltibus,
3334 2653 3402 2718 in
3432 2652 3609 2740 filiis
3637 2651 4021 2727 hominum,
4060 2653 4130 2719 in
4161 2651 4412 2742 quibus

2854 2784 2986 2828 non
3040 2770 3137 2827 est
3175 2759 3391 2826 salus.
3453 2757 3589 2826 Sed
3646 2758 3728 2826 de
3784 2758 4084 2826 Domino
4138 2758 4408 2841 dicitur,

2850 2867 3100 2936 Thren.
3146 2888 3244 2950 ιιι,
3279 2868 3364 2934 25
3410 2889 3427 2934 ε
3469 2868 3708 2934 Bonus
3744 2875 3844 2934 est
3872 2867 4216 2935 Dominus
4259 2890 4410 2959 spe·

2853 2974 3169 3045 rantibus
3201 2976 3271 3042 in
3310 2998 3493 3054 eum,
3529 2975 3783 3043 animae
3809 2975 4142 3065 quaerenti
4171 2973 4407 3043 illum.

2853 3084 3057 3167 Quia,
3113 3082 3439 3151 Proverb.
3496 3105 3688 3164 xxix,
3749 3085 3863 3169 25,
3924 3082 4226 3152 dicitur:
4275 3084 4414 3169 Qui

2850 3206 3081 3287 sperat
3137 3196 3207 3262 in
3264 3195 3593 3272 Domino,
3651 3192 4155 3262 sublevabitur.
4199 3191 4407 3263 Eeeli.

2853 3326 2927 3383 n,
2984 3306 3054 3371 Η
3100 3302 3416 3372 :Nullus
3459 3302 3765 3393 speravit
3825 3302 3895 3368 in
3953 3302 4277 3380 Domino,
4346 3310 4411 3368 et

2853 3414 3182 3500 confusus
3225 3418 3347 3476 est.
3392 3407 3534 3476 Nec
3583 3409 3837 3475 mirum
3882 3408 4168 3477 :omnia
4224 3408 4409 3476 enim

2854 3525 3012 3585 sunt
3083 3516 3262 3584 bona
3319 3517 3515 3608 quasi
3593 3515 4123 3599 accidentaliter,
4184 3523 4251 3584 et
4300 3539 4413 3584 re-

2854 3627 3179 3717 spective,
3233 3625 3378 3715 ipse
3432 3622 3623 3692 solus
3670 3622 3894 3692 bonus
3939 3625 4008 3691 in
4046 3645 4142 3700 se,
4185 3631 4254 3692 et
4290 3646 4413 3716 per

2853 3756 2926 3802 se
2965 3732 3437 3801 essentialiter.

2943 3841 3339 3910 Notandum
3377 3842 3589 3922 enim,
3631 3841 3818 3934 quod
3858 3850 3960 3911 est
3987 3840 4249 3911 bonum
4280 3865 4409 3910 na·
4478 3848 4728 3906 nonum-⁸

2853 3956 3023 4017 turae
3050 3957 3324 4029 creatoe,
3377 3947 3628 4017 Genea.
3680 3970 3728 4026 1,
3772 3949 3851 4018 3¹
3912 3973 3929 4018 ε
3996 3949 4177 4016 Vidit
4221 3953 4410 4018 Deus

2852 4066 3097 4127 ctmcta
3133 4078 3287 4148 quae
3311 4056 3598 4147 fecerat,
3631 4065 3699 4124 et
3725 4066 3922 4124 erant
3960 4054 4166 4124 valde
4203 4055 4407 4125 bona.

2855 4163 2941 4232 Et
2976 4171 3080 4232 est
3125 4160 3386 4231 bonum
3444 4162 3516 4229 in
3554 4183 3831 4254 genere,
3893 4160 4079 4253 quod
4136 4170 4240 4232 est
4295 4163 4414 4230 bo-

2855 4295 3022 4341 num
3062 4273 3132 4340 in
3178 4294 3278 4352 se,
3329 4269 3451 4340 sed
3501 4278 3729 4363 potest
3775 4271 3923 4340 fieri
3979 4269 4186 4354 male,
4237 4270 4409 4340 Tob.

2855 4403 2973 4458 xn,
3050 4380 3092 4448 8
3135 4400 3153 4446 ε
3198 4381 3390 4448 Bona
3455 4387 3554 4448 est
3613 4380 3841 4448 oratio
3914 4401 4071 4447 cum
4123 4378 4414 4471 jejunio

2853 4497 2916 4556 et
2980 4486 3433 4577 eleemosyna.
3513 4485 3600 4555 Et
3673 4492 3778 4555 est
3831 4485 4094 4555 bonum
4149 4487 4411 4578 gratiae,

2857 4597 3040 4690 quod
3077 4595 3302 4666 adhuc
3350 4596 3843 4688 supereminet,
3891 4596 3976 4665 de
4023 4619 4160 4688 qno
4202 4594 4409 4665 Eecli.

2856 4729 3003 4788 xm,
3059 4705 3145 4773 30
3198 4725 3216 4778 ε
3258 4706 3460 4774 Bona
3506 4715 3606 4774 est
3649 4704 4072 4789 substantia,
4113 4705 4228 4773 cui
4279 4728 4414 4774 non

2857 4820 2954 4879 est
3000 4818 3362 4901 peccatum
3399 4810 3473 4878 in
3511 4808 3952 4878 conscientia.
4001 4807 4088 4877 Et
4127 4816 4231 4879 est
4283 4807 4417 4877 bo-

2858 4939 3025 4986 num
3080 4915 3318 5009 gloriae
3374 4923 3643 5003 creatae,
3721 4914 3908 4984 Psal.
3979 4938 4231 5001 cxxvu,
4292 4919 4332 4984 2
4397 4938 4414 4984 :

2859 5023 3158 5094 Labores
3196 5046 3540 5093 manuum
3570 5034 3859 5092 tuarum
3889 5024 4058 5114 quia
4110 5021 4421 5091 mandu-

2857 5131 3068 5211 cabiS,
3145 5139 3276 5202 ete.
3323 5131 3475 5201 1100
3539 5138 4082 5224 praegustaverat
4145 5129 4418 5212 Petrae,

2860 5238 3100 5309 Matth.
3150 5262 3320 5318 xvu,
3352 5240 3396 5306 4
3430 5261 3447 5307 ε
3480 5239 3807 5320 Domine,
3859 5237 4116 5307 bonum
4163 5247 4263 5307 est
4299 5260 4423 5305 nos

2859 5348 2970 5417 liic
3014 5370 3175 5416 esse.
3198 5345 3288 5418 Et
3313 5355 3417 5417 est
3453 5346 3717 5416 bonum
3759 5355 4027 5417 naturae
4068 5347 4419 5424 increatae.

2860 5453 3045 5549 quod
3082 5460 3185 5525 est
3229 5453 3492 5524 bonum
3548 5455 3622 5524 in
3667 5477 3770 5537 se,
3802 5466 3872 5524 et
3913 5476 4039 5548 per
4074 5474 4172 5525 se.
4205 5451 4419 5536 Intra,

2862 5564 2933 5633 in
2984 5561 3165 5635 psal.
3207 5585 3437 5648 cxvm,
3489 5565 3575 5634 68
3611 5567 3902 5635 :Bonus
3946 5587 4015 5633 es
4056 5572 4162 5644 tu,
4220 5570 4286 5629 et
4352 5560 4424 5628 in

4091 5701 4157 5755 ¹5

4500 3904 4693 3951 δοοιιω.
