5008 6329
730 234 858 299 tat

734 413 809 469 ut
863 405 1084 470 mittat
1122 403 1396 474 Filium.
1476 404 1820 485 Secundo,
1899 410 2282 498 persuasio,

729 511 836 579 vel
870 513 1035 581 ratio
1070 536 1277 607 quare
1317 516 1507 605 petit,
1545 516 1662 596 ibi,
1711 542 1743 582 α
1777 519 1993 607 Eripe
2039 541 2146 585 me
2193 518 2275 584 de

728 644 947 711 aquis.
978 649 1006 685 a

1685 233 1770 301 D.
1829 234 2032 303 ALB.
2093 235 2312 304 MAG.
2375 236 2584 304 ORD.
2646 237 2943 305 PRAED.

2470 409 2589 476 Ait
2628 431 2841 500 ergo:
2890 408 3002 477 Sic
3042 430 3321 474 manum
3394 411 3610 485 mitte,
3681 415 3747 475 et
3813 429 3935 497 per

2383 538 2534 582 eam
2571 543 2604 582 ι
2638 518 2822 608 eripe
2859 539 2966 584 me
2995 516 3077 583 de
3115 516 3315 606 aquis
3344 514 3609 590 mullis,
3649 541 3679 575 »ι
3714 515 3932 580 tribu-

2380 625 2751 695 lationibus
2781 627 3033 695 scilicet
3071 635 3137 693 et
3198 622 3686 693 tentationibus
3731 645 3745 687 :
3811 645 3930 712 per

816 728 993 796 Dicit
1028 752 1234 821 ergo:
1272 730 1410 807 Sic,
1463 731 1782 808 Domine,
1846 731 2086 819 rogavi
2154 730 2274 795 Fi-
2378 733 2628 800 Filium
2679 736 2861 800 enim
2935 757 3096 801 vera
3154 733 3450 800 libertas.
3512 729 3716 797 Joan.
3779 751 3921 803 viu,

726 839 892 905 lium
923 850 998 908 ut.
1034 839 1469 909 descenderet
1512 860 1528 906 :
1592 847 1657 908 et
1713 839 1876 929 quid
1906 848 2136 907 autem
2177 839 2271 906 fa-

723 954 900 1014 ceret
927 946 1070 1013 sine
1109 945 1459 1013 voluntate
1489 953 1628 1023 tua,
1663 968 1820 1013 cum
1879 954 1980 1013 est
2026 968 2164 1013 una
2202 955 2269 1013 et

724 1052 954 1119 eadem
987 1061 1207 1120 tecum
1273 1052 1657 1122 voluntas?
1713 1053 1873 1122 Scio
1928 1053 2114 1144 quod
2169 1054 2269 1121 ni-

724 1157 818 1226 hil
848 1182 864 1228 :
898 1170 1170 1251 propter
1199 1158 1384 1254 quod
1458 1186 1653 1254 rogo,
1711 1163 2003 1231 Domine
2034 1164 2259 1242 Pater,

736 1270 1070 1347 «Emitte,
1109 1295 1142 1336 s
1185 1280 1373 1339 extra
1403 1272 1620 1338 mitte.
1668 1271 1971 1361 Sapient.
2008 1294 2103 1347 lx,
2135 1272 2256 1338 10:

720 1378 916 1445 Mitte
953 1378 1154 1446 illam
1197 1379 1281 1446 de
1333 1378 1520 1447 coelis
1571 1381 1825 1446 sanctis
1890 1380 2054 1455 tuis,
2087 1387 2151 1445 et
2216 1402 2259 1444 a

716 1489 869 1556 sede
897 1488 1397 1577 maqnitudinis
1427 1495 1584 1554 tuae.
1621 1487 1784 1554 ttaec
1841 1495 1943 1554 est
1983 1507 2255 1564 manus,

719 1617 870 1686 quae
902 1596 1211 1686 quamvis
1244 1597 1658 1673 incurvetur,
1696 1618 1832 1662 non
1865 1603 2097 1661 tamen
2133 1592 2260 1661 ab-

716 1700 1078 1770 breviatur.
1121 1702 1250 1769 lsa.
1288 1725 1347 1782 ι,
1383 1704 1422 1769 2
1459 1726 1473 1770 :
1511 1702 1874 1791 Numquid
1899 1698 2257 1768 abbrevia-

716 1818 786 1876 ta
833 1819 896 1876 et
949 1809 1251 1900 parvula
1284 1811 1481 1900 sacta
1519 1819 1616 1876 est
1678 1831 1928 1876 manus
1957 1832 2135 1889 mea,
2180 1818 2257 1876 ut

712 1940 846 1984 non
877 1919 1135 2008 possim
1174 1916 1568 1986 redimere?
1604 1916 1776 1995 lmo,
1830 1916 2047 1985 multo
2106 1939 2254 1984 me-

711 2023 841 2091 lius
904 2033 969 2092 et
1004 2024 1297 2115 paratius
1362 2025 1582 2115 potuit
1636 2025 2010 2104 incarnata,
2046 2046 2251 2114 quain

371 2157 459 2224 0131
497 2159 590 2203 ιιιιι
614 2159 683 2203 «ιι-
711 2142 889 2201 ante.
923 2132 1142 2223 liujus
1186 2155 1427 2200 nianus
1466 2135 1768 2224 quinque
1823 2140 1983 2199 sunt
2022 2131 2241 2223 digiti.

390 2213 667 2314 melu-2¹13?
713 2241 946 2310 Pollex
1002 2244 1300 2332 primus:
1363 2241 1634 2332 quando
1686 2243 1869 2309 enim
1937 2241 2244 2310 Christus

714 2348 1169 2441 promittebat,
1211 2350 1401 2441 quasi
1461 2349 1775 2441 pollicem
1842 2348 2253 2417 extendebat

711 2456 851 2526 liaec
892 2480 1172 2525 manus:
1209 2456 1451 2549 pollex
1516 2457 1697 2524 enim
1754 2478 1793 2522 a
1861 2455 2247 2546 pollicendo

708 2565 970 2633 dicitur.
1016 2563 1255 2631 Matth.
1293 2586 1385 2641 tv,
1425 2563 1545 2630 17:
1586 2563 2068 2629 l'oenitentiam
2100 2564 2246 2653 aqi-

705 2685 790 2750 te,
833 2671 1415 2766 appropinquabit
1474 2672 1654 2739 enim
1712 2692 1999 2761 reqnum
2038 2669 2248 2739 coelo-

702 2803 880 2850 rum.
943 2778 1319 2859 Secundus,
1380 2778 1614 2855 index,
1673 2800 1877 2867 quem
1945 2777 2246 2845 extendit

699 2887 1002 2956 Christus
1064 2886 1263 2955 nobis
1333 2885 1601 2954 Patrem
1678 2884 2239 2953 demonstrando.

694 2995 893 3064 Joan.
930 3021 976 3079 ι,
1017 2997 1136 3064 ¹8:
1177 2994 1583 3085 L'niqenitus
1609 2993 1833 3083 filius,
1866 2996 1992 3084 qui
2036 3002 2134 3061 est
2168 2994 2237 3060 in

695 3105 854 3171 sinu
909 3103 1167 3179 Patris,
1235 3104 1377 3195 ipse
1411 3102 1786 3180 enarravit,
1830 3098 2089 3169 scilicet
2115 3121 2238 3167 uo-

696 3209 820 3277 his.
853 3209 1141 3288 Tertius,
1173 3207 1464 3276 medius.
1500 3206 1700 3275 llunc
1748 3207 2052 3275 extendit
2092 3205 2234 3275 haec

692 3338 955 3397 manus,
988 3316 1261 3408 quando
1309 3314 1734 3384 orationibus
1773 3322 1838 3383 et
1907 3316 2232 3382 interces-

689 3427 991 3496 sionibus
1034 3425 1477 3494 mediatorem
1543 3447 1615 3492 se
1669 3424 1826 3492 fecit
1881 3423 2123 3504 nostri,
2165 3432 2233 3491 et

690 3534 834 3603 Dei.
869 3535 896 3601 1
927 3534 1009 3601 ad
1045 3532 1342 3602 Timoth.
1382 3556 1452 3609 ιι,
1486 3535 1562 3601 5;
1640 3534 1830 3600 Unus
1888 3530 2229 3598 mediator

685 3646 815 3712 Dei
837 3655 901 3713 et
940 3644 1322 3722 hominum,
1361 3641 1565 3710 liomo
1625 3640 1937 3710 Christus
1997 3641 2219 3709 Jesus.

683 3750 999 3832 Quartus,
1031 3749 1354 3819 medicus.
1389 3748 1587 3816 Hunc
1610 3747 1916 3816 extendit
1945 3746 2221 3837 quando

682 3860 1101 3930 infirmitates
1137 3859 1427 3937 sanavit,
1470 3858 1769 3925 maxime
1805 3855 2216 3948 spirituales.

685 3967 918 4037 Matth.
960 3991 1054 4050 xx,
1099 3970 1220 4036 ¹2:
1261 3969 1415 4037 Non
1468 3974 1567 4034 est
1620 3988 1793 4056 opus
1830 3962 2222 4033 valentibus

683 4077 999 4146 medicuS.
1036 4077 1197 4147 Luc.
1238 4101 1306 4154 v,
1342 4077 1453 4155 31.
1495 4073 1829 4143 similiter.
1893 4072 2212 4154 Quintus,

678 4181 1115 4258 auricularis,
1150 4182 1264 4272 qui
1298 4187 1602 4249 removet
1629 4179 1714 4246 ab
1756 4177 2036 4247 auribus
2083 4178 2216 4245 im-

676 4291 1159 4382 pedimentum.
1196 4288 1393 4356 llunc
1430 4287 1733 4357 extendit
1790 4295 2024 4355 nostra
2063 4308 2215 4353 ma-

672 4421 825 4477 nus,
858 4397 1218 4488 aperiendo
1284 4417 1481 4464 aures
1544 4404 1609 4463 et
1667 4391 2078 4474 materiales,
2145 4402 2212 4463 et

671 4504 1073 4599 spirituales.
1148 4503 1280 4571 Isa.
1361 4525 1567 4580 xxxv,
1629 4505 1696 4584 5,
1765 4501 1847 4570 de
1905 4502 2145 4592 primis
2185 4523 2201 4570 ε

675 4616 855 4684 Tunc
891 4612 1281 4704 aperientur
1306 4609 1496 4678 oculi
1529 4631 1882 4687 caeeorum,
1905 4619 1971 4676 et
2008 4631 2209 4676 aures

666 4721 1031 4791 surdorum
1081 4717 1439 4811 patebunt.
1483 4714 1581 4784 De
1656 4716 1996 4794 secundis,
2040 4714 2202 4785 Luc.

667 4851 850 4907 xxiv,
882 4830 965 4898 45
994 4850 1011 4896 :
1041 4829 1332 4919 Aperuit
1370 4826 1521 4894 illis
1545 4847 1843 4906 sensum,
1889 4834 1966 4892 ut
1999 4823 2207 4893 intel-

665 4941 948 5033 liqerent
981 4936 1399 5027 Scripturas.

754 5191 787 5225 «
817 5160 1027 5250 Eripe
1053 5179 1181 5224 me.
1220 5181 1254 5217 n
1313 5152 1441 5220 llic
1495 5150 1899 5233 secundum,
1970 5152 2037 5218 in
2069 5171 2205 5240 quo

660 5269 1089 5359 subjungitur
1149 5265 1348 5337 ratio,
1410 5281 1619 5350 quare
1683 5260 1874 5349 petit,
1924 5258 2201 5349 duplex.

659 5379 890 5451 Prima
924 5382 1025 5444 est
1069 5372 1327 5464 ereptio
1378 5368 1464 5438 ab
1503 5366 2027 5437 adversitatibus
2077 5369 2205 5436 im-

655 5481 1134 5582 pugnantibus».
1178 5476 1517 5559 Secunda,
1567 5475 1651 5544 ab
1712 5475 2209 5569 impugnatori-

657 5598 806 5677 bus,
852 5622 885 5658 «
918 5594 1010 5661 Et
1040 5588 1257 5658 libera
1321 5608 1431 5654 me
1465 5585 1550 5654 de
1585 5608 1821 5654 manu.
1863 5610 1896 5651 ι

2378 837 2504 904 36:
2549 839 2633 906 Si
2659 861 2776 904 vos
2811 838 3041 904 Filius
3073 837 3484 915 liberaverit,
3539 859 3687 903 vere
3728 834 3926 901 liberi

2373 946 2588 1015 eritiS.
2625 945 2905 1025 Quare?
2932 948 3088 1036 quia
3120 944 3306 1012 dabit
3351 947 3662 1035 spiritum
3723 943 3925 1009 liber·

2371 1051 2554 1118 tatis.
2591 1050 2649 1116 11
2682 1050 2767 1117 ad
2816 1049 3121 1118 Corinth.
3170 1072 3263 1125 ιιι,
3314 1052 3390 1115 Π
3438 1069 3454 1116 z
3534 1047 3666 1115 [lbi
3719 1047 3922 1138 spiri·

2372 1166 2482 1224 tus
2513 1160 2822 1241 Domini,
2860 1158 2957 1226 ibi
2981 1157 3282 1224 libertas.
3305 1155 3364 1221 11
3400 1155 3659 1233 Petr.u‚
3695 1156 3921 1223 92No·

2369 1267 2466 1332 vit
2516 1267 2861 1334 Dominus
2908 1267 3064 1357 pios
3111 1266 3193 1331 de
3236 1264 3606 1330 tentatione
3633 1263 3911 1353 eripere.

2460 1519 2494 1560 «
2530 1497 2623 1562 Et
2656 1493 2872 1562 libera
2901 1517 3029 1562 me.
3076 1522 3110 1558 »
3156 1493 3283 1561 Hic
3315 1492 3688 1561 secundum
3725 1510 3743 1561 ε
3787 1490 3916 1560 hoc

2365 1607 2549 1672 enim
2590 1607 2861 1695 respicit
2899 1605 2982 1673 ad
3021 1627 3311 1695 sequens
3349 1627 3362 1670 :
3397 1602 3665 1692 singula
3733 1601 3913 1668 euim

2364 1711 2571 1780 verba
2609 1711 2896 1803 singulis
2939 1710 3257 1779 clausulis
3315 1719 3472 1777 sunt
3541 1709 3909 1778 reddenda.

2362 1817 2447 1886 Et
2495 1820 2744 1909 primo,
2780 1818 2945 1909 petit
3002 1818 3085 1885 ab
3130 1817 3421 1884 inimicis
3460 1816 3908 1905 ereptionem.

2363 1925 2706 2002 Secundo,
2753 1925 3180 1992 inimicorum
3215 1922 3568 2012 subjungit
3604 1922 3908 2010 descrip-

2361 2034 2646 2114 tionem,
2683 2032 2800 2112 ibi,
2834 2041 2897 2109 ᾗ.
2942 2033 3024 2100 8:
3082 2059 3111 2094 ιι
3144 2032 3449 2115 Quorum
3473 2053 3569 2099 os,
3610 2053 3641 2094 s

2448 2142 2563 2208 Ait
2601 2141 2815 2209 enim:
2862 2140 2977 2208 Sic
3005 2141 3185 2230 eripe
3211 2163 3316 2206 me
3349 2136 3919 2205 detribulationi-

2357 2250 2509 2326 bus,
2549 2275 2581 2315 α
2617 2260 2680 2318 et
2722 2249 2941 2317 libera
2972 2273 3099 2325 me,
3137 2275 3170 2312 s
3243 2272 3363 2339 por
3418 2248 3728 2314 eamdem
3774 2268 3915 2312 ma-

2356 2377 2550 2431 num,
2598 2380 2632 2419 ox
2675 2353 2758 2420 de
2796 2374 3034 2427 manu.
3085 2378 3116 2417 ιο
3151 2351 3233 2420 de
3267 2359 3621 2441 potestate,
3658 2378 3691 2412 α
3724 2349 3911 2438 filio-

2356 2481 2510 2526 rum
2535 2458 2949 2538 alienorum,
2988 2483 3020 2522 ιι
3055 2456 3443 2524 daemonum
3476 2453 3754 2526 scilicet.
3791 2454 3908 2543 qui

2357 2570 2610 2638 multos
2652 2570 2823 2638 alios
2854 2577 3177 2658 generant
3218 2568 3286 2634 in
3336 2565 3465 2634 hoc
3497 2564 3753 2632 mundo
3788 2566 3903 2633 tri-

2352 2676 2667 2746 bulantes
2695 2687 2761 2745 et
2792 2676 3170 2767 affligentes
3200 2675 3441 2741 bonos.
3485 2673 3688 2741 Joan.
3753 2695 3900 2749 vni,

2352 2784 2437 2851 44
2483 2807 2497 2851 ι
2556 2785 2678 2852 Vos
2713 2796 3022 2874 expuere
3085 2780 3366 2848 diabolo
3402 2781 3582 2846 estis.
3648 2778 3755 2844 Ab
3797 2776 3901 2846 his

2349 2893 2590 2962 alienis
2620 2891 2832 2960 libera
2863 2913 2995 2968 me,
3039 2898 3115 2957 ut
3177 2910 3427 2979 sequar
3472 2886 3901 2956 exhortatio-
3977 2957 3981 2961 ,

2345 3021 2506 3067 nem
2547 2996 2735 3065 illam
2769 2993 3095 3063 Proverb.
3120 3016 3191 3074 v,
3225 2995 3265 3061 9
3310 3014 3325 3058 :
3362 2993 3463 3060 Ne
3491 2991 3607 3059 des
3645 2990 3898 3058 alienis

2344 3107 2670 3176 honorem
2736 3114 2960 3183 tuum,
3002 3111 3064 3171 et
3111 3124 3327 3170 annos
3392 3110 3547 3170 tuos
3598 3097 3889 3167 crudeli.

2343 3218 2451 3296 Et,
2487 3214 2783 3295 Baruch,
2826 3238 2920 3292 1v,
2955 3214 2994 3282 3
3032 3235 3047 3282 τ
3081 3215 3183 3282 Ne
3209 3211 3450 3279 tradas
3479 3210 3690 3278 alteri
3729 3210 3895 3299 qlo-

2338 3329 2519 3396 riam
2569 3336 2789 3401 tuam,
2844 3333 2908 3391 et
2968 3324 3377 3414 diqnitatem
3420 3318 3642 3388 tuam
3698 3321 3891 3410 qenti

2337 3435 2583 3505 alienae
2613 3457 2637 3502 .·
2667 3454 2753 3500 ne
2787 3431 2909 3499 iias
2964 3429 3227 3497 alienus
3282 3430 3455 3496 sicut
3487 3429 3639 3519 ipsi.
3683 3425 3884 3506 Osee,

2337 3566 2429 3619 ix,
2479 3543 2560 3609 to
2596 3563 2613 3609 ε
2653 3538 3056 3609 Abalienati
3090 3545 3254 3604 sunt
3284 3538 3355 3604 in
3384 3539 3883 3626 confusionem,

2332 3662 2396 3721 et
2412 3651 2592 3743 sacti
2615 3657 2780 3717 sunt
2807 3644 3332 3715 abominabiles.

2418 3994 2452 4037 ι
2488 3970 2800 4054 Quorum
2864 3989 2937 4034 os
2977 3965 3281 4034 locutum
3309 3974 3429 4034 est.
3478 3992 3512 4028 n
3582 3964 3709 4033 llic
3763 3987 3877 4034 se-

2324 4076 2651 4154 cundum,
2688 4075 2756 4143 in
2788 4096 2924 4165 quo
2964 4073 3402 4164 subjungitur
3432 4073 3871 4141 inimicorum

2323 4184 2687 4275 descriptio
2717 4181 3076 4251 aduobus.
3127 4182 3177 4248 A
3231 4204 3407 4249 vana
3464 4180 3873 4272 loquacitate

2323 4295 2573 4385 primo,
2605 4299 2729 4361 eta
2772 4289 3212 4381 perversitate
3252 4290 3476 4380 operis
3540 4288 3866 4365 secundo,

2321 4402 2441 4482 ibi,
2478 4429 2512 4465 α
2536 4403 2634 4471 Et
2662 4400 2940 4469 dextera
2968 4420 3229 4468 eorum.
3258 4425 3289 4460 n

2414 4507 2597 4578 Dicit
2633 4530 2797 4600 ergo
2832 4529 2849 4577 ε
2895 4505 3007 4576 Sic
3048 4506 3281 4598 rogavi
3335 4512 3412 4572 ut
3466 4526 3578 4573 me
3622 4502 3873 4575 liberes

2319 4617 2404 4686 de
2432 4638 2646 4684 manu
2686 4613 2980 4681 tiliorum
3026 4611 3434 4691 alienorum,
3507 4637 3537 4675 ι
3574 4633 3871 4702 quorum

2316 4747 2390 4794 os
2422 4723 2733 4793 locutum
2770 4730 2867 4788 est
2895 4724 3297 4788 vanitatem.
3328 4718 3404 4785 ln
3448 4717 3629 4787 Psal.
3668 4742 3763 4801 xi,
3799 4721 3866 4805 3,

2277 4825 2524 4922 'supra
2558 4852 2574 4898 ε
2621 4830 2808 4898 Vana
2850 4828 3063 4897 locuti
3085 4836 3247 4895 sunt
3275 4828 3744 4919 unusquisque
3780 4827 3877 4896 ad

2310 4939 2717 5030 proximum
2784 4957 3017 5004 suum.
3088 4933 3115 5000 1
3174 4934 3259 5002 ad
3300 4933 3600 5004 Timoth.
3645 4957 3693 5012 1,
3763 4936 3866 5005 6:

2318 5044 2641 5114 Conversi
2673 5052 2836 5112 sunt
2883 5043 2952 5110 in
3022 5041 3530 5133 vaniloquium.
3590 5040 3873 5109 Vanilo-

2317 5153 2554 5245 quium
2597 5159 2699 5219 est
2748 5148 3077 5241 quidquid
3134 5158 3234 5216 est
3291 5150 3734 5239 impertinens
3783 5147 3867 5216 ad

2315 5261 2697 5340 scientiam,
2722 5265 2788 5326 et
2817 5257 3169 5325 scientiam
3201 5256 3351 5326 Dei.
3389 5254 3693 5345 Sapient.
3718 5279 3864 5339 xnr,

2320 5371 2347 5436 i
2406 5392 2421 5438 ε
2476 5368 2649 5436 Vani
2674 5375 2836 5435 sunt
2865 5387 3095 5433 omnes
3121 5364 3450 5443 homines,
3499 5365 3569 5431 in
3613 5364 3867 5457 quibus

2312 5501 2448 5547 non
2482 5474 2713 5547 subest
2745 5475 3029 5544 scientia
3054 5474 3211 5544 Dei.

2407 5612 2441 5651 α
2477 5586 2575 5653 Et
2604 5583 2884 5652 dextera
2940 5604 3201 5664 eorum,
3237 5606 3273 5644 ι
3335 5603 3571 5652 eorum
3614 5581 3870 5652 scilieet
