5008 6329
380 1134 500 1195 lo

635 283 758 351 150

627 450 755 520 hos
792 453 1085 523 habebat
1114 452 1395 533 locu105,
1431 458 1494 517 et
1532 458 1674 518 erat
1704 450 1871 518 fur¹.
1915 451 2165 519 Jerem.

626 583 746 639 vn,
786 564 867 631 18
903 587 918 630 :
955 561 1126 629 Filii
1175 559 1518 648 colliqunt
1558 560 1777 650 liqna,
1839 570 1903 627 et
1935 571 2171 652 patres

626 670 1042 737 succendunt
1072 668 1315 755 iynem,
1377 675 1440 733 et
1495 667 1813 734 mulieres
1858 689 2173 756 consper-

625 788 802 871 qunt
856 776 1151 865 adipem.

722 1128 756 1168 a
806 1105 1140 1171 Nutantes
1203 1101 1730 1187 transferantur.
1769 1125 1798 1158 »
1875 1098 2001 1165 llic
2033 1105 2173 1165 ter-

627 1213 823 1280 tium.
895 1210 1102 1290 Quasi
1161 1208 1452 1274 diceret:
1527 1204 1638 1273 Sic
1694 1207 1829 1273 sint
1883 1204 2169 1296 orphani

623 1317 767 1397 filii,
848 1340 1024 1386 uxor
1087 1314 1316 1396 vidua,
1391 1324 1454 1380 et
1493 1312 1612 1380 filii
1658 1338 1691 1378 a
1735 1321 2076 1390 nutanteS,
2133 1338 2165 1377 n

621 1438 875 1510 mente,
939 1454 972 1490 α
1032 1425 1562 1512 transferantur,
1627 1451 1658 1486 υ
1731 1423 2168 1490 instabilitate

621 1539 941 1605 exteriori
1003 1556 1017 1602 :
1097 1533 1228 1600 hoc
1297 1535 1479 1600 enim
1555 1532 1712 1601 facit
1787 1541 2164 1623 peccatum.

619 1644 863 1712 Gencs.
901 1667 995 1723 ιν,
1039 1643 1140 1721 16,
1177 1641 1342 1709 Cain
1373 1649 1527 1730 post
1591 1640 2034 1707 fratricidium
2068 1639 2170 1706 1η-

617 1761 763 1820 ctus
793 1762 894 1820 est
919 1772 1135 1839 vagus
1165 1758 1229 1814 et
1271 1747 1598 1837 profugus
1638 1769 1841 1836 super
1887 1755 2164 1814 terram.

614 1858 861 1927 Thren.
914 1882 965 1942 1,
1007 1857 1046 1924 8
1091 1877 1106 1921 ε
1142 1858 1503 1922 Peccatum
1544 1856 1846 1944 peccavit
1897 1855 2172 1921 Jerusa-

619 1969 776 2051 lem,
813 1976 1175 2059 propterea
1232 1961 1580 2031 instabilis
1606 1965 1799 2052 sacta
1857 1972 1976 2030 est.
2008 1963 2166 2043 Job.

615 2097 804 2152 xvia,
840 2075 931 2141 4:
998 2071 1514 2159 Transfereutur
1566 2092 1794 2159 rupee,
1857 2070 2169 2138 homines

617 2181 871 2250 scilieet
928 2179 1043 2271 qui
1102 2177 1415 2245 videntur
1453 2176 1728 2244 stabiles
1785 2185 1850 2243 et
1933 2177 2164 2256 forteS‚

618 2289 702 2356 de
761 2287 907 2356 loco
950 2308 1101 2363 suo.
1149 2293 1423 2375 propter
1452 2284 1722 2374 culpam
1770 2307 1996 2354 suam.
2032 2285 2171 2353 Nec

619 2404 885 2466 tantum
917 2393 1135 2464 reddit
1175 2391 1521 2460 instabiles
1550 2400 1882 2483 quantum
1922 2393 2010 2460 ad
2065 2394 2174 2461 lo-

620 2527 803 2582 cum,
864 2501 984 2570 sed
1044 2500 1251 2567 etiam
1308 2508 1638 2589 quantum
1680 2499 1762 2567 ad
1796 2522 1968 2590 opus
2009 2523 2163 2590 pro·

622 2611 872 2701 prium,
897 2605 1223 2675 Proverb.
1250 2628 1342 2683 xi,
1380 2608 1455 2672 ¹8
1483 2608 1786 2697 :Impius
1811 2608 2173 2697 jacitopus

621 2717 968 2787 instabile.
1016 2715 1093 2783 Et
1125 2716 1327 2782 etiam
1360 2724 1690 2805 quantum
1732 2715 1817 2782 ad
1857 2718 2172 2807 proposi-

620 2835 792 2903 tum,
831 2824 1135 2915 Sapienl.
1181 2846 1274 2900 tv,
1309 2825 1347 2890 3
1383 2845 1399 2889 t
1432 2825 1691 2913 Spuria
1723 2823 2170 2905 vitulamina,

618 2932 874 3001 scilicet
923 2931 1374 3023 plantationes
1408 2929 1824 3013 adulterium,
1867 2956 2002 3000 uon
2035 2933 2170 3000 da-

624 3038 793 3107 bunt
835 3037 1101 3107 radices
1162 3036 1369 3114 altas,
1437 3060 1555 3103 uec
1605 3036 1858 3105 stabile
1912 3037 2174 3127 sunda·

622 3156 926 3215 mentum
969 3142 1424 3212 collocabunt.

718 3393 749 3425 «ι
820 3365 916 3432 Et
980 3360 1379 3430 ›uendit-ent.
1459 3388 1493 3428 x·
1554 3364 1682 3433 llic
1768 3366 2180 3457 imprecatur

622 3482 942 3563 quartum
1011 3470 1291 3550 malum,
1360 3471 1615 3541 scilicet
1673 3485 2171 3565 paupertatem.

622 3579 966 3658 Secundo,
999 3578 1297 3646 ostendit
1326 3580 1607 3648 modum
1647 3604 1785 3673 quo
1815 3583 1958 3651 lieri
2011 3608 2170 3674 pos·

618 3687 707 3756 sit
734 3695 922 3756 tanta
960 3695 1343 3777 paupertas,
1379 3686 1566 3769 ihm.
1601 3692 1667 3756 11
1703 3712 1718 3757 :
1751 3721 1784 3753 ιι
1808 3694 2170 3763 Ser-utetur

616 3797 1026 3884 loenerator.
1074 3819 1111 3856 n

710 3899 787 3969 ln
817 3901 1036 3992 prima
1066 3898 1225 3979 duo,
1295 3901 1664 3972 secundum
1724 3905 1862 3973 duo
1910 3908 1980 3975 in
2013 3910 2175 3999 qui-

616 4009 746 4076 bus
774 4018 875 4077 est
911 4009 1297 4078 arctissima
1371 4022 1754 4103 paupertas».
1834 4015 2168 4093 Primum,

618 4114 921 4186 delectus
949 4116 1109 4185 cibi.
1164 4116 1583 4197 Secundum.
1631 4120 1789 4200 loci,
1837 4124 1956 4201 ibi,
1993 4151 2025 4190 ι
2079 4128 2174 4195 ΕΙ

616 4231 1026 4321 ejiciantur.
1062 4251 1096 4291 ι

705 4338 886 4405 Dicit
947 4355 1112 4422 ergo
1174 4354 1192 4401 ε
1271 4331 1386 4403 Sic
1457 4335 1950 4407 transferantur
2013 4340 2170 4410 sacti

615 4440 993 4522 instabiles,
1056 4466 1089 4500 ιι
1151 4446 1217 4505 et
1254 4438 1630 4508 mendicent
1697 4466 1731 4506 ι
1795 4442 1985 4512 cibos
2025 4468 2164 4536 prae

617 4551 874 4642 inopia.
904 4548 1454 4626 sorem.xvm‚21
1496 4568 1514 4615 :
1556 4550 1669 4618 Da
1704 4549 1895 4640 filios
1932 4577 2165 4623 eorum

616 4661 686 4728 iu
714 4662 1003 4749 samem.
1052 4653 1210 4734 Job,
1244 4677 1361 4736 xx,
1412 4658 1493 4723 w
1522 4680 1547 4725 .·
1586 4659 1763 4727 Filii
1814 4659 1972 4751 ejus
2001 4674 2169 4731 atte-

614 4776 853 4835 rentur
907 4773 1222 4856 eye-state.
1286 4761 1615 4835 Proverb.
1683 4789 1802 4847 xx.
1854 4769 1938 4837 t.-
1966 4773 2166 4840 Meu-

615 4871 876 4943 dicabit
911 4881 1172 4957 «estate,
1204 4880 1268 4939 et
1301 4895 1436 4939 nou
1478 4871 1759 4942 dabitur
1796 4875 1933 4946 illi.

705 5010 741 5050 α
771 4987 866 5054 Et
892 4984 1270 5073 ejiciantur
1280 4983 1365 5050 de
1379 4981 1926 5057 habitationibus
1942 4990 2157 5068 suis.»

613 5101 688 5162 ut
726 5099 1004 5162 careant
1055 5088 1223 5160 locis
1286 5091 1372 5159 ad
1430 5090 1946 5163 inhabitandum
1997 5121 2164 5187 pro-

610 5200 801 5290 priiS.
867 5196 1029 5278 Job,
1105 5219 1296 5275 xvtu.
1361 5198 1492 5267 14:
1534 5200 1903 5269 Aoettatur
1947 5203 2032 5270 de
2060 5216 2161 5272 ta·

611 5305 984 5376 bernaculo
1054 5326 1182 5373 suo
1241 5305 1504 5395 fiducia
1570 5305 1748 5395 ejus.
1809 5309 1941 5378 Isa.
1985 5334 2154 5398 xxii,

613 5414 694 5482 19
727 5437 753 5482 .·
785 5409 1158 5505 Expellam
1198 5420 1262 5480 te
1297 5412 1383 5480 de
1402 5415 1695 5483 statione
1728 5425 1878 5485 tua.

679 5641 698 5678 ¹
726 5643 899 5702 toan.
929 5657 1037 5714 ιιι,
1068 5645 1122 5698 6.

1616 278 1697 344 D.
1752 278 1949 344 ALB.
2003 223 2477 345 MAG.'0RD.
2534 277 2827 344 PRAED.

2367 478 2398 517 α
2458 454 2816 522 Scrutetur
2858 455 3256 543 faenerator.
3332 482 3365 516 »
3426 455 3554 524 Hic
3584 480 3828 525 secun-

2274 560 2460 641 dum,
2507 563 2574 628 in
2633 585 2768 652 quo
2839 562 3138 630 ostendit
3204 562 3513 646 modum,
3567 587 3703 653 quo
3748 565 3831 631 ad

2277 674 2530 733 tantam
2590 675 3057 756 paupertatem
3103 676 3426 758 poterunt
3480 669 3826 752 devenire,

2276 774 2434 862 quia
2489 772 2648 839 due.
2704 774 2835 841 Per
2887 777 3320 863 praesentiam
3352 776 3705 866 spoliantis
3763 785 3831 842 et

2275 880 2673 970 diripientiS,
2718 883 2965 971 prim0.
3031 881 3376 962 Secundo,
3419 906 3541 975 per
3606 907 3830 952 caren-

2275 988 2437 1054 tiam
2494 989 2902 1077 adjuvanti3‚
2982 989 3100 1067 ihi,
3143 996 3209 1065 ᾗ.
3280 993 3409 1056 12:
3449 1017 3483 1053 α
3531 992 3687 1058 Nou
3740 992 3832 1057 sit

2276 1095 2412 1162 illi.
2444 1121 2476 1160 »

2366 1189 2682 1292 Spolians
2746 1212 2848 1272 est
2895 1204 3147 1295 duplex
3193 1227 3208 1271 ε
3254 1211 3373 1272 aut
3416 1204 3543 1272 sub
3583 1204 3830 1295 pallia-

2275 1313 2456 1378 tione
2488 1312 2674 1391 boni,
2717 1320 2783 1379 et
2840 1319 2941 1379 est
2990 1311 3359 1380 foenerator
3403 1335 3418 1380 ε
3481 1321 3598 1380 aut
3655 1314 3826 1395 sine,

2275 1427 2338 1485 et
2377 1428 2474 1484 est
2508 1429 2759 1508 raptor,
2797 1418 2915 1498 ibi,
2953 1447 2988 1483 α
3022 1422 3120 1487 Et
3157 1420 3521 1511 diripiant.
3569 1446 3603 1486 a

2363 1524 2534 1592 Dicit
2566 1547 2727 1615 ergo
2757 1546 2772 1592 ε
2821 1524 2934 1594 Sic
2966 1549 3161 1616 roge,
3198 1529 3382 1617 quod
3416 1529 3826 1615 mendicent,

2274 1640 2340 1702 et
2399 1635 2814 1722 ejiciantur:
2882 1635 3070 1723 quod
3129 1636 3228 1703 sic
3295 1637 3543 1726 poterit
3612 1637 3756 1705 lieri
3810 1661 3826 1706 ε

2278 1767 2309 1805 α
2361 1745 2730 1829 soenerator
2790 1750 3134 1808 scrutetur
3196 1764 3465 1809 omnem
3509 1743 3834 1811 substan-

2274 1848 2442 1913 tiam
2491 1846 2670 1934 ejuS,
2707 1872 2740 1911 »
2774 1855 3140 1938 postquam
3182 1859 3424 1917 mutuo
3473 1853 3828 1941 acceperit,

2274 1964 2338 2024 et
2378 1978 2515 2022 non
2546 1954 2847 2023 solverit.
2888 1955 3139 2048 Supra,
3174 1957 3357 2025 Psal.
3411 1982 3648 2038 xxxvr,
3693 1963 3770 2027 21
3814 1982 3830 2028 ε

2274 2062 2714 2132 Mutuabitur
2734 2074 3071 2153 peccator,
3107 2075 3171 2132 et
3205 2088 3343 2133 non
3369 2067 3608 2151 solvet,
3634 2067 3840 2136 foenc·

2275 2172 2477 2241 ratori
2512 2172 2788 2250 scilicet,
2824 2181 2891 2240 et
2920 2173 3144 2242 foenus
3175 2176 3439 2256 crescit,
3466 2185 3534 2245 et
3564 2177 3838 2246 tandem

2278 2282 2361 2350 ad
2420 2280 2711 2349 litteram
2754 2289 2972 2350 totum
3030 2291 3374 2353 scrutatur
3443 2284 3836 2370 foenerator,

2275 2401 2342 2459 et
2397 2400 2614 2481 portat
2647 2414 2905 2458 secum.
2939 2391 3205 2471 Abdiae,
3236 2400 3301 2470 ἵ.
3338 2395 3379 2461 6
3422 2416 3437 2462 :
3482 2396 3836 2481 Quomodo

2270 2500 2559 2565 scrutati
2592 2507 2754 2565 sunt
2784 2500 3002 2580 Esau,
3046 2500 3625 2591 incestiqaceruut
3681 2501 3842 2570 abs-

2276 2608 2547 2674 condita
2578 2606 2734 2696 ejus
2768 2606 2809 2673 ἶ)
2828 2606 3155 2699 Magnum
3188 2608 3310 2677 Dei
3337 2608 3747 2679 beneficium
3778 2611 3839 2679 ei

2278 2721 2392 2809 qui
2425 2718 2647 2786 evadit
2681 2718 3058 2809 periculum
3085 2721 3603 2790 soeneratorum.
3652 2722 3835 2790 l’sal.

2278 2851 2457 2904 mxxi,
2520 2829 2594 2894 lt
2639 2851 2653 2894 :
2695 2830 2811 2895 Ec
2839 2830 3069 2897 usuris
3118 2839 3183 2896 et
3262 2832 3632 2923 iniquitate
3663 2833 3845 2900 redi·

2280 2947 2413 3003 treet
2440 2937 2710 3001 animas
2741 2957 3000 3003 eorum.
3048 2935 3134 3004 Et
3158 2937 3497 3008 Jeremias
3544 2939 3842 3031 glorian·

2280 3053 2382 3111 ter
2418 3044 2600 3119 dicit,
2633 3042 2890 3112 Jerem.
2928 3066 3048 3124 xv.
3088 3045 3169 3112 10
3206 3069 3222 3113 :
3265 3047 3421 3115 Non
3476 3048 3836 3137 temeravi,

2279 3177 2397 3218 nec
2408 3152 2768 3241 smnerarit
2788 3151 2964 3219 milei
2989 3153 3388 3244 quisquam.
3418 3151 3510 3222 lv
3551 3154 3719 3246 Reg.
3744 3180 3837 3236 ιν,

2293 3262 2309 3325 l
2346 3257 3080 3327 :.lleaeli‹·r...clamabat
3110 3260 3209 3327 ad
3234 3261 3848 3331 Ele'seum...:l;'cce

2280 3366 2569 3432 creditor
2599 3367 2802 3449 venit,
2847 3376 2922 3433 ut
2972 3367 3183 3435 tollat
3211 3367 3385 3435 duos
3419 3370 3609 3459 filios
3638 3395 3840 3438 meos.

2372 3504 2404 3540 ι
2440 3477 2532 3543 ΕΙ
2587 3475 2955 3566 diripiant,
2990 3500 3024 3540 »
3090 3478 3159 3544 in
3231 3487 3497 3569 aperte,
3543 3506 3578 3543 ιι
3622 3479 3840 3546 alieni

2285 3581 2547 3649 labores
2582 3582 2761 3671 ejus,
2807 3610 2841 3645 n
2880 3591 2952 3650 ut
2980 3583 3246 3652 accidat
3312 3586 3374 3653 ei
3411 3585 3576 3654 illud
3620 3586 3749 3655 lsa.
3788 3610 3835 3663 ι,

2282 3689 2320 3755 “i
2356 3710 2373 3754 2
2420 3688 2782 3777 lteqiouem
2823 3698 3116 3757 cestram
3144 3712 3379 3758 coram
3409 3690 3596 3759 vobis
3625 3692 3845 3761 alicui

2281 3791 2628 3859 dei-orant.
2676 3791 2783 3872 Et,
2815 3814 2974 3868 κιιι.
3007 3795 3096 3860 22
3138 3816 3162 3861 .·
3193 3795 3395 3864 Facti
3419 3805 3583 3863 suut
3621 3800 3691 3863 iu
3724 3821 3844 3864 ra-

2273 3901 2542 3991 pinam,
2612 3924 2733 3968 uec
2785 3909 2883 3966 est
2919 3902 3047 3993 qui
3091 3913 3291 3970 eruat
3334 3925 3351 3970 ε
3397 3904 3467 3971 in
3508 3904 3844 3996 direptio-

2278 4032 2453 4083 nem,
2496 4033 2616 4076 uec
2652 4020 2749 4075 est
2814 4011 2940 4101 qui
2978 4010 3167 4077 dicat
3202 4032 3218 4078 :
3263 4011 3513 4079 Redde.
3578 4013 3833 4083 Jercm.

2280 4142 2446 4199 xvu,
2480 4119 2521 4186 3
2554 4139 2571 4187 ε
2604 4121 2856 4187 Onmes
2910 4119 3269 4189 thesauros
3305 4131 3463 4189 tuos
3492 4124 3563 4190 iu
3595 4123 3834 4214 direp-

2276 4229 2523 4294 tionem
2556 4225 2759 4294 dabo.
2784 4226 2965 4295 l'sal.
2991 4249 3319 4307 cxxxviii,
3346 4229 3431 4298 42
3460 4252 3475 4298 :
3511 4233 3834 4323 Diripue-

2275 4344 2435 4401 runt
2463 4358 2616 4402 eum
2655 4358 2884 4403 omues
2913 4345 3342 4405 transeuntes
3389 4338 3599 4408 viam.
3636 4339 3827 4408 Hanc

2275 4441 2818 4511 maledictionem
2861 4464 3001 4511 non
3057 4444 3302 4514 timent
3341 4446 3458 4537 qui
3528 4447 3596 4514 in
3655 4446 3828 4518 coelo

2273 4547 2748 4627 thesaurizant,
2782 4547 3162 4618 secundum
3202 4549 3566 4619 consilium
3598 4551 3831 4621 Domi-

2272 4660 2366 4736 ni.
2436 4655 2675 4726 Mattln.
2718 4680 2813 4736 vt,
2871 4660 3012 4727 20.-
3086 4658 3567 4728 Tleesaurizate
3638 4661 3828 4729 cobis

2268 4766 2619 4833 thesauros
2648 4766 2716 4832 iu
2748 4764 2915 4833 coelo
2946 4787 2972 4833 .·
3012 4763 3136 4834 ubi
3161 4789 3381 4859 neque
3402 4792 3664 4859 aeruqo,
3707 4794 3825 4837 m·-

2266 4897 2397 4964 que
2450 4874 2633 4939 tinea
2705 4872 3105 4957 demolitur,
3164 4882 3231 4941 et
3277 4873 3615 4967 ubifures
3686 4901 3820 4946 nou

2265 4980 2624 5073 effodiunt,
2694 5003 2813 5051 uec
2871 4982 3237 5073 furantur.

2355 5335 2387 5369 a«
2413 5308 2563 5375 Nou
2591 5308 2683 5374 sit
2703 5306 2819 5374 illi
2845 5305 3159 5397 adjutor.
3197 5333 3232 5372 ι
3266 5306 3394 5376 llic
3413 5309 3815 5393 secundum,

2264 5415 2332 5482 in
2372 5438 2509 5505 quo
2547 5414 2961 5506 imprecatur
3002 5412 3324 5503 adjutorii
3384 5417 3753 5487 carentiam
3796 5443 3813 5488 :
