5008 6329
2472 434 2888 503 PSALMUS
2940 435 3213 503 CXVII.
4319 437 4448 501 219

1223 613 1288 667 et
1319 604 1488 668 vita.
1521 602 1724 669 Joan.
1770 628 1891 684 xu,
1938 607 2023 673 34
2058 629 2072 671 ε
2109 608 2248 674 Nos
2279 606 2674 673 audivimus
2704 627 2787 669 ex
2894 604 3135 673 Matth.
3171 629 3238 682 v,
3271 607 3349 672 18
3386 628 3400 670 :
3440 608 3666 673 Unum
3704 607 3873 689 iola,
3908 614 4037 672 aut
4066 624 4245 669 unus
4278 625 4459 691 apex

1234 708 1408 797 leqe,
1464 710 1633 798 quia
1682 711 2001 780 Christus
2039 721 2268 779 manet
2306 714 2378 778 in
2429 720 2780 778 aeternum.
2894 734 3029 777 non
3062 711 3439 801 praeteribit
3477 735 3519 777 a
3551 712 3718 801 leqe,
3747 712 3954 778 donec
3982 710 4215 778 omnia
4242 707 4444 795 fiant.

1230 814 1318 879 lll
1387 815 1645 895 Esdrae,
1708 841 1801 896 w,
1874 821 1959 887 38
2032 841 2047 887 ε
2125 820 2378 886 Veritas
2442 826 2672 882 manet
2727 824 2789 879 61
2897 817 2996 886 De
3026 821 3309 886 veritate
3339 820 3917 897 comminationiS,
3970 815 4212 885 Matth.
4259 838 4449 894 xxxv,

1235 923 1595 991 invalescit
1635 927 1706 992 in
1750 939 2112 1008 aeternum,
2157 934 2220 991 61
2266 926 2434 990 vivit
2491 933 2555 990 et
2611 923 2789 990 obti-
2898 927 3006 1004 35,
3068 933 3432 1017 postquam
3517 925 3729 992 multa
3798 924 4123 990 terribilia
4192 922 4366 990 dixit
4428 943 4442 985 :

1227 1039 1341 1096 1161
1387 1032 1458 1096 in
1501 1034 1758 1100 saecula
1803 1032 2243 1099 saeculorum.
2297 1030 2382 1097 Et
2437 1031 2519 1098 de
2567 1038 2786 1099 ereata
2900 1034 3191 1111 Coelum,
3228 1035 3475 1124 inquit,
3510 1043 3569 1099 61
3600 1045 3783 1100 terra
3815 1029 4263 1099 transibunt:
4305 1051 4450 1095 ver-

1233 1139 1686 1230 quadruplici.
1782 1139 1885 1207 De
1968 1141 2253 1206 veritate
2334 1138 2516 1218 fidei,
2600 1138 2781 1206 Psal·
2897 1144 2983 1211 ba
3017 1155 3248 1212 autem
3286 1167 3439 1213 mea
3476 1167 3610 1211 non
3634 1142 4107 1235 praeteribunt.
4143 1141 4245 1209 De
4275 1140 4451 1207 veri-

1235 1267 1469 1331 cxvut,
1501 1248 1589 1313 90
1633 1268 1649 1311 ε
1736 1246 1821 1312 In
1866 1248 2375 1333 qenerationem
2424 1255 2488 1312 et
2513 1268 2787 1337 qenero-
2895 1260 3032 1319 tate
3086 1252 3583 1342 promissionis,
3645 1251 3928 1318 Numer.
4018 1272 4212 1327 xxm,
4279 1250 4358 1315 19
4424 1268 4440 1314 ε

1221 1355 1476 1421 tionem
1514 1355 1767 1420 veritas
1808 1364 1956 1422 tua.
1996 1354 2322 1422 Proverb.
2346 1377 2468 1432 xn,
2511 1355 2588 1421 19
2616 1375 2630 1421 ἰ
2659 1357 2788 1421 La·
2896 1361 3049 1428 Non
3070 1371 3168 1427 est
3191 1362 3379 1427 Deus
3406 1362 3607 1451 quasi
3642 1362 3867 1436 Ιιοηιο,
3908 1369 3984 1426 ut
4012 1358 4391 1424 mentiatur
4422 1408 4436 1422 .

1230 1463 1422 1530 bium
1440 1464 1751 1531 veritatis
1777 1463 2070 1551 firmum
2091 1466 2220 1532 erit
2252 1466 2323 1531 in
2346 1474 2781 1555 perpetuum.
2895 1490 3014 1534 nec
3052 1478 3129 1535 ut
3163 1468 3361 1556 filius
3399 1468 3722 1552 leominiS,
3757 1476 3836 1533 ul
3861 1475 4190 1534 tituletur.

1228 1572 1331 1640 De
1414 1573 1703 1640 veritate
1771 1575 2243 1642 instructionis
2325 1573 2396 1639 in
2477 1572 2781 1663 agendiS‚

2416 2038 2883 2112 PSALMUS
2945 2040 3247 2111 CXVII.

1776 2380 2213 2449 Gratiarum
2252 2380 2444 2450 actio
2468 2403 2607 2473 pro
2636 2379 2869 2451 salute
2905 2402 3041 2473 per
3073 2380 3445 2450 Christum
3478 2393 3870 2450 consecuta.

1823 2732 2171 2803 Alleluia.
2890 2757 2994 2801 11.
3050 2730 3610 2803 Circumdantes
3787 2731 4437 2803 circumdederunt

1265 2859 1321 2903 1.
1379 2833 1850 2910 Confitemini
1899 2840 2238 2919 Domino,
2265 2841 2612 2935 quoniam
2646 2841 2767 2911 bo·
3151 2860 3301 2908 me:
3356 2856 3422 2908 et
3478 2838 3546 2908 in
3592 2838 3886 2909 nomine
3934 2838 4226 2910 Domini
4261 2838 4434 2931 quia

1481 2967 1645 3029 nus,
1690 2947 2041 3038 quoniam
2094 2947 2165 3017 in
2228 2947 2577 3020 saeculum
2628 2948 2763 3018 mi·
3142 2945 3341 3015 ultus
3374 2967 3536 3014 sum
3573 2945 3643 3015 in
3690 2968 3840 3014 eos.

1485 3051 1876 3123 sericordia
1910 3054 2090 3145 ejus.
2887 3074 2990 3121 12.
3046 3049 3703 3123 Circumdederunt
3761 3075 3876 3124 me
3962 3052 4151 3123 sicut
4227 3075 4426 3146 apes,

1254 3182 1321 3229 2.
1379 3159 1586 3232 Dicat
1635 3185 1834 3235 nunc
1879 3164 2097 3237 Israel
2157 3190 2172 3235 ε
2219 3164 2593 3258 Quoniam
2640 3167 2764 3237 bo·
3142 3178 3210 3231 et
3260 3179 3678 3231 exarserunt
3727 3160 3912 3232 sicut
3945 3159 4135 3254 ignis
4168 3160 4238 3233 in
4271 3161 4431 3256 spi-

1480 3292 1644 3352 nus,
1673 3272 2119 3363 quoniamin
2160 3275 2511 3345 saeculum
2543 3273 2764 3345 mise-
3138 3267 3253 3338 nis
3287 3291 3304 3336 ε
3342 3287 3410 3339 et
3452 3269 3522 3339 in
3578 3268 3872 3339 nomine
3916 3268 4213 3341 Domini
4256 3271 4429 3362 quia

1479 3376 1787 3449 ricordia
1818 3379 2000 3469 ejus.
3141 3376 3340 3445 ultus
3373 3398 3538 3447 sum
3562 3376 3632 3445 in
3667 3399 3816 3446 eos.

1256 3483 1321 3551 3.
1371 3483 1577 3553 Dicat
1640 3506 1833 3556 nunc
1883 3486 2148 3557 domus
2195 3491 2436 3559 Aaron
2494 3511 2510 3556 :
2556 3487 2759 3580 Quo·
2882 3485 2986 3554 13.
3044 3484 3415 3577 Impulsus
3469 3507 3761 3555 eversus
3825 3506 4016 3570 sum,
4080 3503 4162 3555 ut
4204 3486 4425 3557 cade-

1478 3590 1673 3662 niam
1725 3591 1796 3662 in
1859 3595 2207 3666 saeculum
2265 3596 2758 3669 misericordia
3137 3612 3289 3661 rem
3325 3614 3342 3659 2
3379 3609 3447 3661 et
3492 3591 3855 3661 Dominus
3900 3592 4223 3686 suscepit
4273 3613 4416 3664 me·

1472 3697 1654 3787 ejus.
2877 3718 2985 3785 ¹4·
3043 3696 3427 3767 Fortitudo
3458 3717 3643 3782 mea,
3676 3715 3744 3768 et
3775 3697 3931 3768 laus
3962 3718 4121 3768 mea
4159 3697 4421 3769 Domi-

1241 3827 1313 3893 4.
1374 3804 1634 3876 Dicant
1706 3829 1902 3879 nunc
1979 3808 2105 3901 qui
2174 3809 2432 3882 timent
2503 3814 2754 3885 Domi·
3132 3822 3488 3875 nus22et
3519 3804 3746 3875 sactus
3811 3823 3921 3874 est
3976 3803 4160 3876 mihi
4231 3806 4424 3875 salu·

1467 3935 1648 3985 num
1723 3936 1739 3982 ε
1813 3914 2190 4007 Quoniam
2251 3917 2325 3988 in
2402 3920 2752 3991 saeculum
3130 3931 3306 3985 tem.

1464 4020 1966 4094 misericordia
1990 4023 2175 4113 ejus.
2871 4024 2975 4092 15.
3029 4022 3188 4092 Vox
3238 4022 3738 4093 exsultationis
3784 4040 3853 4095 et
3904 4022 4162 4095 salutis
4198 4021 4272 4094 in
4306 4042 4419 4095 ta-

1236 4134 1302 4201 5.
1362 4130 1466 4199 De
1532 4131 2004 4205 tribulatione
2082 4135 2405 4206 invocavi
2501 4137 2751 4209 Domi·
3130 4128 3960 4219 bernaculisjustorum.

1461 4260 1686 4310 num:
1730 4257 1800 4310 et
1833 4240 2197 4313 exaudivit
2239 4265 2356 4315 me
2400 4244 2473 4315 in
2514 4245 2749 4317 latim-
2868 4238 2976 4308 16.
3033 4237 3338 4308 Dextera
3414 4235 3709 4307 Domini
3790 4236 3955 4308 fecit
4032 4238 4413 4328 virtutem,

1460 4344 1632 4417 dine
1668 4348 2057 4420 Dominus.
3121 4362 3411 4432 dextera
3475 4359 3769 4432 Domini
3828 4362 4173 4435 exaltavit
4219 4385 4340 4437 me
4391 4384 4415 4436 t

1232 4452 1304 4521 6.
1366 4453 1728 4525 Dominus
1771 4455 1957 4528 mihi
1987 4454 2326 4548 adjutor:
2362 4482 2503 4533 non
2533 4460 2746 4534 time·
3116 4470 3405 4540 dextera
3450 4467 3745 4540 Domini
3806 4467 3974 4541 fecit
4030 4468 4406 4544 virtutem.

1454 4559 1546 4630 bo
1578 4562 1755 4654 quid
1790 4563 2000 4635 saciat
2044 4565 2226 4638 mihi
2269 4568 2514 4640 homo.
2862 4599 2969 4668 ¹7·
3027 4577 3193 4648 Non
3252 4575 3549 4662 moriar,
3590 4577 3716 4648 sed
3757 4576 3997 4649 vivam
4042 4602 4060 4650 ε
4112 4597 4183 4652 et
4239 4602 4411 4653 nar-

1232 4688 1299 4757 7.
1358 4666 1718 4740 Dominus
1762 4671 1946 4743 mihi
1990 4673 2280 4763 adjutor
2337 4676 2356 4714 ¹
2429 4699 2447 4746 ε
2502 4696 2574 4749 et
2609 4701 2742 4774 ego
3120 4684 3297 4755 rabo
3337 4705 3555 4780 opera
3599 4685 3926 4759 Domini.

1452 4773 1850 4869 despiciam
1886 4778 2221 4852 inimicos
2253 4804 2483 4855 meos.
2860 4793 2968 4863 18.
3025 4790 3412 4887 Castigans
3450 4792 3826 4888 castigavit
3858 4816 3975 4865 me
4013 4794 4401 4883 Dominus,

1225 4879 1299 4950 8.
1361 4881 1648 4954 Bonum
1697 4903 1806 4956 est
1847 4886 2208 4960 confidere
2264 4890 2336 4964 in
2393 4893 2736 4980 Domino,
3115 4916 3186 4971 et
3227 4900 3442 4972 morti
3478 4921 3622 4971 non
3654 4900 3956 4972 tradidit
3987 4921 4135 4973 mc.

1458 5011 1679 5081 quflm
1717 4993 2078 5067 confidere
2110 4995 2182 5067 in
2216 4997 2540 5071 homine.
2855 5030 2962 5102 ¹9·
3014 5008 3312 5102 Aperite
3362 5008 3541 5080 mihi
3573 5028 3820 5102 portas
3863 5008 4162 5100 justitiae
4206 5036 4224 5083 ε
4286 5010 4399 5086 in·

1228 5116 1300 5187 9.
1365 5097 1653 5169 Bonum
1702 5118 1811 5171 est
1873 5124 2159 5195 sperare
2227 5104 2300 5176 in
2391 5108 2731 5193 Domino,
3114 5135 3408 5206 gressus
3467 5113 3539 5185 in
3597 5136 3744 5196 eas,
3787 5114 4192 5188 confitebor
4256 5118 4405 5188 Do-

1451 5227 1674 5297 quam
1707 5230 1997 5302 sperare
2029 5211 2100 5282 in
2135 5213 2615 5309 principibus.
3115 5221 3345 5293 mino.

1188 5330 1298 5379 ¹⁰·
1352 5309 1644 5433 Omnes
1674 5334 1926 5437 8²⁶¹¹¹²⁵
1970 5316 2408 5443 ‘huffe-‘¹³¹¹‘
2454 5344 2574 5394 1¹¹0
2615 5344 2735 5399 :et
2846 5366 2964 5417 20.
3015 5345 3192 5417 Haec
3223 5363 3430 5439 porta
3464 5344 3984 5440 Domini,justi
4017 5347 4397 5422 intrabunt

1448 5440 1524 5488 111
1570 5443 1871 5494 nomine
1934 5424 2235 5497 Domini
2292 5429 2465 5523 quia
2538 5430 2733 5504 ultus
3111 5452 3185 5524 in
3228 5475 3416 5525 eam,

1449 5548 1617 5598 sum
1669 5552 1743 5601 ¹⁰
1777 5554 1927 5603 ⁶⁰⁸·
2843 5582 2961 5631 21.
3006 5557 3430 5630 Confitebor
3502 5557 3637 5630 tibi
3694 5561 4046 5652 quoniam
4105 5563 4399 5636 exaudi·

1252 5762 1271 5798 ¹
1299 5759 1388 5816 Ad
1418 5755 1624 5816 flebr..
1654 5773 1776 5830 xm,
1815 5763 1872 5818 6.
2908 5775 2932 5812 ⁸
2963 5774 3167 5834 Exod..
3200 5791 3297 5848 xv,
3330 5777 3385 5835 2.
