5008 6329
354 2020 544 2087 ¹88

610 323 759 390 ,318

636 522 668 553 «
713 503 988 561 rectum.
1029 517 1060 553 »
1127 488 1285 565 Job,
1348 510 1440 564 tx,
1485 488 1562 554 19
1610 508 1625 552 ε
1698 486 1780 554 Si
1843 485 2189 575 fortitudo

635 604 981 692 quaeritur,
1043 597 1551 664 robustissimum
1599 606 1696 662 est
1738 620 1760 662 .·
1800 596 1863 661 si
1898 595 2191 684 aeqm'tas

623 709 907 797 judicii,
1007 726 1201 770 nemo
1252 704 1460 771 audet
1535 727 1665 794 pro
1730 726 1838 770 me
1890 704 2192 769 testimo-

635 817 822 881 nium
857 813 1096 879 dicere.
1160 808 1367 889 Quasi
1426 811 1681 877 diceret
1745 831 1759 874 :
1812 808 2031 874 Tanta
2090 813 2191 872 est

637 920 988 1000 rectitudo,
1076 919 1256 1009 quod
1312 918 1543 985 nullus
1618 914 1872 1006 poterit
1939 933 2190 1002 negare

636 1032 796 1121 quin
837 1030 1006 1097 bene
1036 1031 1123 1097 sit
1150 1029 1561 1117 judicatum.
1601 1022 1910 1112 Sapient.
1949 1044 2021 1102 ν,
2064 1021 2186 1087 19:

636 1138 881 1206 Induet
901 1160 1029 1228 pro
1067 1137 1339 1202 thorace
1374 1131 1764 1220 justitiam,
1800 1138 1865 1196 et
1905 1128 2192 1218 accipiet

629 1269 755 1336 pro
779 1246 985 1335 qalea
1000 1241 1353 1331 judicium
1385 1248 1670 1315 certum,
1700 1243 1768 1304 et
1788 1243 2078 1318 rectum,
2120 1233 2190 1300 in

641 1375 748 1420 me
785 1347 1170 1440 affligendo.
1213 1343 1485 1413 Daniel.
1511 1367 1608 1424 111,
1645 1345 1728 1410 27
1772 1350 1842 1411 et
1869 1341 1955 1409 28
1993 1364 2008 1408 ε
2058 1340 2191 1408 Viae

636 1471 768 1526 teeae
816 1467 1032 1533 rcctae,
1091 1464 1152 1521 et
1210 1455 1445 1520 omnia
1482 1451 1767 1541 judicia
1825 1459 1949 1516 tua
2002 1469 2188 1514 vera.

638 1565 916 1635 Iudicia
948 1564 1125 1630 enim
1162 1585 1319 1628 vera
1383 1560 1611 1652 fecisti
1662 1557 1889 1647 juxta
1957 1556 2191 1622 omnia

639 1695 787 1762 quse
827 1670 1164 1737 induxisti
1188 1690 1394 1758 super
1429 1690 1578 1734 nos.

729 2022 762 2063 ι
788 1993 1142 2064 Mandasti
1156 1990 1548 2081 justitiam.
1577 2011 1609 2052 n
1635 1986 1767 2054 Hic
1782 1983 2184 2053 secundum.

640 2103 844 2183 Quasi
869 2101 1167 2168 diceret:
1212 2098 1540 2175 Discrete,
1584 2101 1650 2162 et
1681 2098 1859 2161 recte
1889 2090 2184 2180 judicaS,

639 2223 703 2279 et
733 2211 934 2278 etiam
966 2217 1035 2276 tu
1097 2235 1126 2270 α
1157 2205 1531 2284 mandasti,
1573 2230 1604 2265 ι)
1667 2208 1745 2269 ut
1785 2222 2027 2268 omnes
2065 2200 2193 2267 sci-

638 2329 808 2396 rent,
899 2317 1314 2407 «justitiam
1367 2324 1589 2390 tuam,
1637 2338 1671 2377 x·
1733 2311 2185 2380 conservari:

638 2452 815 2521 quae,
877 2429 1154 2517 inquam
1203 2424 1471 2514 justitia
1533 2429 1635 2490 est
1716 2446 1747 2485 α
1796 2419 2189 2487 testimonia

637 2550 757 2603 tua
789 2560 810 2602 :
845 2560 876 2601 ι
914 2536 1056 2625 ipsa
1103 2534 1287 2601 enim
1340 2531 1605 2620 justitia
1634 2550 1791 2596 cum
1823 2526 2190 2593 mandatur

636 2652 702 2712 ct
729 2642 1133 2735 publicatur,
1177 2640 1364 2707 testis
1404 2646 1504 2706 est
1534 2635 1820 2725 justitiae
1852 2632 2185 2701 mandan-

638 2754 742 2826 tis,
795 2750 909 2840 qui
959 2746 1104 2814 vult
1159 2743 1469 2812 subditos
1523 2740 1957 2832 praemunire.
2023 2737 2191 2805 Pro·

632 2856 816 2925 verb.
848 2877 964 2935 xn,
1020 2856 1091 2921 Π
1139 2876 1154 2920 :
1194 2852 1330 2938 Qui
1384 2850 1576 2942 quod
1619 2849 1810 2915 novit
1844 2845 2183 2937 quuitur,

635 2965 839 3033 iudea.-
867 2962 1167 3053 justitia?
1214 2971 1309 3027 cst
1339 2983 1362 3027 .·
1395 2960 1512 3050 qui
1571 2955 1756 3048 quod
1822 2954 2018 3022 novit
2081 2952 2188 3019 fa-

632 3070 945 3140 ciendum
987 3069 1312 3160 loquitur,
1372 3062 1763 3133 mandando
1792 3070 1865 3129 ut
1898 3061 2040 3138 fiat,
2077 3060 2186 3127 in-

634 3181 763 3248 dex
817 3177 1094 3269 justitia>
1139 3183 1265 3258 est,
1319 3196 1471 3266 quoe
1512 3173 1581 3241 in
1611 3170 1836 3260 seipso
1886 3177 2014 3239 est.
2063 3166 2182 3235 Ju-

632 3289 884 3358 stitiam
945 3295 1174 3355 autem
1259 3281 1600 3352 mandasti
1685 3276 2036 3357 omnibus,
2115 3283 2183 3344 et

636 3397 968 3489 praecipue
999 3391 1370 3483 judicibuS.
1418 3389 1726 3479 Sapient.
1771 3409 1816 3465 1,
1859 3388 1885 3454 1
1929 3407 1945 3453 ε
1997 3384 2186 3453 Diti-

627 3508 769 3597 ye'te
797 3505 1183 3596 justitiam,
1224 3503 1347 3593 qm‘
1385 3497 1736 3590 judicatis
1782 3505 2064 3563 terram.
2103 3493 2184 3562 Et

637 3612 969 3682 mandasti
1027 3610 1242 3701 ipsam
1283 3607 1626 3696 justitiam
1677 3630 1711 3669 α
1744 3604 1981 3684 nimis,
2027 3627 2060 3665 n
2116 3601 2183 3669 id

633 3732 761 3806 est,
801 3718 1089 3790 multum
1127 3743 1142 3784 ε
1178 3717 1337 3810 quia
1385 3736 1507 3806 per
1543 3712 1825 3792 mult08,
1857 3718 1924 3779 et
1964 3709 2181 3778 multo

637 3841 937 3920 tempore
975 3848 1124 3893 eam
1155 3823 1367 3891 fecisti
1400 3819 1747 3911 praedicari
1779 3824 1846 3886 et
1872 3817 2183 3909 publica-

637 3940 715 4008 ri.
777 3963 811 4002 ι
858 3938 952 4003 ΕΙ
1025 3934 1374 4000 veritatem
1459 3937 1680 4005 tuam,
1736 3952 1770 3992 ι
1867 3924 2185 3993 similiter

642 4043 998 4120 mandasti,
1069 4062 1202 4131 qua
1254 4036 1477 4106 reddis
1537 4034 1909 4125 unicuique
1940 4040 2015 4101 ut
2044 4054 2184 4100 me·

634 4163 839 4221 retur.
873 4150 975 4218 Ad
1010 4148 1296 4215 Roman.
1324 4168 1395 4224 ιι,
1426 4147 1465 4212 2
1494 4166 1509 4211 ε
1544 4143 1820 4212 Scimus
1847 4142 2178 4232 quoniam

626 4261 981 4352 judicium
1039 4255 1192 4339 Dei,
1234 4253 1301 4322 id
1330 4261 1456 4330 est,
1511 4250 1898 4329 retributio,
1958 4259 2057 4317 est
2083 4272 2182 4316 se-

631 4366 927 4435 cundum
953 4363 1297 4431 veritatem
1324 4361 1393 4426 in
1414 4382 1525 4426 cos
1553 4357 1678 4448 qui
1707 4355 1889 4424 talia
1928 4362 2174 4446 aqemt.

634 4473 1003 4541 Veritatem
1046 4467 1254 4536 etiam
1318 4463 1668 4554 judicibus
1732 4459 2015 4529 mandat
2061 4458 2182 4528 ob·

631 4578 1054 4651 servandam.
1098 4574 1375 4643 Zachar.
1429 4594 1571 4653 vm,
1610 4572 1741 4639 16:
1785 4557 2178 4653 „Veritatem

632 4700 695 4758 et
741 4687 1096 4780 judicium
1148 4682 1346 4775 pacis
1398 4680 1725 4770 judicate
1809 4677 1883 4745 in
1950 4675 2181 4768 portis

631 4797 888 4876 restris,
946 4795 1119 4861 sicut
1206 4800 1274 4860 et
1333 4811 1489 4882 ego.
1573 4784 1858 4879 Apocal.
1930 4807 2048 4865 xv,
2081 4785 2176 4852 3:

628 4903 841 4971 Iusta:-
929 4907 995 4966 et
1082 4918 1254 4965 vera!
1324 4900 1490 4963 sunt
1578 4892 1704 4959 ve‘ae
1794 4899 1957 4974 tuae,
2034 4889 2184 4956 lic-c

629 5006 1056 5076 senatorum.
1137 4999 1317 5070 Psal.
1387 5021 1545 5081 xcv,
1623 4998 1754 5065 13:
1819 4991 2186 5064 Iudicabit

631 5113 857 5183 orbem
897 5122 1236 5180 terrarum
1279 5110 1348 5176 in
1394 5106 1743 5198 «equitate,
1778 5114 1842 5171 et
1885 5101 2185 5196 populos

635 5224 705 5289 in
737 5222 1016 5290 veritate
1040 5242 1192 5286 sua.

717 5675 734 5710 ⁸
762 5670 847 5731 CI.
869 5672 1038 5728 toan.
1070 5682 1137 5739 u,
1170 5668 1256 5723 ¹7.

1619 315 1705 382 D.
1747 313 1953 382 ΑΕΒ.
1998 311 2217 384 MAG.
2263 313 2470 381 ORD.
2517 311 2814 380 PRAED.

2392 509 2426 550 α
2467 482 2817 551 Tabescere
2854 503 2959 549 me
2985 481 3173 571 fecit.
3209 505 3240 542 ν
3273 477 3397 546 llic
3437 476 3833 549 secundum,

2301 593 2366 658 in
2401 614 2536 682 quo
2577 598 2938 681 postquam
2977 587 3312 678 praec-essit
3341 587 3443 652 sui
3476 583 3838 658 accusatio,

2298 711 2363 769 et
2392 701 2895 771 commendatio
2935 699 3181 767 divinae
3215 696 3519 786 justitiae,
3554 692 3843 781 subjun-

2298 810 2393 897 git
2435 809 2517 875 de
2561 807 2727 875 zelo,
2811 807 3125 895 Loquens
3200 826 3360 895 ergo
3428 804 3496 868 in
3551 821 3842 890 persona

2296 916 2577 1004 perfecti
2612 912 2907 998 l'raelati,
2937 912 3300 980 confitetur
3326 910 3445 978 zeli
3480 906 3846 975 vehemen-

2297 1026 2481 1094 tiam.
2526 1025 2842 1094 Secundo
2877 1074 2896 1106 ,
2941 1025 3244 1114 assignat
3299 1021 3466 1090 tanti
3517 1018 3638 1086 zeli
3677 1038 3844 1084 cau-

2297 1159 2470 1216 sam,
2506 1135 2626 1215 ibi,
2664 1161 2697 1202 n
2746 1137 2926 1221 Quia
2965 1134 3169 1202 obliti
3194 1141 3377 1200 sunt.
3418 1155 3449 1196 ι

2387 1247 2568 1315 Dicit
2597 1270 2761 1336 ergo
2797 1270 2812 1315 ε
2850 1246 2987 1327 Sic,
3021 1245 3339 1326 Domine,
3383 1244 3609 1332 justus
3648 1261 3744 1318 es,
3778 1242 3845 1304 et

2298 1361 2577 1444 propter
2604 1352 2735 1421 hoc
2768 1354 2926 1444 quia
2955 1354 3051 1420 sic
3096 1350 3431 1419 mandasti
3480 1344 3840 1436 justitiam,

2302 1484 2335 1525 ι
2368 1459 2558 1526 zelus
2595 1481 2808 1538 meas,
2846 1484 2880 1524 ι
2928 1458 3040 1526 vel
3090 1484 3124 1523 α
3169 1464 3349 1539 tuus,
3383 1483 3415 1517 »ι
3468 1450 3842 1521 secundum

2297 1566 2501 1635 aliam
2561 1566 2881 1646 litteram,
2949 1565 3015 1632 id
3053 1573 3180 1649 est,
3227 1589 3258 1628 α
3302 1562 3489 1629 zelus
3554 1580 3769 1635 meus,
3800 1581 3830 1618 n

2297 1676 2460 1765 quia
2499 1676 2569 1741 in
2599 1682 2662 1742 te
2694 1682 2816 1752 est,
2886 1702 2917 1736 ι
2956 1684 3143 1751 tuus,
3176 1699 3208 1733 n
3280 1673 3436 1762 quia
3493 1692 3531 1736 a
3569 1676 3635 1735 te
3673 1663 3844 1732 mihi

2296 1781 2520 1861 datus,
2579 1781 2950 1850 vehemens
3007 1781 3261 1850 scilicet
3307 1777 3625 1854 charitas,
3675 1799 3708 1840 s
3740 1774 3844 1863 se-

2296 1890 2388 1956 cit
2427 1913 2536 1957 me
2572 1889 2923 1957 tabescere.
2964 1914 2997 1952 n
3052 1888 3422 1955 Tabescere
3474 1884 3656 1952 enim
3687 1882 3845 1949 fac-it

2297 1995 2656 2064 infirmitas
2707 2004 2774 2065 et
2819 2017 3043 2087 poena,
3111 1992 3295 2061 Psal.
3355 2013 3637 2067 xxxvm,
3705 1990 3835 2056 ¹2:

2299 2103 2655 2171 rubescere
2680 2103 2907 2194 jecisti
2957 2102 3134 2169 sicut
3184 2120 3537 2178 araneam,
3588 2104 3713 2165 etc.
3757 2094 3845 2162 Et

2296 2210 2579 2289 invidia,
2617 2210 2920 2300 Sapieut.
2955 2232 3051 2287 vn,
3104 2210 3186 2277 25
3222 2230 3238 2274 :
3273 2208 3505 2297 Neque
3533 2226 3687 2273 cum
3728 2204 3844 2269 in-

2294 2320 2486 2387 vidia
2516 2318 2889 2386 tabescente
2923 2319 3050 2384 iter
3079 2314 3362 2384 habebo.
3398 2314 3482 2381 Et
3507 2312 3842 2403 passionis

2296 2426 2544 2495 Christi
2569 2426 2923 2504 memoria,
2947 2422 3197 2492 Threu.
3228 2446 3326 2503 m,
3358 2423 3435 2490 19
3461 2444 3476 2489 ;
3504 2418 3841 2488 Recorda-

2296 2562 2368 2606 re
2381 2536 2819 2629 paupertatis
2839 2547 2901 2603 et
2922 2532 3481 2625 transqresse‘onis
3498 2553 3684 2610 meae,
3710 2538 3838 2597 ete.

2297 2642 2617 2734 1⁴]t,paulo
2637 2651 2815 2733 post,
2838 2649 2906 2717 ᾗ.
2932 2642 3040 2709 20:
3062 2640 3399 2708 Memoria
3420 2659 3677 2706 memor
3703 2657 3842 2714 ero,

2293 2761 2355 2818 ct
2372 2750 2660 2819 tabescet
2682 2752 2753 2817 ἱιι
2772 2772 2877 2817 me
2896 2750 3133 2816 anima
3160 2769 3334 2815 mea.
3361 2745 3444 2813 Et
3466 2741 3840 2821 iracundia,

2296 2856 2480 2925 l‘sal.
2523 2880 2655 2936 ext,
2704 2856 2783 2923 10
2819 2881 2835 2923 :
2871 2858 3193 2924 Peccator
3247 2851 3522 2927 videbit,
3579 2858 3642 2917 et
3700 2850 3847 2916 ira·-

2290 2973 2541 3042 scctur,
2584 2961 2900 3031 dantibus
2935 2962 3084 3028 suis
3127 2961 3399 3050 fremet,
3432 2966 3496 3026 et
3526 2954 3837 3024 tabescet.

2295 3068 2376 3136 Εἰ
2416 3067 2799 3137 dilectionis
2838 3064 3293 3145 vehementia,
3318 3064 3491 3132 sicut
3529 3061 3637 3130 hic
3666 3060 3843 3128 dici-

2293 3188 2426 3246 tur.
2492 3176 2568 3245 In
2629 3175 2809 3245 l'sai.
2879 3197 3109 3253 cxviii,
3185 3176 3336 3254 158,
3375 3167 3579 3242 'infra
3615 3194 3632 3239 ε
3690 3168 3843 3238 Vidi

2285 3287 2838 3378 praevaricatam,
2872 3293 2938 3352 ct
2989 3275 3433 3351 tabescebam.
3494 3279 3601 3360 Et,
3653 3275 3837 3346 Psal.

2291 3415 2525 3473 vam,
2583 3392 2663 3459 10
2710 3415 2726 3460 :
2786 3390 2995 3458 Zetus
3059 3387 3303 3456 domus
3358 3396 3492 3455 tuoe
3553 3383 3842 3454 comedit

2291 3523 2400 3567 me
2438 3511 2485 3584 ¹,
2557 3498 2738 3592 quod
2778 3506 2881 3567 est
2919 3497 3071 3589 ptus
3115 3497 3347 3575 etiam,
3394 3517 3599 3586 quam
3647 3491 3844 3561 tabe-

2291 3631 2503 3690 scere,
2539 3608 2699 3698 quia
2730 3615 2947 3675 totum
2989 3627 3098 3674 me
3138 3602 3582 3694 consumpsit.

2380 3848 2416 3886 α
2454 3821 2639 3906 Quia
2692 3819 2897 3888 obliti
2940 3828 3127 3889 sunt.
3173 3841 3208 3884 ι
3259 3816 3390 3885 llic·
3435 3814 3835 3894 secundum,

2288 3929 2359 3997 in
2389 3952 2528 4020 quo
2558 3928 2912 4019 subjungit
2947 3950 3222 3997 causam
3264 3926 3428 3994 tanti
3460 3923 3582 3993 zeii
3613 3922 3840 4015 tripli-

2285 4039 2448 4121 eim,
2502 4038 2937 4106 inimicorum
2987 4034 3593 4127 transgressionem
3631 4056 3648 4101 ε
3691 4031 3841 4101 elo-

2287 4145 2430 4237 quii
2462 4143 2675 4212 divini
2708 4144 3069 4223 fervorem,
3114 4142 3230 4220 ibi,
3258 4149 3323 4220 ς’.
3366 4142 3488 4210 140
3520 4163 3536 4209 :
3577 4169 3609 4204 α
3644 4139 3841 4230 lqui-

2288 4266 2434 4323 tum
2468 4253 2847 4344 eloquium.
2884 4278 2918 4318 ι
2970 4250 3056 4319 Et
3084 4249 3404 4319 ferventis
3451 4248 3701 4341 eloquii
3742 4247 3839 4315 di·

2288 4360 2680 4444 lectionem,
2723 4356 2841 4437 ibi,
2887 4383 2920 4424 ι
2963 4359 3058 4426 Et
3081 4379 3314 4427 servus
3342 4368 3526 4424 tuus.
3564 4381 3598 4421 ι

2375 4467 2560 4536 Dicit
2602 4486 2819 4557 ergo:
2864 4464 2979 4533 Sic
3035 4486 3145 4534 me
3197 4461 3350 4532 fecit
3400 4461 3583 4532 zelus
3645 4483 3840 4530 meus

2286 4574 2634 4645 tabescere
2667 4596 2685 4644 ε
2719 4581 2787 4644 et
2812 4572 2971 4653 hoc,
3022 4600 3058 4638 α
3097 4572 3269 4664 quia
3314 4571 3580 4640 ἰσιίηιίοἱ
3605 4571 3762 4650 mei,
3798 4593 3833 4636 ι

2288 4706 2371 4751 eo
2413 4684 2591 4774 ipso,
2651 4707 2687 4748 ι
2718 4678 2923 4749 obliti
2971 4677 3176 4748 verba
3240 4687 3387 4746 tua.
3433 4705 3469 4743 ι
3528 4676 3627 4747 111
3663 4677 3835 4769 Reg.

2288 4811 2430 4870 xix,
2470 4789 2552 4856 10
2588 4810 2604 4856 :
2638 4786 2923 4856 Zelatus
2981 4807 3137 4853 sam
3176 4805 3307 4877 pro
3338 4783 3631 4853 Domino
3696 4783 3839 4850 Deo

2290 4895 2743 4975 exercituum,
2777 4894 2945 4986 quia
3007 4889 3518 4982 dereliquerunt
3553 4898 3837 4982 pactum

2287 5003 2433 5093 filii
2459 5001 2706 5071 Israel.
2736 5000 2822 5069 Et
2849 5006 2951 5069 est
3002 4998 3221 5067 virtus
3250 4996 3540 5067 multum
3566 4996 3841 5089 placens

2289 5110 2465 5190 Dee,
2524 5108 2812 5198 Numer.
2861 5128 3027 5187 xxV,
3082 5105 3215 5175 13:
3276 5106 3435 5173 Erit
3498 5112 3643 5171 tam
3708 5101 3843 5194 ipsi

2290 5241 2502 5310 quam
2538 5216 2787 5286 semini
2813 5214 2968 5305 ejus
3014 5224 3299 5306 pactum
3349 5210 3636 5280 Domini
3676 5231 3844 5280 sem·

2285 5325 2665 5416 pilentum,
2706 5323 2874 5414 quia
2902 5320 3166 5389 zelatus
3210 5327 3304 5388 est
3344 5341 3475 5411 pro
3510 5320 3656 5387 Deo
3682 5340 3837 5387 suc.

2293 5431 2475 5500 Dum
2508 5440 2738 5500 tamen
2767 5429 2853 5497 sit
2881 5427 3251 5499 secundum
3282 5425 3657 5507 scientiam,
3700 5447 3840 5494 non

3932 3824 4126 3881 rapt-x

3883 3889 4039 3925 canu
4060 3877 4172 3925 nott.
