5008 6329
405 5147 628 5197 Secunda

361 5216 479 5264 pern
489 5204 679 5253 vahl.

709 345 835 412 230

709 513 1021 593 tiae:vel,
1054 515 1291 581 vivens
1358 513 1580 602 prime
1662 511 1803 578 vita
1860 510 2116 600 gratiae,
2186 514 2254 573 et

704 622 1143 710 postmodum
1217 621 1359 686 vita
1442 620 1707 710 gleriae,
1771 621 1913 710 ipse
1983 615 2254 702 confite-

710 730 894 797 bitur
958 730 1105 796 tibi.
1170 730 1247 795 ln
1304 729 1438 797 alie
1516 753 1655 798 nen
1729 728 1972 820 placet,
2044 722 2248 791 Eccli.

706 859 821 914 κν,
855 838 937 903 9;
974 837 1126 904 Non
1156 846 1252 903 est
1287 840 1592 929 speciosa
1650 838 1808 904 laus
1834 837 1903 900 in
1960 854 2071 897 ore
2094 851 2254 919 pec-

708 947 978 1011 catoris.
1025 945 1356 1023 Narrabo,
1396 948 1640 1038 inquit,
1711 964 1918 1033 opera
1947 938 2247 1012 Domini,

710 1071 849 1115 nen
889 1072 1060 1117 mea.
1104 1051 1310 1120 Eccli.
1345 1075 1508 1134 xm,
1549 1053 1669 1118 15:
1721 1050 1885 1133 Quae
1927 1045 2073 1112 vidi
2136 1066 2255 1110 an-

706 1155 1081 1225 nuntiabo:
1140 1158 1212 1224 in
1245 1156 1674 1224 sermonibus
1704 1152 1987 1221 Domini
2051 1172 2254 1240 opera

707 1261 882 1349 ejus,
928 1262 1095 1329 Tob.
1164 1285 1283 1344 xn,
1318 1264 1399 1328 7:
1450 1262 1675 1352 Opera
1698 1261 1831 1328 Dei
1867 1257 2164 1326 revelare
2192 1265 2255 1322 et

707 1370 1014 1457 confiteri
1038 1368 1494 1456 honorificum
1524 1379 1645 1438 est.

800 1714 834 1749 «
869 1687 1231 1778 Castiqans
1277 1686 1644 1777 castigavit
1671 1707 1802 1752 me.
1849 1710 1881 1751 π
1915 1686 2040 1753 llic
2082 1684 2252 1751 ratie

708 1798 1261 1875 continuationis,
1296 1817 1449 1888 quae
1509 1796 1812 1887 tangitur
1864 1797 2058 1885 quasi
2124 1793 2255 1860 du-

705 1908 886 1998 plex,
918 1905 1172 1975 scilicet
1208 1904 1421 1995 ipsius
1459 1925 1580 1993 per
1624 1901 1892 1994 flagella
1963 1904 2255 1993 castiga-

705 2015 800 2082 tie
829 2014 1077 2105 prime.
1103 2011 1188 2079 Et
1217 2012 1457 2079 mertis
1486 2011 1716 2080 evasio
1746 2034 1867 2101 per
1893 2010 2252 2079 correctio-

706 2143 862 2189 nem
929 2119 1113 2187 illam
1181 2118 1507 2197 secunde,
1561 2117 1679 2196 ibi,
1717 2146 1749 2182 α
1784 2120 1880 2185 Et
1908 2118 2135 2186 morti.
2185 2141 2248 2187 ι.

792 2229 907 2296 Ait
937 2229 1160 2298 enim:
1201 2227 1314 2297 Sic
1362 2227 1636 2296 laudem
1684 2225 2123 2304 continuabo,
2187 2235 2254 2294 et

694 2339 954 2428 justum
1020 2346 1145 2418 est,
1178 2338 1338 2429 quia
1417 2362 1450 2401 α
1511 2338 1852 2405 Dominus
1914 2337 2255 2425 eastiqans

702 2445 1065 2534 castiqavit
1121 2466 1251 2512 me.
1303 2468 1336 2509 ι
1379 2442 1757 2533 Replicatie
1807 2440 2252 2531 frequentiam

702 2550 1164 2640 castigationis
1186 2549 1633 2618 demonstrat.
1656 2548 1908 2617 Jerem.
1928 2571 2106 2625 xcvi,
2123 2549 2208 2614 28
2233 2573 2251 2614 ι

707 2657 1072 2751 Castiqabo
1113 2669 1175 2726 te
1215 2659 1283 2726 in
1313 2658 1619 2748 judicio,
1668 2666 1740 2726 ut
1791 2681 1929 2726 nen
1976 2657 2097 2725 tibi
2149 2659 2258 2724 vi-

702 2766 921 2834 dearis
960 2766 1339 2835 obnoxius:
1385 2789 1537 2834 mea
1570 2769 1914 2858 percussio
1955 2767 2077 2833 crit
2142 2773 2258 2833 tua

702 2873 991 2953 sanatio,
1054 2896 1093 2942 a
1153 2874 1488 2964 superbiae
1569 2882 1847 2965 peccate
1934 2873 2252 2940 maxime.

700 2981 979 3050 Denter.
1015 3005 1229 3062 xxxn,
1274 2982 1359 3051 39
1395 3002 1413 3051 z
1456 2983 1694 3075 qu...
1746 2983 2154 3076 percutiam,
2197 2989 2262 3047 et

699 3114 820 3185 eqo
856 3089 1139 3161 sanabo.

794 3228 827 3263 κ
865 3202 962 3271 Et
984 3225 1017 3266 ι
1041 3201 1138 3268 sic
1171 3225 1205 3265 α
1242 3200 1474 3280 morti,
1513 3227 1547 3263 n
1579 3206 1872 3275 aeternoe,
1908 3224 1943 3266 ι
1977 3205 2268 3266 neutra:

706 3305 885 3374 didit
915 3328 1043 3373 me.
1082 3332 1116 3372 ι
1150 3304 1378 3374 Minus
1400 3304 1589 3388 dicit,
1614 3313 1684 3373 et
1700 3303 1851 3397 plus
1880 3305 2214 3396 significat
2243 3328 2258 3373 :

702 3413 843 3480 ime
917 3412 1134 3504 ipsam
1176 3436 1282 3480 me
1333 3410 1491 3481 fecit
1554 3410 1863 3481 evadere.
1931 3410 2261 3480 Ezechiel.

700 3542 940 3599 xxxm,
990 3522 1060 3587 ¹1
1101 3543 1117 3588 ε
1166 3519 1347 3589 Nolo
1414 3529 1701 3587 mortem
1753 3520 1976 3611 impii,
2025 3519 2149 3587 sed
2186 3530 2262 3587 ut

701 3635 1136 3697 convertatur
1201 3628 1460 3719 impius
1496 3650 1540 3693 a
1598 3627 1709 3694 eia
1750 3648 1904 3706 sua,
1947 3637 2012 3694 et
2051 3627 2256 3695 vit-at.

706 3733 994 3826 Propter
1030 3732 1164 3803 hec
1201 3734 1513 3826 percutio
1552 3733 1748 3826 virga
1794 3735 2258 3813 correctioniS,

708 3843 930 3910 sciens
953 3839 1119 3910 illud
1149 3839 1481 3910 Proverb.
1510 3863 1705 3920 xxm,
1747 3842 1824 3910 ¹3
1852 3865 1867 3910 :
1900 3843 1983 3911 Si
1993 3864 2265 3934 percus·

701 3951 871 4018 seris
899 3971 1053 4017 eum
1087 3950 1315 4040 virqa,
1376 3972 1512 4018 non
1565 3952 1917 4020 morietur.
1980 3949 2266 4042 Propter

700 4056 832 4128 hec
861 4059 1117 4151 optime
1158 4057 1323 4126 dicit
1386 4056 1654 4137 Juditln,
1714 4080 1857 4135 vm,
1900 4060 1982 4126 27
2030 4081 2045 4126 ε
2089 4060 2264 4128 Fla-

698 4164 891 4257 qella
936 4164 1248 4248 Domini,
1280 4163 1536 4256 quibus
1576 4166 1780 4255 quasi
1829 4166 2006 4232 servi
2048 4168 2265 4233 corri-

695 4274 959 4365 pimur,
987 4271 1086 4340 ad
1118 4271 1691 4351 emendationem,
1722 4281 1788 4338 et
1814 4294 1948 4339 non
1986 4271 2085 4341 ad
2106 4296 2263 4367 per·

704 4378 1031 4447 ditionem
1123 4387 1433 4447 nostram
1510 4378 1802 4446 evenisse
1875 4379 2257 4448 credamus.

702 4485 808 4555 Ad
845 4484 1053 4554 liebr.
1096 4506 1214 4565 ιιι,
1244 4486 1286 4551 6
1328 4507 1346 4552 :
1394 4485 1610 4570 Quem
1650 4486 1831 4552 enim
1860 4484 2100 4577 diliyit
2125 4488 2268 4555 Do·

700 4594 928 4661 minus
980 4594 1301 4683 eastiqat,
1331 4591 1662 4683 flagellat
1718 4603 1945 4661 autem
1994 4616 2261 4662 omnem

698 4701 934 4793 filium
961 4722 1162 4793 quem
1208 4699 1475 4793 recipit.

798 5059 833 5096 α
865 5031 1142 5124 Aperite
1168 5029 1344 5101 milii
1355 5040 1621 5126 portas.
1664 5058 1697 5099 ι
1727 5029 1854 5100 llic
1881 5030 2253 5101 secundum

709 5140 915 5208 tetius
970 5137 1176 5230 hujus
1240 5137 1526 5219 Psalmi,
1589 5139 1656 5207 in
1708 5161 1844 5230 que
1894 5147 2254 5231 postquam

706 5245 1208 5336 primitivorum
1258 5244 1561 5314 Ecclesia
1633 5243 2040 5336 multiplices
2093 5267 2257 5338 gra-

703 5355 834 5422 tias
897 5350 1041 5421 Dee
1114 5352 1255 5445 egit
1318 5374 1444 5443 pre
1499 5350 1857 5444 multiplici
1895 5351 2248 5431 beneficio,

702 5459 1156 5530 introducitur
1180 5457 1485 5528 Ecclesia
1516 5460 1599 5530 de
1628 5460 1984 5543 Gentibus,
2014 5469 2252 5553 petens

700 5569 1083 5660 ingressum
1146 5563 1233 5634 ad
1279 5566 1616 5636 unitatem
1672 5567 1855 5648 fidei,
1913 5576 1990 5637 ut
2043 5568 2250 5638 simul

702 5699 859 5751 cum
887 5673 1020 5745 illis
1060 5672 1298 5768 primis
1339 5672 1619 5745 laudare
1653 5677 1912 5769 possit:
1970 5684 2039 5747 et
2081 5699 2245 5747 cen·

1704 338 1788 405 D.
1839 334 2038 403 ALB.
2089 329 2305 398 MAG.

2360 326 2568 397 ORD.
2621 327 2915 394 PRAED.

2364 505 2847 582 servationem,
2891 510 2965 569 ut
3020 505 3231 594 possit
3289 504 3357 571 in
3408 505 3605 573 laude
3657 506 3910 575 habere

2363 612 2958 701 perseverantiam.
3011 609 3096 678 Et
3141 613 3512 679 secundum
3553 612 3719 689 haec,
3764 613 3915 681 baec

2365 743 2521 810 pars
2588 728 2689 788 est
2744 720 2959 788 divisa
3023 719 3092 786 in
3166 719 3356 787 duas,
3422 720 3681 804 Primo,
3745 725 3916 811 petit

2365 837 2716 915 pertarum
2767 830 3208 918 apertionem,
3252 836 3326 895 ut
3379 828 3799 918 ingrediatur
3828 828 3914 894 ad

2366 931 2523 998 fidei
2560 934 2913 1005 unitatem.
2953 935 3290 1014 Secunde,
3336 936 3502 1025 petit
3562 942 3638 1002 ut
3666 958 3916 1026 perpe-

2363 1044 2481 1103 tue
2531 1037 2806 1106 laudare
2860 1042 3098 1130 possit,
3153 1042 3423 1110 finalem
3475 1044 3543 1109 in
3591 1041 3911 1109 laudibus

2362 1150 2962 1235 perseverantiam,
3004 1150 3122 1228 ibi,
3153 1159 3216 1228 5.
3262 1155 3387 1219 25:
3430 1181 3462 1216 α
3501 1151 3559 1220 0
3587 1154 3908 1229 Domine,

2359 1254 2636 1322 salvum
2674 1278 2781 1326 me
2814 1260 2957 1348 fae.
2995 1283 3027 1324 π

2453 1361 2532 1431 In
2570 1365 2792 1454 prima
2819 1365 3133 1435 dicuntur
3176 1368 3329 1435 tria.
3401 1367 3662 1448 l‘rime,
3715 1370 3907 1458 petit.

2365 1468 2709 1551 Secunde,
2760 1472 3171 1542 confidenter
3225 1475 3462 1541 asserit
3507 1497 3577 1543 se
3628 1474 3910 1542 exaudi-

2361 1586 2535 1657 tum,
2570 1577 2688 1658 ibi,
2728 1587 2792 1656 5.
2837 1582 2915 1647 21
2950 1603 2965 1649 :
3021 1608 3049 1644 (ι
3082 1582 3468 1671 Confitebor
3496 1582 3644 1650 tibi.
3687 1607 3719 1648 π
3753 1581 3913 1649 Ter-

2361 1688 2483 1771 tie,
2517 1690 2901 1778 prorumpit
2955 1690 3023 1756 in
3071 1689 3344 1759 laudem
3393 1699 3458 1759 et
3505 1690 3911 1759 exsultatio-

2360 1815 2518 1861 nem
2575 1816 2698 1884 pre
2763 1795 2881 1863 illa
2954 1797 3411 1879 exauditione,
3486 1798 3603 1878 ibi,
3646 1806 3710 1874 5.
3776 1800 3901 1865 24:

2363 1927 2397 1967 α
2433 1904 2593 1970 llaec
2627 1913 2725 1970 est
2778 1905 2920 1972 dies
2965 1928 3173 1996 quam
3234 1889 3401 1997 fecit
3463 1909 3832 1975 Dominus,
3871 1931 3904 1972 ι

2450 2011 2528 2079 In
2570 2013 2788 2102 prima
2817 2015 2965 2082 tria.
3001 2015 3259 2094 Primo,
3322 2018 3556 2107 petitio
3612 2026 3687 2084 ut
3743 2039 3912 2108 per-

2359 2127 2448 2186 tae
2478 2118 2635 2187 fidei
2665 2121 2792 2188 sibi
2824 2125 3233 2212 aperiantur.
3270 2123 3612 2208 Secunde,
3647 2125 3915 2214 petitio-

2360 2227 2468 2294 nis
2498 2228 2695 2307 ratie,
2731 2237 2796 2296 ct
2832 2251 3033 2297 causa
3080 2230 3324 2314 finalis,
3379 2233 3496 2311 ibi,
3534 2259 3565 2297 α
3638 2234 3915 2323 Inqres-

2358 2356 2477 2402 sus
2510 2335 2582 2401 in
2619 2359 2753 2403 ear.
2793 2362 2825 2400 ι
2856 2336 3105 2416 Tertio,
3153 2341 3656 2408 commendatio
3698 2349 3910 2430 pertoe

2361 2439 2752 2531 singularis,
2786 2442 2866 2511 ad
2899 2466 3104 2534 quam
3162 2447 3433 2513 venitur
3463 2470 3580 2537 per
3626 2449 3906 2538 primas,

2365 2547 2483 2625 ibi,
2518 2556 2584 2624 5.
2628 2550 2756 2617 20:
2805 2577 2835 2612 «
2870 2553 3030 2619 llaec
3050 2562 3254 2642 porta
3293 2554 3600 2619 Domini.
3640 2578 3673 2619 ι

2454 2655 2633 2726 Dicit
2672 2680 2875 2749 erge:
2915 2658 3028 2728 Sic
3065 2660 3267 2728 audie
3309 2660 3747 2729 confitentem
3781 2660 3920 2728 Ec-

2365 2763 2642 2833 clesiam
2711 2766 3238 2858 primitivorum,
3320 2777 3387 2836 et
3454 2791 3693 2836 causas
3775 2792 3915 2836 sum

2366 2870 2811 2941 confessionis
2829 2876 3286 2965 assignantem
3310 2875 3523 2942 multa
3546 2874 3910 2944 beneficia:

2367 2987 2435 3047 et
2486 2989 2767 3073 prepter
2818 2979 2949 3049 hec
3021 2981 3225 3050 dice:
3289 3010 3323 3046 α
3359 2983 3660 3074 Aperite,
3699 3007 3732 3048 t
3789 3004 3917 3049 ves

2370 3086 2700 3157 necteres
2739 3089 3139 3168 ministerio,
3198 3118 3230 3153 «
3273 3090 3470 3172 milei,
3512 3115 3545 3156 t
3598 3088 3681 3157 ad
3730 3088 3924 3157 utili-

2369 3205 2577 3267 tatem
2619 3199 2777 3277 mei,
2828 3227 2861 3259 α
2880 3209 3146 3291 portas,
3180 3224 3214 3264 ι
3272 3199 3576 3289 inquam,
3628 3227 3661 3259 α
3689 3198 3923 3288 justi-

2368 3307 2506 3385 tiae,
2566 3331 2600 3367 n
2670 3304 2828 3374 ndei
2876 3328 2892 3372 :
2956 3305 3120 3373 tides
3186 3306 3369 3373 enim
3435 3305 3703 3395 justitia
3787 3314 3914 3373 est.

2370 3413 2619 3481 Genes.
2652 3435 2768 3491 xv,
2811 3414 2877 3492 o,
2920 3420 2985 3481 et
3033 3411 3118 3479 ad
3155 3412 3445 3480 Reman.
3489 3434 3584 3496 tv,
3628 3415 3710 3481 3:
3751 3414 3921 3481 Cre-

2368 3522 2552 3589 didit
2579 3519 2929 3590 Abralaeam
2963 3523 3128 3600 Deo,
3159 3530 3222 3588 et
3249 3532 3640 3613 reputatum
3675 3531 3773 3589 est
3804 3519 3921 3588 illi

2367 3628 2857 3720 adjustitiam.
2880 3627 2987 3696 Ad
3017 3627 3275 3696 CelesS.
3308 3651 3400 3708 nv,
3427 3630 3466 3696 3
3494 3655 3509 3697 :
3539 3627 3917 3698 Orantes...

2370 3742 2447 3803 ut
2494 3737 2680 3804 Deus
2734 3735 3002 3827 aperiat
3048 3734 3243 3803 nobis
3282 3736 3535 3802 ostium
3589 3735 3925 3803 sermonis

2364 3844 2481 3911 sui
2533 3841 2632 3910 ad
2686 3841 3100 3934 loquendum
3167 3844 3568 3932 mysterium
3628 3841 3919 3913 Christi.

2364 3946 2631 4026 Judith.
2686 3969 2832 4032 xm,
2880 3948 2960 4015 ¹3
3010 3949 3339 4039 :Aperite
3402 3947 3598 4016 nobis
3648 3958 3923 4039 portas,

2367 4058 2698 4150 quoniam
2726 4055 3076 4125 nobiscum
3114 4065 3209 4123 est
3248 4057 3458 4125 Deus.

2458 4165 2601 4234 llas
2654 4173 2884 4257 pertas
2964 4165 3278 4255 aperiunt
3340 4164 3502 4232 beni
3561 4164 3919 4245 Doctores,

2369 4273 2644 4366 quande
2677 4271 3062 4363 Scripturas
3099 4280 3478 4364 exponunt,
3510 4281 3580 4341 et
3610 4272 3785 4342 bene
3813 4275 3924 4342 vi·-

2365 4387 2562 4451 vunt.
2613 4377 2897 4471 Apocal.
2938 4401 3033 4459 xi,
3065 4380 3107 4445 6
3141 4400 3157 4446 :
3199 4378 3472 4448 Habent
3508 4390 3921 4472 potestatem

2365 4487 2741 4559 claudendi
2799 4487 3070 4567 eoelum,
3137 4495 3204 4556 et
3266 4487 3613 4579 aperiendi
3687 4497 3919 4581 pertas

2366 4599 2542 4688 ejus,
2573 4597 2732 4690 quia
2762 4595 3010 4688 linguai
3040 4618 3274 4664 eorum
3306 4594 3534 4666 claves
3551 4595 3701 4666 coeli
3722 4597 3915 4667 saetae

2363 4715 2548 4777 sunt.
2611 4704 2747 4774 Sed
2810 4703 2906 4773 illi
2946 4702 3165 4796 magis
3193 4702 3545 4784 claudunt,
3579 4706 3698 4797 qui
3736 4704 3913 4775 bene

2362 4815 2636 4896 decent,
2666 4819 2734 4882 et
2761 4811 2938 4881 male
2968 4812 3233 4880 vivunt.
3267 4809 3509 4881 Matth.
3554 4835 3750 4895 xxm,
3782 4814 3905 4884 13:

2373 4925 2481 4992 Va!
2508 4921 2721 5001 vobis,
2752 4919 3007 4991 Scribas
3034 4929 3098 4990 et
3133 4922 3474 4990 Pharisaei
3506 4923 3907 5015 hypocritae,

2359 5031 2475 5124 qui
2546 5028 2794 5099 tulistis
2847 5026 3107 5099 clavem
3171 5029 3509 5099 scientiae:
3543 5053 3662 5099 vos
3725 5031 3907 5099 enim

2355 5162 2493 5208 non
2532 5136 2832 5222 intratis,
2879 5160 3000 5205 nee
3051 5137 3462 5206 introeuntes
3504 5137 3736 5206 :inuitis
3792 5139 3907 5206 in-

2356 5256 2566 5315 trare.
2637 5242 2772 5312 Sed
2849 5240 3155 5311 Christus
3210 5245 3424 5335 aperit
3502 5246 3905 5315 auctoritate

2353 5351 2656 5445 propria,
2699 5357 2766 5419 et
2802 5350 3075 5421 virtute.
3116 5348 3398 5441 Apocal.
3453 5373 3550 5430 ιιι,
3584 5352 3669 5420 7:
3720 5354 3908 5444 Ape-

2352 5463 2469 5540 rit,
2512 5472 2577 5530 et
2604 5483 2798 5529 nemo
2862 5458 3179 5527 claudit:
3251 5457 3544 5542 claudit,
3577 5471 3643 5530 et
3704 5484 3904 5530 nemo

2351 5574 2600 5664 aperit.
2639 5569 2711 5639 ln
2742 5568 2848 5639 his
2875 5567 3088 5662 pertis
3124 5567 3372 5661 scripta
3425 5578 3586 5640 sunt.
3634 5569 3904 5640 Cheru-

2348 5678 2521 5764 bim,
2565 5688 2631 5748 et
2665 5679 2942 5772 palmae,
3001 5676 3297 5748 scientim
3373 5679 3628 5749 scilicet
3673 5680 3903 5774 pleni-
