5008 6329
418 592 738 694 „imbitt-

431 699 530 747 dat.
552 707 599 747 et
619 716 721 757 per·

441 753 598 800 secto·
624 758 717 802 sibi

437 807 626 854 nimilet
653 808 715 852 ad

418 872 528 904 eum
546 862 738 928 leuden-

446 913 597 1013 elur?at
598 928 713 960 uuuuu

773 387 899 457 438

768 558 1146 634 confitetur,
1206 566 1274 627 et
1309 558 1563 644 laudat,
1625 572 1692 631 et
1745 564 1873 631 sibi
1912 561 2166 631 similes
2223 559 2308 628 ad

767 663 1032 732 laudem
1077 668 1366 737 invitat:
1419 671 1601 739 unde
1655 673 1854 740 titulo
1908 670 2301 763 praeposito,

768 772 882 858 qui
925 770 1071 839 talis
1120 782 1243 855 cst,
1310 804 1342 838 «
1402 778 1729 846 Psalmus
1770 780 1900 867 ipsi
1961 776 2213 855 David,
2269 802 2301 834 »

765 872 872 944 hic
923 901 1159 949 sensus
1205 892 1430 974 potest
1484 893 1864 974 competere
1929 905 1943 948 :
1998 907 2029 945 α
2091 880 2304 947 Psal-

766 1007 917 1053 mus
957 1012 990 1052 »
1022 990 1363 1079 subjectus
1392 991 1715 1079 competit
1745 1014 1777 1053 α
1814 990 1947 1080 ipsi
1972 986 2225 1063 David,
2265 1009 2297 1049 ›>

762 1092 830 1160 id
861 1102 985 1174 est,
1028 1095 1122 1161 illi
1163 1098 1279 1186 qui
1312 1105 1411 1164 est
1450 1118 1655 1163 verus
1691 1094 1936 1178 David,
1971 1095 2075 1160 vir
2115 1092 2301 1160 scili-

761 1212 864 1269 cet
902 1203 1256 1294 perfectuS,
1317 1226 1528 1272 manu
1597 1204 1809 1284 lortiS,
1862 1212 1929 1272 et
1983 1202 2300 1291 adspectu

762 1308 1245 1377 desiderabiliS.
1279 1310 1367 1379 Et
1395 1312 1600 1379 etiam
1632 1313 1764 1403 ipsi
1789 1311 2043 1390 David,
2076 1311 2142 1377 id
2172 1318 2295 1388 est,

1744 395 1830 460 D.
1882 393 2081 461 ALB.
2133 388 2350 457 MAG.

2405 388 2611 456 ORD.
2665 389 2962 457 PRAED.

2410 581 2608 649 pum,
2655 558 2769 635 ibi,
2835 567 2900 634 5.
2966 561 3004 625 2
3080 582 3094 626 ε
3175 587 3206 622 α
3257 558 3577 626 Adorabo
3641 561 3736 627 ad
3790 571 3963 628 tem-

2405 668 2632 756 plum.
2670 695 2701 728 »
3951 753 3958 759 ι

2500 773 2575 838 In
2614 775 2836 862 prima
2865 775 3023 843 duo.
3060 775 3318 851 Primo,
3363 775 3703 866 promittit
3733 774 3957 842 cordis

2408 883 2889 970 integritatem.
2964 882 3304 965 Secundo,
3365 884 3552 953 addit
3594 885 3958 962 rationem,

2407 980 2528 1062 ibi,
2586 1013 2615 1048 α
2645 989 2984 1070 Quoniam
3018 989 3301 1056 audisti.
3348 1020 3381 1052 ι»

2498 1090 2676 1158 Dicit
2714 1115 2875 1184 ergo
2911 1115 2926 1159 ε
2975 1092 3091 1162 Sic
3129 1093 3419 1164 laudabo
3458 1120 3473 1164 ε
3508 1098 3626 1165 sed
3659 1120 3963 1189 quomo-

2408 1197 2555 1266 do?
2592 1199 2836 1268 Nonne
2892 1200 3090 1269 labiis
3147 1211 3438 1286 tantum,
3500 1206 3830 1283 sicutilli,
3876 1208 3959 1275 de

2405 1305 2676 1396 quibuS,
2705 1307 2833 1375 Isa.
2880 1332 3066 1390 xxix,
3124 1312 3204 1379 13
3250 1335 3265 1379 2
3324 1314 3645 1403 Populus
3683 1316 3809 1382 iste
3847 1338 3961 1383 ore

764 1414 1056 1497 Christo,
1129 1442 1168 1485 a
1208 1442 1345 1510 quo
1405 1430 1507 1489 est
1571 1420 1723 1489 talis
1786 1419 2131 1510 perfectiO,
2201 1426 2301 1486 est
2400 1436 2550 1493 suo,
2593 1425 2656 1481 et
2688 1415 2893 1483 labiis
2935 1419 3080 1485 suis
3114 1418 3466 1508 qlorificat
3505 1442 3634 1499 me,
3670 1444 3784 1488 eor
3822 1445 3959 1489 au-

758 1524 1192 1594 cantandum.

2404 1529 2536 1586 tem
2583 1520 2739 1610 ejus
2787 1520 2987 1611 Ionqe
3024 1534 3122 1591 est
3155 1548 3199 1592 a
3239 1547 3346 1593 me
3388 1526 3432 1595 ¹.
3486 1526 3573 1594 Et
3616 1527 3952 1595 Jeremias

2403 1630 2484 1697 de
2522 1631 2796 1712 talibus,
2839 1655 2960 1714 xn,
3003 1636 3044 1702 2
3080 1658 3096 1702 :
3128 1638 3357 1728 Prope
3384 1661 3452 1705 es
3488 1648 3592 1719 tu,
3624 1638 3951 1722 Domine,

2401 1739 2508 1803 ori
2560 1761 2820 1824 eorum,
2844 1750 2910 1808 et
2974 1741 3176 1832 lonqe
3221 1767 3264 1810 α
3322 1744 3597 1812 renibus
3652 1743 3957 1813 eorum?

2401 1843 2580 1912 Non.
2629 1845 2803 1931 Imo,
2850 1872 2884 1913 ι
2917 1850 2990 1916 in
3020 1859 3160 1918 toto
3189 1852 3388 1919 corde
3414 1875 3586 1919 meo.
3625 1879 3660 1916 n
3682 1851 3950 1932 Judith,

2398 1974 2492 2032 ιν,
2532 1953 2612 2020 17
2649 1974 2664 2019 :
2706 1956 2825 2022 Ez-
2853 1966 2993 2023 toto
3021 1958 3222 2025 corde
3244 1981 3370 2026 suo
3400 1982 3631 2028 omnes
3656 1960 3951 2028 orabant

2398 2061 2800 2128 Dominum.
2844 2061 3112 2132 Daniel.
3173 2087 3269 2145 ιιι,
3303 2067 3380 2134 41
3435 2090 3451 2134 z
3493 2069 3695 2135 Nunc
3728 2069 3953 2158 sequi-

2395 2185 2556 2228 mur
2584 2174 2648 2230 le
2685 2166 2756 2231 in
2785 2175 2924 2233 toto
2946 2167 3167 2248 eorde,
3201 2179 3266 2236 et
3285 2171 3605 2237 timemus
3628 2181 3716 2250 te,
3742 2171 3947 2239 etiam

2391 2273 2464 2339 in
2493 2281 2639 2341 toto
2669 2273 2896 2354 corde,
2931 2299 3071 2344 non
3101 2277 3319 2346 diviso
3353 2302 3369 2345 z
3404 2279 3590 2370 quia,
3635 2278 3835 2359 Osee,
3871 2303 3970 2354 x.·

2393 2381 2433 2446 2
2469 2402 2485 2446 ε
2526 2381 2841 2449 Divisum
2880 2392 2977 2450 est
3013 2406 3130 2452 eor
3174 2407 3432 2465 eorum,
3474 2409 3657 2455 nunc
3732 2390 3946 2455 inter-

2389 2485 2611 2553 ibunt.
2654 2486 2812 2556 Non
2857 2489 3134 2576 duplici,
3173 2494 3347 2560 s'icut
3382 2491 3505 2572 illi,
3549 2493 3633 2563 de
3661 2493 3937 2585 quibuS,

2393 2595 2466 2661 in
2504 2595 2689 2667 Psal.
2722 2621 2818 2679 xi,
2862 2599 2900 2666 3
2935 2621 2951 2667 ε
2993 2600 3077 2668 In
3131 2603 3331 2671 corde
3366 2612 3429 2670 et
3487 2603 3689 2672 eorde
3735 2604 3950 2673 locuti

2393 2714 2579 2771 sunt.
2625 2704 2830 2776 Eccli.
2882 2729 2954 2791 n,
3012 2710 3093 2776 14
3161 2731 3177 2778 :
3249 2711 3352 2779 Vae
3404 2709 3676 2803 duplici
3700 2711 3952 2780 corde!

846 1739 1184 1808 Dividitur
1212 1750 1439 1810 autem
1480 1742 1793 1811 Psalmus
1832 1743 1900 1809 in
1932 1742 2099 1809 duas
2137 1764 2297 1832 par-

758 1859 880 1917 tes.
916 1850 1174 1934 Primo,
1208 1851 1568 1920 confitetur
1596 1852 1881 1944 ipsemet
1920 1860 1985 1920 et
2038 1850 2290 1919 laudat.

758 1956 1097 2043 Secundo,
1148 1966 1336 2048 optat
1376 1974 1451 2027 ut
1476 1959 1589 2026 alii
1621 1960 1893 2050 perfecti
1923 1959 2297 2027 confitean—

752 2069 886 2143 tur,
921 2072 986 2132 et
1015 2064 1313 2147 laudent,
1357 2065 1476 2144 ibi,
1510 2072 1572 2141 ὴ.
1609 2067 1649 2132 4
1683 2087 1699 2134 t
1748 2090 1780 2131 α
1828 2067 2295 2155 Confiteantur

750 2169 900 2252 tibi,
935 2174 1255 2254 Domine,
1289 2196 1518 2241 omnes
1559 2196 1743 2265 reyes
1770 2183 1983 2241 terrae.
2033 2201 2066 2236 n

839 2276 915 2345 In
945 2280 1163 2369 prima
1201 2280 1362 2349 duo.
1396 2281 1655 2359 Primo,
1688 2282 2023 2372 promittit
2050 2303 2119 2348 se
2151 2280 2292 2348 lau-

752 2389 1090 2458 daturum.
1165 2390 1507 2477 Secundo,
1564 2377 1572 2385 ’
1586 2394 1750 2483 petit
1815 2394 2104 2461 fructum
2170 2394 2285 2482 qui

747 2494 948 2564 debet
984 2499 1174 2588 sequi
1230 2520 1316 2566 ex
1372 2498 1604 2567 divina
1657 2498 1856 2568 laude
1886 2501 1980 2568 sic
2036 2497 2280 2578 soluta,

752 2601 870 2686 ibi,
905 2610 970 2679 5.
1007 2604 1045 2671 3
1089 2626 1104 2670 ε
1153 2628 1185 2669 α
1228 2604 1312 2672 In
1351 2628 1779 2697 quacumque
1808 2604 1939 2674 die.
1986 2634 2018 2668 »

840 2708 917 2776 In
957 2712 1175 2801 prima
1219 2711 1382 2781 dun.
1442 2712 1700 2792 Primo,
1743 2713 2075 2804 promittit
2119 2735 2289 2781 con-

749 2818 1111 2886 fessionem
1162 2819 1404 2889 laudis,
1478 2821 1817 2902 Secundo,
1888 2821 2292 2890 determinat

752 2925 1061 3005 modum,
1098 2936 1162 2995 et
1204 2927 1602 3018 qualitatem
1658 2928 2122 3007 confessioniS‚
2169 2929 2289 3010 ibi,

760 3061 793 3097 «
831 3034 913 3100 In
947 3044 1084 3101 loto
1114 3035 1335 3104 corde.
1375 3064 1409 3098 n

852 3360 1027 3429 Dicit
1062 3386 1224 3455 ergo
1259 3385 1275 3433 ε
1322 3365 1399 3433 Si
1443 3388 1569 3433 vos
1616 3366 1729 3434 alii
1768 3370 2100 3436 excusatis
2154 3392 2298 3451 νοε,

419 3478 580 3524 Prim·
624 3488 740 3532 pm
768 3470 950 3560 quod
978 3481 1248 3539 cantare
1286 3475 1625 3542 canticum
1659 3473 1853 3559 Sion,
1885 3475 2154 3545 laudem
2181 3481 2304 3547 sci-

494 3530 686 3583 mimi,

770 3577 926 3646 licet
960 3576 1086 3645 Dei
1127 3579 1196 3645 in
1237 3579 1614 3671 Babylonia
1635 3605 1772 3650 non
1814 3586 2114 3674 potestiS,
2156 3583 2299 3663 sed,

765 3708 807 3754 o
848 3710 883 3751 ι
912 3686 1229 3764 Domine,
1266 3712 1300 3751 ι
1333 3688 1663 3780 quidquid
1689 3698 1893 3781 agant
1922 3690 2061 3769 alii,
2088 3715 2123 3755 α
2155 3715 2308 3759 con·

2401 2837 2435 2878 «
2470 2815 2549 2881 In
2581 2824 2721 2883 toto
2759 2817 2981 2903 corde,
3016 2844 3052 2882 n
3101 2818 3274 2887 nihil
3321 2821 3403 2889 de
3441 2842 3523 2889 eo
3562 2822 3948 2904 retinendo,

2402 2921 2521 2991 sed
2577 2931 2798 2991 totum
2865 2923 3301 2995 effundendo.
3367 2927 3621 2999 Thren.
3679 2954 3754 3009 ιι,
3816 2932 3944 2998 19;

2402 3032 2712 3122 Effunde
2763 3035 2941 3102 sieut
3005 3059 3262 3128 aquam
3327 3061 3445 3107 eor
3517 3047 3721 3107 tuum
3797 3047 3966 3108 ante

2406 3148 2835 3230 conspectum
2861 3141 3172 3211 Domini.

2498 3244 2723 3325 Quare
2741 3249 2778 3316 ⁴?

2502 3384 2537 3419 α
2584 3360 2927 3443 Quoniam
2984 3362 3270 3443 audisti,
3331 3392 3365 3427 n
3418 3367 3595 3435 sicut
3645 3375 3963 3458 expertus

2410 3462 2680 3554 loquor,
2717 3494 2751 3530 «
2784 3467 2990 3537 verba
3017 3471 3156 3538 oris
3181 3473 3337 3539 mei.
3383 3497 3417 3539 ι
3451 3472 3584 3542 Isa.
3617 3497 3785 3554 xxx,
3824 3477 3904 3544 19
3938 3498 3956 3543 ε

2408 3572 2525 3640 Ad
2560 3597 2783 3641 vocem
2821 3575 3148 3645 clamoris
3177 3581 3306 3659 tui,
3336 3583 3577 3649 statim
3618 3591 3697 3651 u!
3724 3582 3962 3652 audie·

2412 3681 2529 3758 ric,
2578 3682 3008 3774 respondebit
3043 3683 3193 3754 tibi.
3246 3686 3376 3755 lea.
3410 3710 3568 3771 th,
3611 3690 3698 3757 24
3751 3713 3768 3759 t
3811 3690 3962 3760 Ad-

764 3791 1006 3878 filebor
1044 3792 1192 3860 tibi.
1232 3821 1266 3856 n
1300 3793 1510 3864 Eccli.
1545 3819 1632 3872 m,
1674 3800 1695 3864 1
1736 3816 1753 3864 :
1792 3797 2177 3887 Confitebor
2211 3800 2308 3865 li·
2410 3786 2545 3856 lluc
2574 3789 2726 3857 illi-5·
2773 3790 3230 3883 loquenlibus‚
3271 3818 3394 3885 eqo
3432 3796 3749 3869 audiam.
3813 3798 3963 3869 Un-

768 3899 860 3979 bi,
894 3901 1187 3967 Domine
1225 3925 1368 3979 rex,
1403 3902 1829 3971 confessione
1859 3903 2078 3972 laudis
2118 3904 2305 3972 delc-

766 4008 1051 4095 ctabilis,
1084 4019 1149 4079 et
1179 4033 1288 4078 me
1316 4011 1698 4079 reficientis.
1746 4011 1991 4104 Supra,
2024 4014 2093 4080 in
2119 4013 2297 4082 l‘sal.

764 4140 897 4196 xm,
939 4119 979 4184 ὅ
1013 4140 1029 4185 :
1063 4118 1144 4184 In
1174 4140 1330 4185 voce
1356 4118 1836 4186 exsultationis
1856 4129 1919 4187 el
1945 4122 2304 4211 consessio·

764 4228 894 4307 nis,
932 4248 1138 4294 sonus
1165 4224 1536 4320 epnlantis.

849 4465 883 4506 ι
914 4441 998 4509 In
1026 4450 1164 4510 toto
1195 4440 1395 4511 corde
1429 4465 1601 4511 meo.
1658 4466 1690 4508 t
1732 4441 1860 4513 1110
1896 4444 2296 4531 secundum,

758 4549 830 4616 in
866 4571 1001 4641 quo
1058 4548 1464 4618 determinat
1508 4549 1826 4619 laudandi
1874 4550 2292 4643 qualitatem,

759 4658 919 4747 quia
971 4657 1041 4724 in
1098 4655 1302 4725 corde
1360 4657 1656 4747 integro.
1728 4656 2065 4737 Secundo,
2136 4659 2298 4750 quia

758 4923 899 4997 qu'il
924 4940 959 4979 a
989 4924 1291 4997 recu,soit
1334 4923 1511 4982 d'une
1558 4925 1823 4994 victoire,
1869 4926 1983 4982 soit
2026 4925 2236 4999 plutOt,
2261 4927 2296 4985 a

759 5016 956 5071 raison
986 5014 1067 5071 du
1096 5014 1151 5083 5.
1185 5016 1241 5082 2,
1273 5012 1348 5070 de
1371 5013 1427 5071 la
1457 5032 1763 5088 promesse
1788 5015 1930 5072 d'un
1954 5020 2122 5074 trone
2148 5021 2295 5075 e'ter·

757 5104 853 5161 nel
886 5104 986 5177 qui
1041 5103 1124 5160 lui
1172 5103 1265 5159 fut
1291 5103 1432 5161 saite
1472 5122 1582 5178 par
1628 5106 1683 5164 le
1714 5107 2022 5181 Seigneur,
2056 5108 2293 5182 lisseg„

754 5211 846 5249 vn.
890 5195 974 5250 On
1036 5210 1348 5266 remarqne
1397 5195 1590 5249 meme
1638 5203 1804 5251 entre
1854 5195 1907 5252 le
1940 5214 2182 5269 passage
2214 5197 2292 5252 du

754 5283 897 5339 livre
926 5284 1030 5339 des
1069 5285 1208 5340 Rois
1233 5290 1293 5339 et
1322 5283 1376 5339 le
1406 5300 1652 5356 psaume
1683 5301 1799 5341 une
1828 5287 2050 5359 grande
2078 5287 2289 5343 analo-

751 5372 843 5446 gie
885 5371 1109 5429 d'idees
1147 5378 1209 5429 et
1252 5371 1709 5445 d'expressions.
1761 5374 1838 5431 La
1896 5375 2289 5449 composition

749 5462 828 5519 du
858 5477 1103 5535 psaume
1131 5477 1241 5535 par
1267 5460 1449 5518 David
1477 5460 1632 5519 n'est
1672 5463 2104 5521 serieusement
2147 5480 2287 5521 con·

749 5553 936 5609 testie
964 5567 1074 5625 par
1098 5567 1418 5624 personne.

818 5646 908 5701 Au
937 5658 1076 5701 sens
1104 5641 1402 5716 spirituel,
1452 5665 1483 5695 α
1527 5642 1764 5718 l'Eglise
1807 5644 1958 5703 rend
2002 5643 2205 5720 graees
2251 5647 2289 5704 a

749 5755 780 5787 κ
810 5749 918 5790 son
946 5732 1107 5791 divin
1134 5733 1340 5807 Epoux
1394 5730 1468 5788 de
1512 5732 1573 5790 la
1607 5750 1910 5808 promesse
1956 5734 2100 5808 qu’il
2139 5734 2224 5793 lui
2250 5754 2287 5796 a

2413 3895 2495 3964 dc
2528 3918 2666 3964 non
2694 3898 2940 3967 dicitur
2974 3899 3107 3970 hoc
3135 3912 3410 3994 propter
3436 3903 3570 3973 hoc
3597 3906 3786 3998 quod
3823 3906 3965 3976 Do·

2412 4005 2642 4073 minus
2697 4005 3017 4077 exaudiat
3069 4032 3311 4080 vocem
3378 4014 3541 4093 oris,
3598 4015 3746 4085 sine
3796 4038 3966 4087 voce

2411 4112 2659 4191 cot-die,
2693 4113 2812 4182 sed
2841 4123 3118 4207 propter
3154 4117 3470 4188 audiendi
3501 4120 3964 4208 velocitatem,

2411 4219 2573 4308 quia
2609 4217 2835 4290 adhuc
2868 4244 3038 4293 voce
3067 4226 3397 4295 existente
3428 4229 3498 4296 in
3545 4250 3692 4316 ore,
3743 4252 3973 4301 exau-

2410 4323 2532 4393 dit.

2500 4569 2535 4610 α
2598 4548 2681 4616 In
2734 4562 3089 4642 conspectu
3142 4555 3593 4645 Anqelomm.
3680 4582 3716 4624 ι
3785 4556 3957 4628 Ecce

2405 4654 2808 4736 secundum,
2841 4656 3026 4748 quod
3053 4660 3125 4728 in
3160 4660 3363 4731 corde
3395 4685 3593 4753 puro.

2406 4945 2436 4973 κ
2468 4924 2609 4982 saite
2638 4926 2712 4984 de
2751 4942 2815 4984 se
2845 4926 3080 4985 donner
3105 4929 3143 4986 a
3188 4929 3326 4999 elle,
3358 4930 3573 4992 ici-bas
3617 4933 3772 4994 dans
3801 4933 3956 4993 l'Eu·

2405 5035 2433 5062 οι
2468 5015 2770 5083 chax-istie,
2821 5022 2883 5074 et
2928 5030 3069 5074 sans
3111 5018 3296 5076 voiles
3325 5021 3478 5080 dans
3508 5023 3567 5080 le
3615 5024 3762 5083 ciel.
3812 5048 3836 5076 ο
3885 5025 3961 5083 Le

2405 5100 2530 5160 nir.
2563 5103 2639 5160 Ce
2671 5120 2918 5177 psaume
2949 5109 3043 5162 est
3100 5105 3371 5182 employe
3421 5108 3575 5166 dans
3606 5111 3823 5170 l'osssce
3854 5113 3965 5171 des

2402 5190 2500 5246 SS.
2557 5195 2771 5264 Auges,
2803 5193 2839 5248 a
2880 5209 3059 5250 cause
3103 5194 3183 5251 du
3213 5197 3266 5264 5.
3297 5200 3349 5264 ¹,
3380 5203 3440 5254 et
3468 5197 3620 5255 dans
3664 5198 3820 5257 celui
3853 5200 3962 5259 des

2405 5282 2616 5348 Μαι-ιε,
2645 5282 2681 5337 εἰ
2712 5297 2889 5338 cause
2919 5281 3000 5339 du
3033 5284 3088 5354 ἲ.
3122 5286 3178 5341 8.

3403 5452 3473 5513 Η.
3505 5453 3777 5515 Lustra.

2468 5740 2487 5776 ¹
2518 5737 2604 5795 Cf.
2636 5737 2840 5794 naith.
2870 5750 2962 5803 xv,
2991 5733 3049 5803 8,
3079 5735 3139 5790 et
3166 5734 3342 5792 Mare.
3369 5751 3464 5808 vn,
3503 5739 3560 5793 6.
