5008 6329
730 329 860 398 550

1878 332 2168 402 INDEX
2218 329 2644 402 PSALMOR
2714 334 2804 401 M.

1171 498 1383 557 CXXV.
1428 502 1494 559 In
1525 505 1911 563 convertendo
1960 503 2240 561 Dominus
2287 505 2673 578 captivitatem
2722 505 2881 574 Sion,
2916 504 3045 560 facti
3078 519 3276 561 sumus
3306 505 3458 563 siout
3488 522 3631 564 con-

1149 678 1382 740 cxxvi.
1425 593 1865 741 Nisfiossolminus
1893 683 2262 741 aedificaverit
2291 684 2545 750 domum,
2580 683 2640 740 in
2681 697 2886 740 vanum
2936 681 3335 740 laboraverunt
3364 684 3464 756 qui
3491 684 3633 741 aedi·

1513 770 1546 825 i'
1851 815 1866 830 .

1124 859 1371 917 cxxv11.
1414 779 1931 936 Bealtimoliitagganui
1965 862 2172 920 timent.
2198 861 2533 928 Dominum,
2565 861 2661 934 qui
2691 861 2984 919 ambulant
3014 862 3071 919 in
3104 862 3207 918 viis
3233 862 3380 936 ejus.

973 932 977 937 ’
1041 931 1045 935 ⁴
1085 948 1374 1006 CXXVIII.
1416 950 1577 1023 Saepe
1606 959 2079 1027 expugnaverunt
2112 968 2204 1009 me
2232 968 2266 1009 a
2287 952 2593 1023 juveutute
2620 968 2767 1025 mea,
2796 952 2946 1010 dicat
2975 968 3132 1010 nunc
3166 954 3363 1010 lsrael.

1139 1037 1374 1096 CXXIX.
1417 1042 1496 1099 De
1554 1042 1851 1114 profundis
1910 1041 2155 1102 clamavi
2211 1041 2285 1099 ad
2342 1051 2417 1113 te,
2475 1042 2714 1101 Domine
2771 1059 2785 1099 ε
2844 1042 3108 1113 Domine,
3167 1043 3377 1100 exaudi
3436 1058 3634 1101 vocem

1511 1148 1718 1190 meam.

1167 1217 1371 1276 CXXX.
1411 1222 1672 1291 Domine,
1727 1238 1845 1280 nou
1904 1225 1996 1279 est
2051 1219 2367 1279 exaltatum
2423 1237 2522 1279 cor
2578 1237 2791 1289 meum,
2862 1237 3047 1293 neque
3098 1220 3233 1278 elati
3288 1229 3425 1279 sunt
3478 1221 3632 1280 oculi

1516 1326 1650 1367 men.

1131 1396 1365 1455 CXXXI.
1408 1399 1713 1468 Memento,
1745 1401 2012 1472 Domine,
2047 1400 2250 1468 David,
2282 1407 2338 1458 et
2366 1400 2555 1458 omnis
2584 1400 3040 1456 mansuetudinis
3070 1401 3216 1471 eius.

1109 1486 1361 1544 cxxxtt.
1404 1489 1549 1546 Ecce
1578 1506 1746 1561 quam
1781 1490 2000 1547 bonum
2034 1499 2085 1547 ct
2120 1506 2290 1561 quam
2315 1490 2662 1562 jucundum,
2699 1490 2951 1545 habitare
2981 1490 3180 1545 fratres
3211 1488 3271 1544 in
3307 1488 3519 1544 unum!

1076 1574 1364 1634 CXXXIII.
1405 1578 1551 1635 Ecce
1584 1595 1739 1636 nunc
1773 1580 2098 1638 benedicito
2126 1580 2461 1649 Dominum,
2492 1595 2697 1638 omnes
2744 1579 2888 1637 servi
2943 1578 3166 1636 Domini
3202 1594 3216 1634 :
3249 1578 3346 1651 qui
3377 1579 3542 1635 statis
3574 1578 3636 1635 in

1516 1668 1687 1725 domo
1714 1670 1970 1728 Domini.

1079 1754 1351 1815 CXXXIV.
1392 1758 1640 1816 Laudate
1671 1775 1881 1818 nomen
1919 1759 2149 1817 Domini
2184 1777 2199 1816 τ
2242 1761 2492 1832 laudate,
2522 1760 2689 1831 servi,
2726 1759 3054 1817 Dominum.

1113 1845 1358 1906 CXXXV.
1396 1848 1761 1907 confitemini
1807 1850 2082 1921 Domino,
2132 1850 2405 1923 quoniam
2462 1850 2666 1919 bonus,
2704 1850 2974 1923 quoniam
3004 1849 3065 1906 iu
3095 1857 3372 1908 aeternum
3405 1850 3640 1908 miseri-

1524 1939 1717 1996 cordia
1745 1940 1895 2013 ejus.
1929 1938 2298 1998 confitemini
2327 1938 2444 1997 Deo
2473 1941 2733 2010 deorum,
2762 1947 2871 1999 etc.

1079 2024 1361 2084 CXXXVI.
1403 2026 1589 2101 Super
1621 2030 1859 2087 numina
1890 2027 2200 2100 Babylonis
2222 2028 2347 2087 illio
2374 2029 2628 2087 sedimus
2657 2038 2710 2087 et
2741 2028 3019 2101 flevimus,
3048 2044 3182 2087 cum
3211 2030 3646 2088 recordaremur

1528 2117 1689 2177 Sion.

1044 2204 1354 2267 CXXXVII.
1394 2208 1720 2267 confitebor
1745 2210 1870 2278 tibi,
1902 2208 2172 2281 Domine,
2201 2210 2262 2269 in
2313 2215 2429 2269 toto
2480 2210 2653 2269 corde
2699 2225 2846 2281 meo,
2896 2209 3170 2281 quoniam
3218 2210 3428 2267 audisti
3477 2210 3648 2269 verba

1524 2299 1640 2357 oris
1670 2300 1803 2358 mei.

1022 2386 1352 2446 cxxxvlii.
1395 2388 1660 2458 Domine,
1721 2389 1975 2463 probasti
2035 2404 2151 2458 me,
2200 2397 2254 2447 et
2309 2389 2627 2461 cognovisti
2686 2405 2777 2447 me
2810 2405 2824 2447 ε
2858 2394 2917 2447 tu
2947 2387 3265 2460 cognovisti
3320 2388 3642 2448 sessionem

1521 2497 1704 2538 meam
1735 2488 1791 2540 et
1822 2480 2312 2540 resurrectionem
2345 2495 2552 2539 meam.

1075 2566 1349 2626 cxxxix.
1392 2569 1558 2642 Eripe
1588 2587 1702 2642 me,
1736 2572 2000 2640 Domine,
2031 2568 2105 2628 ab
2138 2569 2374 2628 bomine
2399 2570 2553 2628 malo
2585 2586 2600 2627 :
2630 2587 2667 2628 a
2694 2570 2814 2628 viro
2844 2570 3041 2644 ianuo
3064 2570 3223 2641 eripc
3256 2585 3367 2627 me.

1195 2661 1345 2719 CXI..
1395 2662 1656 2730 Domine,
1686 2663 1933 2721 clamavi
1984 2662 2053 2719 ad
2109 2668 2186 2730 te,
2234 2661 2442 2719 exaudi
2472 2676 2565 2719 me
2599 2678 2613 2719 z
2647 2662 2877 2719 intende
2907 2661 3029 2719 voci
3058 2676 3223 2732 meae,
3255 2676 3389 2717 cum
3423 2658 3644 2718 clama-

1487 2768 1624 2811 vero
1651 2753 1721 2809 ad
1756 2761 1830 2812 ie.

1155 2840 1333 2900 CXLI.
1380 2845 1528 2902 Voce
1559 2860 1686 2902 mea
1713 2845 1782 2901 ad
1817 2844 2130 2903 DomInum
2162 2842 2406 2902 clamavi
2439 2859 2455 2900 :
2489 2858 2632 2901 voce
2661 2858 2785 2901 mea
2830 2843 2898 2899 ad
2954 2842 3267 2900 Dominum
3297 2842 3640 2914 deprecatus

1483 2950 1635 2994 sum.

1126 3020 1336 3081 cxut.
1382 3024 1643 3093 Domine,
1700 3026 1909 3085 exaudi
1966 3026 2290 3085 orationem
2349 3040 2535 3084 meam
2569 3041 2585 3081 ε
2621 3024 2855 3085 auribus
2909 3022 3138 3098 percipe
3188 3020 3647 3082 obsecrationem

1478 3131 1667 3174 meam
1696 3116 1757 3176 in
1787 3117 2028 3176 veritate
2058 3124 2173 3176 tua.

1102 3201 1338 3262 chtu.
1378 3205 1720 3265 Benedictus
1749 3207 2034 3266 Dominus
2063 3206 2219 3265 Deus
2247 3223 2432 3277 meus,
2463 3206 2564 3280 qui
2593 3207 2759 3265 docet
2787 3220 2993 3264 manus
3031 3220 3189 3263 meas
3230 3205 3303 3261 ad
3351 3203 3644 3279 prolium,

1490 3304 1543 3353 et
1573 3297 1780 3370 digitos
1811 3313 1971 3356 meos
1994 3297 2066 3355 ad
2099 3295 2340 3355 beilum.

1109 3384 1331 3444 CXLIV.
1375 3386 1650 3444 Enattabo
1685 3396 1759 3456 te,
1791 3389 1940 3446 Deus
1961 3403 2129 3446 meus
2153 3403 2254 3445 rex
2286 3403 2300 3444 ε
2331 3394 2385 3445 ct
2417 3385 2754 3445 benedicam
2784 3385 3004 3445 nomini
3036 3392 3136 3445 tuo
3165 3385 3227 3444 in
3255 3384 3556 3454 seculum,
3587 3388 3649 3442 et

1486 3475 1547 3534 iu
1577 3477 1852 3536 soecuium
1882 3477 2104 3535 saecuii.

1126 3567 1321 3625 CXLV.
1363 3567 1574 3634 Lauda,
1598 3569 1791 3626 anima
1820 3584 1976 3640 mea,
2011 3566 2342 3625 Dominum.
2380 3565 2643 3626 laudabo
2690 3565 2999 3625 Dominum
3030 3565 3093 3624 in
3123 3567 3239 3623 vita
3270 3580 3421 3637 mea,
3450 3569 3565 3623 etc.

1114 3655 1337 3714 CXLVI.
1380 3657 1629 3715 Laudate
1671 3657 2015 3725 Dominum,
2061 3656 2336 3731 quonium
2388 3655 2573 3714 bouus
2618 3664 2702 3715 est
2738 3654 2994 3730 psalmus
3027 3672 3042 3714 ε
3074 3659 3191 3715 Deo
3218 3663 3420 3714 nostro
3447 3654 3521 3712 sit
3544 3653 3643 3726 ju·

1484 3748 1671 3806 cunda
1700 3749 2025 3821 decoraque
2047 3745 2323 3805 laudatio.

1069 3836 1320 3896 CXLVII.
1364 3838 1578 3909 Lauda,
1610 3838 1956 3907 Jerusalem,
1987 3836 2302 3896 Dominum
2337 3853 2351 3894 :
2384 3836 2549 3895 lauda
2583 3838 2760 3895 Deum
2793 3845 2979 3909 tuum,
3006 3836 3165 3895 sion.

1049 3927 1327 3987 CXLVIII.
1366 3930 1618 3986 Laudato
1643 3929 1985 3999 nomicum,
2016 3928 2093 3987 de
2119 3926 2281 3986 coeiie
2315 3942 2331 3984 z
2363 3926 2598 3985 laudate
2626 3942 2756 3986 eum
2786 3928 2846 3986 in
2875 3926 3138 3987 excelsis.

1101 4020 1324 4078 chtx.
1368 4021 1602 4079 Cantate
1631 4019 1878 4080 Domino
1907 4018 2204 4078 canticum
2235 4034 2450 4078 novum
2486 4034 2502 4075 ε
2534 4019 2658 4077 iaus
2684 4019 2809 4092 ejus
2840 4018 2898 4077 in
2928 4016 3172 4078 ecclesia
3195 4023 3553 4075 sauctorum.

1222 4113 1324 4173 ct..
1362 4113 1609 4172 Laudate
1636 4111 1952 4171 Dominum
1978 4111 2042 4170 in
2072 4110 2289 4170 sanctis
2311 4109 2475 4183 eius:
2507 4109 2742 4169 laudate
2770 4126 2902 4171 eum
2928 4111 2992 4169 iu
3022 4109 3385 4169 firmamento
3413 4104 3642 4166 virtutis

1476 4203 1623 4277 eJus.

3851 774 3958 829 369

3852 864 3958 919 374

3853 956 3957 1009 379

3851 1132 3958 1188 383

3850 1399 3949 1454 391

3855 1488 3956 1542 403

3855 1668 3960 1723 406

3858 1759 3963 1814 409

3860 1937 3966 1993 420

3863 2117 3968 2174 430

3861 2298 3968 2355 437

3863 2479 3968 2534 442

3863 2566 3965 2621 458

3863 2749 3967 2804 466

3863 2930 3969 2986 473

3862 3110 3968 3167 479

3861 3289 3966 3347 488

3860 3470 3965 3527 499

3855 3561 3964 3617 510

3855 3745 3887 3797 5
3898 3741 3962 3798 ¹7

3852 3832 3959 3886 52³

3851 3922 3960 3977 528

3849 4009 3958 4069 538

3850 4193 3954 4251 544
