5008 6329
1919 402 2622 477 COMMENTARIUS
2675 410 2765 476 IN
2812 411 3247 483 PSALMUM
3298 415 3579 485 CXXX.
4229 415 4357 481 389

1147 565 1542 634 interiorem
1599 570 2011 661 superbiam.
2096 573 2432 655 Secund0‚
2503 586 2696 645 exte-

1146 673 1425 754 riorem,
1458 675 1577 757 ibi,
1614 706 1650 743 α
1680 681 1922 771 Neque
1949 680 2139 749 elati.
2182 712 2214 745 »

2894 581 3072 649 Dicit
3113 606 3275 673 ergo
3321 608 3335 650 :
3401 586 3517 653 Sic
3564 586 3745 654 oculi
3802 586 3936 654 mei
3992 606 4131 651 non
4197 589 4358 648 sunt

2804 686 3073 754 exaltati
3108 697 3181 755 ut
3218 699 3396 759 esset
3423 691 3745 782 superbia
3774 693 3845 758 in
3875 692 4072 782 signo
4117 712 4132 756 z
4172 714 4205 754 α
4247 710 4357 756 ne-

2802 818 2996 886 que»
3049 798 3251 865 etiam
3305 828 3336 861 «
3401 800 3766 868 ambulavi
3822 802 3894 867 in
3967 801 4266 890 maqniS,
4318 826 4349 858 »

2803 904 3119 993 operibus
3167 906 3424 975 scilicet
3489 916 3556 976 et
3611 908 3909 999 pompiS,
3980 907 4050 972 in
4107 904 4353 996 quibus

2802 1010 3153 1079 ambulant
3175 1012 3452 1102 superbi
3494 1014 3580 1081 ad
3628 1012 4181 1089 ostentationem,
4213 1011 4353 1078 sic-

2800 1127 2874 1186 ut
2913 1117 3034 1199 illi,
3095 1119 3177 1187 de
3225 1121 3477 1211 quibus
3531 1119 3899 1200 DominuS,
3955 1119 4163 1187 Marc.
4226 1141 4348 1201 xn,

2801 1226 2884 1293 38
2913 1249 2926 1292 :
2958 1226 3263 1316 Cavete1a
3289 1227 3577 1307 Scribis,
3621 1230 3746 1319 qui
3773 1228 4017 1295 volunt
4047 1227 4118 1293 in
4154 1223 4352 1293 stolis

929 1023 986 1089 ι
1230 1009 1413 1080 Dicit
1452 1034 1616 1104 ergo
1658 1035 1675 1080 t
1713 1013 1828 1082 Sic
1857 1013 2152 1080 confisus
2182 1036 2359 1098 sum,
2383 1022 2447 1082 et
2476 1014 2690 1101 oravi,

797 1123 1113 1225 Ρήὲυῶὦιῗπ
1144 1137 1269 1184 nec
1308 1124 1539 1188 tamen
1568 1119 1937 1210 superbivi,
2009 1120 2146 1188 imo
2205 1143 2244 1188 o
2278 1148 2315 1186 α
2372 1123 2687 1199 Domine,

1142 1244 1259 1291 cor
1304 1247 1559 1306 meum,
1631 1225 1882 1292 »sicut
1937 1234 2012 1293 tu
2062 1228 2215 1306 scia,
2287 1255 2321 1292 α
2397 1251 2534 1295 non
2597 1238 2693 1296 est

821 3267 1053 3370 222⁸ssss

834 1339 1067 1441 {iffi}
1141 1334 1560 1416 exaltatum,
1597 1361 1633 1398 n
1663 1357 1784 1425 per
1823 1336 2212 1425 superbiam
2271 1339 2684 1416 interiorem,

1140 1441 1315 1509 sicut
1388 1439 2056 1528 Nabuchodonosor,
2148 1442 2411 1525 Judith,
2492 1467 2538 1522 1,
2601 1445 2680 1511 7:

1142 1548 1327 1616 Tune
1385 1548 1776 1617 exaltatum
1839 1560 1935 1618 est
1991 1573 2277 1640 requam
2322 1550 2685 1619 Nabucho-

1138 1653 1462 1735 donosor,
1495 1662 1560 1723 et
1588 1655 1929 1725 elevatum
1985 1668 2083 1725 est
2133 1680 2249 1725 eor
2297 1656 2475 1746 ejus.
2550 1655 2687 1725 Sed

1133 1760 1476 1830 Dominus
1523 1765 1654 1832 cito
1712 1764 1956 1854 dejecit
2017 1764 2201 1832 illam
2268 1765 2679 1856 superbiam,

1134 1866 1266 1938 Isa.
1301 1892 1372 1951 x,
1411 1871 1493 1937 12
1528 1892 1544 1937 ε
1592 1870 1892 1940 Visitabo
1929 1894 2135 1963 super
2172 1875 2481 1963 fructum
2531 1896 2686 1940 ma-

1129 1977 1376 2068 qnifici
1402 1980 1627 2047 cordis
1655 1981 1835 2070 reqis
1861 1982 2098 2049 Assur.
2152 1981 2477 2050 Proverb.
2513 2005 2679 2063 xvu,

1137 2086 1271 2154 19:
1322 2088 1463 2172 Qui
1507 2087 1775 2157 exaltat
1831 2091 2082 2157 ostium
2134 2113 2362 2170 suum,
2439 2091 2685 2182 quaerit

1131 2192 1439 2260 ruinam.
1477 2193 1584 2276 Et,
1626 2218 1769 2275 xvi,
1807 2197 1889 2264 18
1925 2218 1940 2262 :
1988 2196 2473 2265 Contritionem
2498 2221 2685 2289 μνε-

1128 2298 1309 2369 cedit
1340 2300 1690 2393 superbia,
1735 2313 1799 2371 et
1838 2314 1997 2371 ante
2024 2306 2298 2372 ruinam
2346 2306 2681 2374 exaltatio

1123 2408 1437 2498 spiritus.
1471 2409 1630 2489 Job‚
1664 2433 1777 2493 κν,
1819 2413 1899 2479 12
1934 2432 1949 2479 :
1986 2413 2174 2499 Quid
2206 2422 2270 2480 te
2323 2412 2540 2481 elevat
2569 2436 2683 2482 eor

1123 2523 1350 2597 tuum,
1383 2525 1448 2585 et
1476 2519 1681 2609 quasi
1719 2541 1978 2611 maqna
2036 2523 2366 2613 eoqitam,
2422 2523 2682 2591 altoni-

1121 2629 1229 2689 tos
1255 2622 1467 2693 lzabes
1504 2625 1742 2695 oeulos
1784 2625 1828 2694 ?

1221 2862 1256 2902 ι
1289 2837 1525 2929 Neque
1553 2837 1727 2907 elati
1752 2849 1938 2906 sunt.
1978 2864 2011 2904 n
2055 2838 2181 2908 Hic
2221 2850 2525 2910 removet
2553 2863 2679 2910 ex-

1128 2942 1475 3023 teriorem,
1510 2967 1664 3037 quae
1701 2951 1804 3013 est
1848 2943 2096 3037 duplex
2131 2968 2147 3013 t
2190 2945 2299 3016 vel
2351 2948 2422 3016 in
2451 2948 2676 3039 signo,

1126 3056 1196 3118 et
1224 3048 1402 3120 hanc
1429 3060 1739 3120 removet
1766 3053 1992 3143 primo
2028 3074 2044 3122 :
2091 3054 2200 3122 vel
2243 3054 2313 3121 in
2357 3054 2561 3133 factm
2615 3062 2681 3124 et

1126 3158 1305 3231 hanc
1352 3162 1681 3246 secundo,
1714 3161 1836 3245 ibi,
1883 3191 1914 3229 ι
1960 3166 2193 3257 Neque
2220 3166 2601 3235 ambulavi.
2641 3193 2675 3233 ι

1214 3268 1397 3338 Dicit
1435 3294 1598 3364 ergo
1644 3294 1661 3341 :
1699 3270 1814 3341 Sic
1834 3294 1956 3341 cor
1981 3294 2120 3341 non
2151 3282 2253 3342 est
2279 3273 2675 3355 exaltatum,

1127 3400 1405 3470 «neque
1439 3378 1612 3447 elati
1637 3390 1802 3449 sunt
1829 3381 2017 3450 oculi
2060 3383 2219 3464 mei,
2278 3411 2308 3444 ι
2374 3391 2450 3451 ut
2506 3390 2680 3453 esset

1120 3483 1448 3577 superbia
1475 3487 1545 3554 in
1583 3487 1781 3578 signo
1812 3487 2160 3559 exteriori.
2222 3488 2427 3558 Eccli.
2481 3513 2674 3570 xxm,

1118 3594 1159 3660 ὅ
1202 3614 1219 3661 :
1255 3592 1769 3662 Extollentiam
1827 3596 2188 3666 oculorum
2246 3620 2550 3667 meorum
2596 3624 2680 3669 ne

1119 3698 1390 3769 dederis
1416 3700 1614 3768 milei.
1654 3700 1854 3778 Tales
1878 3704 2059 3772 enim
2100 3705 2170 3772 in
2237 3708 2676 3798 generatione

1115 3807 1464 3878 malorum
1528 3818 2036 3898 computantur,
2114 3812 2441 3884 Proverb.
2509 3837 2671 3899 xxx,

1122 3916 1204 3985 13
1240 3937 1256 3983 2
1297 3915 1688 3999 Gener-atio,
1721 3917 1927 4009 eujus
1955 3918 2204 3988 excelsi
2243 3930 2406 3990 sunt
2459 3923 2671 4003 oculi,

1116 4033 1181 4092 et
1204 4021 1561 4116 palpebrae
1599 4025 1672 4093 in
1719 4025 1946 4096 altum
1992 4039 2340 4122 porrectae.
2407 4030 2468 4099 A
2528 4029 2673 4099 Deo

1115 4130 1469 4212 odiuntur,
1511 4131 1841 4208 Proverb.
1879 4159 1977 4217 vn,
2016 4138 2094 4206 17
2131 4160 2147 4206 ε
2185 4138 2435 4209 Oculos
2459 4138 2674 4208 subli-

1115 4261 1258 4306 mes
1295 4237 1448 4307 odit
1482 4242 1690 4310 Deus.
1729 4240 1835 4309 Ab
1865 4243 2014 4335 ipso
2045 4244 2474 4335 dejiciuntur,
2539 4245 2667 4315 isa.

1113 4367 1187 4424 ιι,
1228 4347 1301 4413 11
1345 4368 1363 4415 :
1403 4346 1612 4417 Oculi
1643 4347 1973 4419 sublimes
2009 4351 2309 4420 hominis
2343 4353 2674 4424 humilia-

1112 4454 1172 4523 ti
1203 4464 1393 4525 sunt.
1455 4453 1827 4548 Gregorius
1867 4478 1884 4527 t
1953 4483 1988 4525 ι
2050 4456 2291 4529 Omnis
2354 4461 2672 4553 superbia

1112 4587 1148 4623 «ι
1173 4567 1367 4632 tanto
1405 4561 1476 4631 in
1526 4565 1667 4633 imo
1701 4564 1910 4655 jacet,
1945 4573 2203 4659 quanto
2249 4568 2320 4636 in
2347 4567 2566 4639 altum
2595 4592 2667 4639 ee

1113 4692 1148 4734 ι
1182 4667 1409 4761 erigit.
1446 4694 1481 4736 ι

1212 4907 1243 4945 ι
1277 4883 1516 4975 Neque
1550 4883 1933 4959 ambulavi.
1979 4916 2015 4953 n
2049 4891 2111 4958 11
2119 4892 2175 4960 ic
2214 4901 2483 4961 amovet
2536 4917 2663 4962 ex·-

1109 4988 1432 5059 teriorem
1471 4989 1861 5084 superbiam
1904 4995 1972 5062 in
2021 4996 2218 5067 lacto.
2295 4998 2377 5067 Et
2411 5003 2659 5091 primo,

1108 5094 1179 5162 in
1211 5095 1389 5167 facto
1419 5099 1490 5166 in
1555 5099 1738 5190 quod
1801 5109 1903 5170 eat
1975 5099 2275 5174 humana
2328 5110 2658 5198 potentia.

1111 5201 1462 5288 Secundo,
1504 5207 1575 5276 in
1620 5207 1801 5278 facto
1858 5209 2044 5300 quod
2097 5221 2196 5280 est
2251 5235 2455 5306 super
2527 5214 2663 5284 hu-

1108 5330 1413 5394 manam,
1457 5310 1579 5395 ibi,
1615 5341 1651 5379 α
1699 5315 1934 5409 Neque
1976 5316 2049 5385 in
2113 5318 2577 5392 mirabilibus.
2621 5348 2656 5390 ι

1173 5589 1195 5627 ¹
1226 5586 1312 5645 ct.
1344 5586 1487 5647 Luc.
1515 5605 1615 5660 xx,
1644 5591 1755 5649 66:
1784 5591 2071 5652 Attendite
2106 5611 2143 5653 a
2165 5595 2390 5668 Scribis,
2422 5598 2527 5673 qui
2549 5617 2653 5660 vo·

1099 5676 1225 5733 tunt
1244 5677 1539 5736 ambulare
1558 5680 1617 5735 in
1634 5681 1817 5752 stolis,
1837 5689 1891 5741 et
1911 5692 2103 5742 amant
2120 5686 2480 5746 salutationes
2498 5689 2558 5746 in
2570 5693 2655 5761 to-

1096 5780 1192 5837 ro,
1213 5768 1329 5824 etc.
1360 5765 1449 5825 Cf.
1480 5767 1660 5825 etiam
1684 5769 1890 5828 naith.
1918 5788 2079 5842 xxm,
2108 5775 2164 5846 6,
2186 5779 2249 5832 et
2276 5775 2413 5834 Luc.
2439 5793 2519 5846 ιι,
2556 5780 2650 5838 4³.

2798 1330 3180 1410 ambulare,
3216 1342 3279 1400 et
3314 1334 3622 1400 salutari
3653 1334 3725 1400 in
3779 1335 3939 1423 soro
3989 1335 4033 1398 ¹.
4102 1331 4345 1413 AmoS,

2798 1461 2868 1520 11,
2932 1440 3016 1506 7:
3079 1441 3268 1506 Viam
3338 1440 3720 1509 humilium
3791 1440 4164 1508 declinant.
4234 1437 4341 1519 Et,

2794 1567 2889 1624 v1,
2937 1547 2965 1611 1
3007 1564 3023 1613 ε
3073 1545 3453 1636 Optimates
3481 1550 3717 1640 capita
3750 1546 4201 1639 populorum,
4246 1546 4350 1613 in-

2791 1653 3168 1742 qredieaezles
3190 1657 3584 1747 pompatice
3621 1657 3905 1723 domum
3957 1652 4204 1723 Israel.

2886 1788 2918 1825 a
2950 1763 3086 1830 Nec
3116 1764 3186 1829 in
3224 1761 3693 1832 mirabilibus.
3761 1789 3792 1829 ι
3864 1762 4037 1831 Ecce
4103 1784 4352 1830 secun-

2793 1869 2979 1936 dum.
3016 1868 3219 1948 Quasi
3261 1870 3554 1940 diceret:
3593 1870 3707 1940 Sic
3737 1894 3877 1940 non
3907 1869 4252 1939 ambulavi
4277 1870 4348 1936 in

2791 1978 3082 2067 magniS,
3125 2006 3156 2039 α
3199 2001 3318 2046 nee
3366 2002 3399 2044 a
3442 1977 3821 2058 ambulavi,
3878 1986 4129 2070 repete,
4182 2004 4216 2040 «
4276 1977 4350 2044 in

2791 2086 3229 2154 mirabilibus
3264 2109 3472 2177 super
3490 2111 3622 2170 me,
3651 2113 3684 2155 n
3711 2109 3917 2179 super
3944 2087 4124 2154 vires
4155 2107 4344 2153 meae

2791 2194 3260 2273 existentibuS,
3295 2203 3362 2263 et
3391 2201 3646 2264 statum
3687 2216 3947 2274 meum,
3983 2192 4168 2286 quod
4239 2200 4341 2260 est

2792 2324 3039 2393 magna
3075 2301 3420 2392 superbia.
3465 2302 3674 2371 Eccli.
3722 2325 3819 2387 ιιι,
3874 2304 3960 2369 22
4005 2323 4021 2367 :
4065 2300 4342 2370 Altiora

2790 2420 2853 2477 te
2881 2434 2964 2478 ne
2982 2412 3350 2502 quaesieris,
3374 2422 3440 2479 et
3465 2412 3769 2501 fortiora
3800 2420 3866 2479 te
3891 2433 3977 2479 ne
3996 2418 4344 2478 scrutatus

2785 2519 3028 2608 fueris.
3075 2517 3364 2609 Superbi
3397 2540 3607 2610 super
3633 2539 3707 2587 se
3771 2539 4042 2609 semper
4105 2516 4346 2584 nitun-

2790 2635 2901 2693 tur
2928 2626 3313 2697 ascendere.
3366 2626 3501 2696 lsa.
3561 2649 3706 2710 xvi,
3760 2628 3801 2695 6
3846 2647 3861 2693 :
3928 2624 4346 2694 Audivimus

2789 2734 3178 2826 superbiam
3252 2734 3489 2821 Moab,
3537 2734 3877 2827 superbus
3941 2743 4041 2802 est
4090 2730 4295 2799 valde
4321 2752 4345 2799 .·

2784 2842 3105 2934 superbia
3143 2842 3323 2933 ejus,
3369 2852 3432 2911 et
3461 2844 3874 2935 arroqantia
3931 2840 4109 2932 ejuS,
4136 2839 4348 2932 plus-

2787 2972 2995 3041 quam
3032 2949 3375 3040 lortitudo
3405 2950 3585 3041 ejus.
3637 2947 3835 3018 Tales
3865 2947 4140 3017 fuerunt
4158 2947 4344 3037 magi

2791 3056 3191 3140 Pharaonis,
3242 3058 3359 3149 qui
3424 3056 3793 3127 voluerunt
3856 3056 4075 3127 facere
4142 3055 4345 3125 scini-

2787 3166 2981 3258 pheS,
3086 3190 3254 3258 quas
3348 3189 3490 3236 non
3573 3174 3893 3258 poterant
3996 3170 4044 3234 '.
4159 3163 4344 3233 Talis

2785 3283 2930 3343 erat
2979 3274 3221 3341 Simon
3272 3297 3539 3366 magua,
3609 3274 3727 3366 qui
3784 3271 4061 3341 volebat
4128 3270 4344 3340 lacere

2787 3383 3111 3452 miracula
3197 3385 3371 3454 sicut
3457 3382 3702 3453 Petrus
3786 3393 3834 3451 ⁸.
3922 3380 4105 3451 Talis
4218 3383 4344 3451 erit

2785 3490 3267 3571 Antichristus,
3302 3495 3419 3584 qui
3443 3491 3757 3560 ostendet
3784 3514 3857 3560 ae
3878 3499 4231 3581 tamquam
4254 3489 4342 3558 sit

2783 3597 2990 3666 Deus.
3025 3597 3290 3667 Daniel.
3335 3622 3429 3677 xx,
3457 3601 3542 3668 36
3579 3622 3595 3668 ε
3629 3597 4046 3668 Elevabitur
4073 3608 4139 3667 et
4193 3619 4344 3665 ma-

2779 3704 3228 3798 qnificabitur
3254 3706 3586 3776 adversus
3621 3729 3891 3776 omnem
3958 3706 4188 3775 deum.
4256 3704 4344 3775 Et

2782 3813 2940 3880 dicit
2973 3810 3433 3904 Hieronymus
3477 3836 3493 3881 ε
3532 3839 3566 3880 ι
3605 3813 3755 3883 lloc
3783 3813 4056 3905 proprie
4096 3834 4343 3904 super-

2785 3946 2818 3985 ι
2852 3919 3008 3989 cilio
3040 3920 3535 4012 Episcoporum
3575 3921 3922 4001 convenit,
3990 3920 4109 4013 qui
4173 3941 4344 4012 ope-

2784 4054 2817 4093 «
2865 4026 3048 4096 ribus
3086 4028 3500 4097 dedecorant
3552 4029 3857 4098 nominis
3904 4029 4334 4120 dignitatern,

2789 4165 2820 4199 ιι
2861 4159 2983 4228 pro
3013 4135 3396 4206 humilitate
3440 4135 3836 4228 superbiam
3882 4144 4334 4217 assumentes,

2780 4268 2985 4315 «non
3017 4244 3442 4315 attendentes
3510 4244 3682 4315 illud
3747 4244 3914 4316 Luc.
3973 4267 4115 4324 xvx,
4189 4247 4334 4315 15:

2782 4383 2814 4417 α
2862 4353 3066 4439 Quod
3088 4353 3485 4422 homiuibus
3524 4352 3754 4423 altum
3795 4360 3918 4433 est,
3973 4352 4341 4422 abomina-

2789 4488 2820 4526 ι
2856 4462 2953 4529 tio
2981 4469 3078 4528 est
3107 4470 3268 4530 ante
3291 4462 3545 4530 Deum.
3578 4488 3614 4525 n

2870 4811 2901 4845 ιι
2930 4783 3172 4852 Sinon
3198 4779 3584 4852 humiliter.
3642 4807 3677 4849 ι
3737 4777 3870 4852 llic
3918 4780 4320 4866 secundum,

2771 4896 2840 4963 iu
2881 4914 3019 4984 quo
3047 4892 3208 4960 duo.
3245 4888 3510 4970 Primo.
3544 4893 3787 4962 asserit
3823 4891 3909 4961 de
3954 4914 4027 4961 ae
4090 4889 4327 4962 humi-

2771 5000 3052 5069 litatem.
3098 4997 3439 5077 Secundo,
3484 4998 3843 5091 subjungit
3897 4999 4324 5090 imprecatio-

2770 5132 2953 5188 nem,
2986 5110 3041 5176 si
3073 5129 3211 5176 non
3252 5108 3347 5175 ita
3374 5107 3462 5175 sit
3502 5107 3679 5176 sicut
3709 5109 3906 5188 dixit,
3937 5105 4057 5184 ibi,
4103 5134 4138 5171 α
4168 5107 4325 5177 Sie-

2771 5227 2845 5284 u!
2883 5215 3297 5284 ablactatus.
3343 5243 3378 5277 n

2860 5320 2935 5390 ln
2975 5321 3194 5414 prima
3232 5319 3395 5390 duo.
3437 5319 3704 5402 Primo,
3749 5321 3992 5391 asserit
4030 5343 4104 5391 ae
4161 5345 4326 5393 sen-

2841 5601 2860 5639 ¹
2891 5595 2978 5659 Cf.
3019 5594 3201 5654 Exod.
3232 5609 3352 5662 vm,
3381 5592 3471 5648 ¹8.

2832 5691 2858 5728 ⁸
2887 5692 3014 5746 Act.
3054 5703 3172 5756 vm,
3204 5685 3273 5740 ⁴8
3312 5686 3376 5740 et
3398 5698 3530 5755 aeq.
