5008 6329
407 3159 528 3229 '20

682 291 807 354 282

680 457 905 526 Aaron
943 460 1305 527 voluerunt
1356 482 1706 549 usurpare.
1751 461 1972 530 Eccle.
2015 486 2084 542 x,
2127 464 2165 530 “1
2203 484 2216 528 :

691 565 840 632 Vidi
864 590 1086 634 servos
1118 568 1188 632 in
1227 567 1443 655 equis,
1486 577 1549 633 et
1590 570 1939 660 principes
1988 568 2227 637 ambu-

680 673 892 739 lantes
962 696 1164 763 super
1220 683 1495 741 terram.
1552 674 1825 749 Urbana
1883 685 2004 752 est,
2069 677 2229 765 quia

676 779 830 846 facit
855 780 1087 847 cedere
1119 778 1256 850 alii.
1302 781 1464 850 Luc.
1512 807 1651 863 xiv,
1704 785 1828 851 10:
1890 783 2229 850 Recumbe

675 894 742 958 in
796 891 1156 957 novissimo
1217 893 1386 960 loca.
1423 892 1665 960 Matth.
1703 915 1798 970 ιιι,
1848 893 1928 959 14
1959 900 2026 959 et
2087 894 2164 958 15
2202 914 2216 958 :

673 999 821 1085 qu
861 1020 903 1063 a
943 1007 1005 1064 te
1032 996 1233 1065 debeo
1275 998 1642 1088 baptizari,
1678 1006 1741 1064 et
1789 1007 1864 1064 tu
1910 999 2093 1063 venis
2131 998 2228 1062 ad

674 1127 778 1171 me
809 1104 928 1172 Ρ...
982 1106 1146 1174 Sine
1196 1104 1400 1171 modo
1434 1128 1455 1170 .·
1512 1105 1611 1171 sic
1659 1105 1839 1171 enim
1880 1103 2063 1171 decet
2098 1127 2221 1171 nos

672 1216 953 1307 implere
1008 1237 1274 1281 omnem
1329 1213 1721 1302 justitiam.
1756 1214 1865 1283 Ad
1922 1214 2215 1284 Roman.

673 1347 789 1402 xu,
848 1325 975 1391 10:
1033 1323 1306 1390 Honore
1363 1324 1650 1391 invicem
1708 1327 2211 1415 praevenientes,

671 1431 914 1499 Fidelis
945 1439 1067 1510 est,
1111 1431 1272 1521 quia
1311 1429 1486 1498 nihil
1515 1433 1664 1500 vult
1705 1434 2096 1523 contingere
2133 1432 2217 1500 dc

672 1539 870 1609 rebus
913 1540 1192 1609 Domini
1248 1540 1381 1617 sui,
1414 1538 1709 1629 gloriam
1759 1561 1952 1607 suam
2001 1547 2216 1608 totam

673 1649 771 1717 illi
807 1647 1150 1735 relinquit,
1196 1668 1336 1713 non
1357 1644 1506 1713 vult
1533 1668 1684 1714 eam
1717 1646 1951 1725 furari,
1988 1646 2216 1713 (licens

668 1754 833 1824 illud
868 1753 1035 1821 Tob.
1070 1776 1142 1832 ιι,
1186 1754 1263 1819 21
1305 1775 1320 1818 :
1385 1751 1616 1821 Videte
1656 1776 1739 1821 ne
1779 1754 1960 1841 sorte
1994 1755 2216 1842 surti-

663 1886 784 1931 vus
863 1862 976 1930 sit.
1050 1859 1193 1928 Scit
1243 1859 1427 1927 enim
1477 1858 1645 1927 illud
1701 1860 1833 1929 Isa.
1893 1883 2052 1941 xui,
2106 1863 2145 1927 8
2193 1883 2207 1927 ε

670 1973 982 2043 Gloriam
1035 1991 1257 2037 meam
1306 1969 1526 2036 altari
1580 1992 1717 2037 non
1772 1968 1974 2038 dabo.
2013 1969 2207 2048 item,

666 2080 957 2172 prudens
995 2085 1095 2146 est
1125 2079 1194 2144 in
1243 2076 1731 2145 conservandis
1788 2078 1979 2144 suis:
2026 2079 2214 2145 vitu-

664 2189 847 2281 peria
902 2187 1084 2256 enim
1133 2193 1202 2254 et
1247 2185 1661 2274 dejectiones
1692 2184 1821 2252 sibi
1871 2186 2115 2253 retinet
2144 2194 2210 2253 et

664 2305 868 2376 amat,
911 2317 1033 2363 nec
1061 2294 1173 2361 alii
1215 2294 1679 2362 communicat
1725 2290 1862 2361 illa.
1914 2293 2209 2361 Bernar-

665 2404 789 2471 dus
844 2428 859 2472 :
917 2431 950 2468 α
984 2401 1158 2470 Vere
1209 2399 1490 2468 humilis
1548 2423 1690 2469 non
1727 2400 1874 2467 vult
1927 2399 2207 2468 humilis

669 2543 699 2576 «ι
735 2511 1104 2603 praedicari,
1145 2508 1263 2577 sed
1293 2508 1447 2576 vilis
1478 2509 1805 2598 reputari.
1835 2535 1868 2571 n
1902 2507 1994 2574 ΙΙΙ
2034 2497 2197 2598 Ileg.

664 2639 802 2700 xxi,
832 2619 859 2683 1
888 2625 952 2683 et
974 2636 1143 2705 seq„
1180 2612 1479 2688 Naboth,
1505 2614 1621 2702 qui
1650 2614 1854 2680 sessio
1876 2612 2205 2702 interpre-

661 2732 860 2805 tatur,
903 2724 970 2790 id
999 2731 1123 2801 est,
1157 2718 1534 2797 humilitas»,
1579 2718 1800 2787 noluit
1837 2718 2203 2787 lueredita-

659 2841 794 2899 tem
831 2852 1025 2896 suam
1064 2826 1294 2918 aliqua
1322 2826 1582 2894 ratione
1615 2824 2016 2916 relinquere.

744 3187 778 3228 ιι
819 3161 977 3232 Fiat
1068 3154 1541 3226 misericordia
1584 3164 1733 3225 tua.
1774 3179 1809 3220 ι
1903 3150 2032 3221 llic
2095 3160 2196 3219 est

652 3276 888 3362 quarta
917 3288 1071 3357 pars
1098 3272 1168 3334 et
1194 3263 1438 3332 ultima
1473 3261 1682 3353 hujus
1723 3261 2079 3339 octonarii,
2123 3260 2192 3327 in

650 3400 783 3469 qua
846 3381 1160 3465 expertus
1198 3373 1620 3463 aequitatem,
1662 3370 1833 3461 petit
1885 3368 2189 3436 divinam

649 3479 1207 3562 inisericordiam,
1251 3501 1403 3571 quoe
1444 3500 1715 3569 semper
1754 3484 1857 3545 est
1904 3475 1972 3543 in
2011 3473 2194 3563 judi-

647 3591 765 3659 ciis
795 3588 1164 3681 aequitatis:
1199 3595 1267 3654 et
1303 3584 1625 3654 dicuntur
1655 3584 1980 3675 quinque.
2034 3579 2192 3648 Pri-

647 3719 782 3775 mo,
815 3695 983 3788 petit
1009 3692 1301 3787 gratiam
1334 3690 1823 3761 misericordiae
1852 3689 1979 3758 Dei
2017 3709 2190 3757 con-

645 3802 977 3872 solantem
1028 3823 1102 3870 se
1157 3800 1230 3868 in
1286 3798 1532 3890 poenis.
1586 3796 1931 3876 Secunde,
1965 3795 2187 3863 viviti-

644 3920 907 3981 cantem
947 3932 987 3977 a
1033 3907 1276 3999 culpis,
1345 3907 1466 3990 ibi,
1526 3914 1592 3983 5.
1640 3907 1760 3974 77:
1817 3934 1849 3968 α
1906 3905 2188 3972 Veniant

645 4020 836 4088 mihi.
874 4044 909 4085 ι
939 4017 1193 4102 Tertio,
1225 4015 1313 4085 ad
1341 4012 1895 4084 confundendum
1937 4012 2181 4096 malos,

644 4124 762 4204 ibi,
794 4133 857 4202 5.
883 4125 968 4193 78
996 4146 1012 4192 ε
1041 4148 1074 4189 α
1113 4120 1675 4211 Confundantur.
1716 4146 1749 4183 n
1783 4118 2069 4200 Quarto,
2100 4120 2185 4188 ad

642 4231 1185 4325 promovendum
1213 4228 1458 4306 bonOS,
1497 4227 1619 4313 ibi,
1650 4237 1716 4306 5.
1777 4230 1905 4297 79:
1946 4257 1977 4294 ι
2018 4231 2186 4298 Con-

643 4348 993 4409 vertantur
1034 4336 1232 4407 mihi.
1282 4366 1316 4399 ι»
1357 4335 1643 4417 Quinto,
1694 4334 1780 4403 ad
1828 4335 2184 4426 purifican-

639 4447 802 4516 dum
862 4445 1373 4525 conscientiam,
1406 4450 1474 4512 et
1519 4443 1618 4512 sic
1673 4465 1945 4534 poenam
1985 4451 2185 4512 aeter·

641 4579 800 4625 nam
845 4553 1270 4635 evitandum,
1321 4550 1445 4631 ibi,
1505 4558 1572 4629 ὲ.
1615 4552 1745 4621 8οε
1812 4579 1845 4618 ι
1872 4552 2036 4621 Fiat
2071 4577 2186 4622 cor

640 4686 888 4733 meum.
925 4688 960 4730 ι

724 4769 801 4838 In
828 4770 1050 4863 prima
1096 4769 1259 4838 duo.
1313 4766 1577 4852 Primo,
1618 4769 1882 4861 petitio.
1925 4765 2182 4835 Secun-

636 4880 750 4959 do,
808 4873 1122 4968 probatio
1184 4872 1372 4967 quod
1427 4872 1630 4942 debet
1680 4872 2011 4951 exaudiri,
2056 4872 2174 4951 ibi,

639 5014 673 5055 ιι
705 4983 1093 5057 Secundum
1132 4982 1513 5073 eloquium.
1550 5008 1585 5049 ι

722 5092 896 5162 Dicit
944 5113 1149 5183 ergo:
1203 5089 1344 5173 Sic,
1385 5088 1708 5168 Domine,
1761 5089 2177 5181 experientia

632 5200 922 5293 cognovi
953 5206 1141 5267 tuam
1174 5197 1596 5289 aequitatem,
1628 5195 1699 5265 in
1732 5220 1864 5289 qua
1902 5197 2177 5265 miseri-

629 5307 856 5379 cordia
901 5312 1039 5374 est:
1093 5311 1160 5374 et
1202 5312 1482 5397 propter
1511 5301 1645 5373 hoc
1688 5327 1852 5396 rogo
1888 5326 1903 5372 τ
1943 5329 1977 5370 ιι
2012 5304 2175 5373 Fiat

630 5414 1092 5487 misericordia
1135 5422 1284 5492 tua,
1326 5439 1358 5479 x·
1410 5413 1498 5482 ad
1535 5412 1696 5494 hoc,
1754 5439 1788 5480 ιι
1831 5423 1909 5483 ut
1944 5437 2175 5482 como·

630 5526 807 5595 tetur
847 5545 978 5604 me,
1024 5547 1060 5586 n
1101 5520 1175 5588 in
1230 5519 1584 5590 laboribus
1642 5529 1708 5591 et
1759 5521 2003 5612 poenis.
2039 5520 2171 5589 Da·

625 5634 786 5706 niel.
826 5656 926 5719 m,
976 5632 1104 5699 42:
1153 5630 1299 5700 Fac
1338 5629 1692 5698 nobiscum
1710 5628 1936 5720 juxta
1976 5652 2169 5699 nian-

1654 292 1740 359 D.
1792 291 1991 359 ALB.
2044 291 2262 360 MAG.
2314 292 2523 362 ORD.
2575 293 2847 361 PRAED

2338 463 2770 530 suetudinem
2812 473 3028 543 tuam,
3074 475 3137 531 et
3163 465 3534 532 secundum
3565 466 3886 532 multitu-

2338 570 2567 637 dinem
2599 570 3082 638 misericordiae
3111 580 3266 638 tuse.
3303 571 3388 638 Et
3425 569 3558 639 hoc
3608 570 3694 638 ad
3723 594 3885 638 eon-

2338 677 2728 762 solandum,
2774 677 2901 746 lsa.
2947 702 3033 757 m,
3079 678 3160 745 3:
3208 659 3691 746 Consolabitui·
3747 681 3882 745 Do·

2337 786 2566 853 minus
2590 787 2787 866 Sion,
2823 796 2886 854 et
2921 784 3387 854 consolabitur
3426 789 3669 855 ruinas
3698 786 3877 876 ejuS.

2335 889 2395 954 11
2428 891 2512 957 ad
2577 891 2881 961 Corinth.
2947 918 2988 971 1,
3023 895 3105 962 4:
3172 894 3583 963 Consolatur
3634 917 3757 961 nos
3812 895 3884 961 in

2332 998 2522 1063 omni
2595 998 3040 1068 tribulatione
3102 1011 3389 1071 nostra:
3465 1010 3655 1069 tunc.
3699 1003 3877 1068 enim

2333 1105 2604 1194 quando
2654 1106 2941 1197 insurgit
2989 1107 3359 1190 tribulatio,
3421 1110 3728 1200 speciosa
3780 1117 3885 1178 est

2329 1210 2704 1280 consolatio
2762 1221 2827 1280 et
2897 1221 3304 1304 opportuna.
3362 1215 3569 1282 Eecli.
3666 1238 3879 1294 xxxv,

2328 1318 2412 1383 20
2438 1340 2451 1384 ε
2480 1319 2801 1410 Speciosa
2830 1321 3298 1388 misericordia
3317 1323 3452 1388 Dei
3480 1323 3551 1388 in
3583 1331 3886 1411 tempore

2328 1424 2826 1512 tribulationis,
2904 1430 3109 1519 quasi
3187 1429 3399 1497 nubes
3467 1430 3734 1522 pluviae
3806 1431 3878 1497 in

2328 1540 2625 1623 tempore
2659 1535 3013 1604 siccitatis.

2415 1773 2448 1808 κ
2490 1748 2885 1817 Secundum
2945 1750 3321 1842 eloquium.
3357 1777 3391 1816 n
3449 1751 3722 1844 Allegat
3760 1751 3873 1822 hic

2323 1853 2482 1923 duo,
2517 1855 2642 1924 Dei
2667 1859 3223 1948 promissionem,
3257 1868 3323 1927 et
3352 1861 3699 1951 propriam
3733 1883 3871 1929 ser-

2318 1960 2631 2029 vitutem.

2406 2070 2524 2137 Ait
2553 2072 2778 2140 enim:
2817 2073 2932 2142 Sic
2958 2082 3117 2166 peto
3158 2084 3232 2143 ut
3272 2075 3439 2144 mihi
3483 2077 3601 2144 {iat
3666 2077 3870 2145 mise-

2320 2176 2608 2245 ricordia
2655 2180 3066 2249 consolans:
3111 2190 3179 2251 et
3226 2182 3359 2253 hoc
3420 2211 3451 2248 α
3485 2184 3867 2253 secundum

2315 2283 2667 2374 eloquium
2724 2296 2947 2367 tuum,
2994 2317 3026 2349 n
3086 2291 3564 2380 promissionis
3611 2291 3867 2360 scilicet

2316 2400 2450 2460 tuae
2483 2416 2635 2485 quae
2656 2395 2854 2464 debet
2875 2420 3021 2466 esse
3042 2399 3327 2468 stabitis.
3365 2400 3494 2468 lsa.
3523 2424 3704 2486 xnvr,
3745 2404 3862 2470 10:

2319 2504 2699 2574 Consilium
2733 2531 2960 2576 meum
2988 2510 3224 2593 stabit,
3262 2521 3325 2579 et
3370 2513 3593 2579 omnis
3622 2513 3866 2580 volun-

2313 2625 2418 2681 tas
2453 2637 2603 2683 mea
2639 2617 2782 2706 fiet.
2826 2618 3068 2688 Matth.
3132 2643 3318 2700 xxiv,
3381 2623 3507 2691 35:
3592 2622 3862 2692 Coelum

2310 2734 2373 2789 et
2429 2732 2611 2793 terra
2678 2727 3095 2809 transibunt,
3144 2728 3346 2797 verba
3403 2739 3636 2797 autem
3712 2754 3864 2797 mea

2306 2852 2440 2896 uon
2493 2833 2966 2921 praeteribunt.
3004 2834 3088 2902 Et
3142 2833 3296 2913 hoc,
3346 2862 3379 2901 a
3410 2859 3600 2904 servo
3641 2844 3787 2918 tua,
3823 2862 3858 2903 ι

2306 2936 2414 3002 cui
2448 2940 2719 3006 teneris.
2764 2937 2895 3008 lsa.
2941 2963 3073 3019 xm,
3114 2942 3195 3009 10
3234 2949 3300 3010 et
3355 2964 3500 3032 seq.
3541 2962 3558 3009 τ
3616 2943 3716 3009 Ee
3753 2952 3860 3028 tu,

2307 3043 2549 3123 Israel,
2608 3069 2794 3114 serve
2820 3070 3032 3130 meus,
3080 3049 3293 3119 Jacob
3323 3071 3524 3140 quem
3562 3048 3854 3140 eleqi,...

2302 3176 2384 3221 nc
2429 3155 2695 3223 timeas.

2391 3496 2424 3535 ι
2472 3471 2756 3540 Veniant
2783 3472 2978 3541 mihi.
3007 3499 3044 3537 n
3073 3473 3227 3558 nic,
3251 3476 3423 3546 sicut
3443 3477 3700 3547 dictum
3723 3479 3850 3548 tuit
3972 3501 4091 3570 11

2297 3600 2527 3671 supra,
2562 3579 2726 3671 petit
2770 3580 3304 3653 misericordiam
3351 3584 3841 3658 vivificantem.

2301 3686 2384 3754 lit
2448 3689 2698 3780 primo,
2785 3692 3091 3782 tangitur
3159 3695 3423 3786 petitio.
3497 3695 3844 3784 Secundo,

2295 3797 2673 3887 persuasio,
2716 3796 2835 3877 ibi,
2882 3823 2916 3864 ιι
2954 3798 3138 3884 Quia
3179 3800 3294 3868 lex
3320 3813 3466 3871 tua.
3507 3831 3541 3866 n

2382 3902 2497 3970 Ait
2537 3926 2741 3996 ergo:
2779 3903 2893 3974 Sic
2920 3905 3084 3996 petii
3115 3908 3653 3981 misericordiam
3685 3935 3850 3982 con·

2293 4009 2672 4082 solantem:
2708 4012 2827 4081 sed
2856 4012 3077 4083 adhuc
3106 4014 3282 4102 «lico,
3306 4026 3373 4087 et
3409 4027 3609 4111 peto:
3650 4046 3684 4087 ιι
3723 4024 3849 4092 Ve-

2292 4118 2492 4186 niant
2521 4120 2696 4186 milii
2721 4121 3216 4206 miserationes,
3252 4148 3287 4190 a
3329 4124 3608 4195 effectus
3666 4128 3840 4198 scili·

2293 4233 2398 4293 cet
2436 4226 2920 4296 misericordiae
2961 4234 3119 4313 tuae,
3156 4230 3224 4297 in
3256 4230 3504 4322 quibus
3535 4233 3845 4327 dispersa

2291 4354 2692 4425 congregas,
2730 4332 2859 4402 lsa.
2894 4356 3027 4415 mv,
3052 4335 3135 4404 7:
3169 4338 3252 4406 In
3282 4338 3842 4413 miserationibus

2291 4443 2565 4534 maqnis
2616 4442 3044 4535 conqreqabo
3109 4455 3196 4515 te.
3252 4444 3339 4514 Et
3402 4449 3667 4522 animas
3713 4450 3840 4521 tibi

2292 4550 2689 4642 desponsas,
2750 4548 2955 4639 Osee,
3015 4576 3089 4635 ιι,
3162 4554 3241 4623 19
3275 4578 3292 4624 ε
3365 4556 3729 4649 Sponsabo
3776 4571 3841 4629 tc

2288 4658 2461 4725 milei
2486 4657 2888 4748 injustitia,
2921 4669 2985 4729 et
3000 4660 3307 4751 judicio,
3351 4673 3418 4731 et
3460 4666 3844 4736 misericor-

2287 4766 2430 4843 dia,
2471 4774 2539 4832 et
2565 4765 3144 4837 miserationibus.
3188 4767 3371 4849 Quas
3418 4770 3491 4839 in
3528 4770 3639 4842 his
3675 4797 3840 4844 con-

2285 4873 2537 4959 tinuas,
2568 4872 2819 4944 Thren.
2855 4897 2967 4971 ιιι,
3004 4876 3133 4944 22:
3176 4877 3652 4951 Miserationes
3677 4884 3838 4975 ejus

2284 5006 2417 5049 non
2463 4981 2880 5072 defecerunt.
2914 4981 3063 5066 nae,
3104 4984 3411 5077 inquam,
3446 4989 3835 5062 miseratio-

2286 5111 2405 5156 nes
2434 5098 2571 5158 tuoe
2603 5090 2886 5159 veniant
2925 5088 3098 5159 mihi
3125 5112 3143 5162 ι
3182 5120 3218 5156 α
3252 5102 3318 5160 et
3345 5095 3601 5176 vivam,
3631 5123 3662 5162 n
3710 5121 3836 5191 per

2284 5196 2434 5265 illas
2469 5199 2682 5266 vitam
2702 5197 3119 5269 continuabo
3167 5201 3613 5292 spiritualem.
3646 5206 3833 5279 Talis

2281 5305 2465 5374 enim
2508 5306 2816 5398 loquitur
2841 5309 2961 5400 qui
2996 5307 3297 5394 vivebat,
3329 5332 3488 5380 cum
3525 5311 3674 5386 haec
3728 5316 3833 5388 lo-

2281 5423 2624 5507 queretur,
2664 5415 2824 5504 Job,
2863 5440 2935 5504 x,
2983 5419 3064 5486 12
3099 5439 3118 5487 z
3184 5419 3406 5489 Vitam
3444 5434 3511 5493 et
3556 5428 3833 5498 miseri-

2275 5523 2584 5590 cordiam
2618 5524 2927 5594 tribuisti
2951 5524 3152 5596 milii.
3206 5523 3405 5611 Osee,
3452 5554 3548 5618 vi,
3584 5534 3624 5603 3
3659 5558 3677 5604 :
3723 5537 3831 5606 Vi-

2278 5653 2512 5699 vemus
2553 5633 2626 5700 in
2662 5640 3018 5725 conspectu
3045 5632 3227 5725 ejus.
