5008 6329
638 334 723 402 54
1626 329 1712 395 D.
1765 326 1966 392 ALB.
2019 324 2235 391 MAG.
2289 324 2496 391 ORD.
2551 325 2848 391 PRAED.

733 533 767 568 «
804 505 1199 574 Iucundum
1251 505 1344 568 sit
1398 502 1483 566 ei.
1518 525 1547 560 n
1601 499 1729 565 Hic
1777 493 2178 573 secundum,

2295 495 2492 564 Sicut
2517 494 2686 583 fluit
2714 517 2868 562 cera
2898 519 2942 562 a
2968 497 3155 585 facie
3191 497 3398 583 iynis,
3438 498 3535 564 sic
3566 504 3848 588 pereant

640 616 710 683 in
752 637 887 705 quo
943 612 1111 703 petit
1177 609 1559 676 orationem
1618 628 1814 672 suam
1861 602 2003 670 Deo
2038 601 2181 670 fieri
2289 611 2697 694 peccatoreS,
2760 610 2882 670 etc.
2947 601 3272 671 Proverb.
3332 623 3403 680 ιι,
3447 602 3576 668 22;
3638 602 3851 692 [mpii

636 728 978 811 acceptam
1014 740 1029 783 :
1074 717 1143 781 in
1179 735 1314 803 quo
1348 712 1691 779 ducuntur
1719 712 1883 779 duo.
1918 709 2178 788 Primo,

631 830 799 919 petit
834 837 911 895 ut
939 827 1026 892 sit
1062 829 1337 912 accepta
1377 821 1620 891 oratio.
1679 819 2032 897 Secundo,
2079 841 2188 886 os-

635 935 850 1004 tendit
878 933 1028 1023 quis
1066 929 1325 997 fructus
1365 929 1522 998 inde
1580 951 1877 1020 sequens
1916 929 2028 1005 sit,
2065 926 2180 1004 ibi,

644 1071 678 1105 κ
714 1044 869 1130 qu
899 1061 1076 1106 vero.
1111 1066 1141 1099 υ

724 1148 904 1215 Dicit
941 1169 1102 1239 ergo
1150 1169 1165 1213 :
1203 1145 1317 1214 Sic
1347 1145 1587 1226 orabo,
1622 1152 1687 1212 et
1720 1138 2010 1211 cantabo
2039 1139 2188 1205 Do-

638 1256 824 1324 mino
869 1278 884 1322 :
918 1254 1036 1325 sed
1067 1253 1227 1344 quia
1264 1252 1463 1319 aliter
1507 1250 1679 1317 mihi
1707 1247 1915 1324 valet,
1952 1268 2120 1336 rogo
2165 1267 2181 1311 :

641 1388 676 1430 ι
705 1363 1102 1433 Iucundum
1138 1363 1231 1428 sit
1269 1362 1331 1427 ei
1358 1358 1716 1449 eloquium
1748 1377 2004 1434 meum,
2040 1378 2072 1418 ιι
2117 1356 2187 1422 ιιι

637 1470 990 1563 psallendo
1021 1477 1088 1536 et
1125 1468 1385 1537 orando
1430 1465 1776 1556 prolatum
1825 1485 1840 1531 :
1913 1470 1991 1530 ut
2048 1484 2187 1530 non

638 1580 819 1649 dicat
852 1577 1017 1647 mihi
1054 1577 1222 1644 illud
1249 1577 1491 1655 AmoS,
1534 1599 1604 1655 v,
1666 1576 1797 1642 23:
1848 1575 2189 1663 Auferam

640 1711 683 1755 a
720 1709 827 1754 me
869 1685 1252 1754 tumultum
1306 1684 1696 1752 carminum
1755 1691 2059 1749 tuorum.
2103 1678 2190 1747 Et

638 1795 804 1864 illud
834 1793 965 1863 Isa.
1000 1816 1048 1878 1,
1113 1796 1192 1861 15
1230 1815 1246 1859 :
1313 1793 1493 1861 Cum
1549 1788 2189 1880 multiplicaveritis

638 1904 1038 1985 orationem,
1087 1923 1224 1967 non
1280 1898 1684 1968 exaudiam.
1760 1894 1899 1963 Sed
1970 1895 2187 1985 magis

638 2011 1002 2103 impleatur
1027 2006 1197 2075 illud
1229 2006 1411 2075 Psal.
1456 2028 1678 2084 cxcvi,
1722 2007 1749 2073 1
1793 2026 1809 2071 :
1871 2005 2017 2072 Deo
2057 2025 2187 2069 no-

638 2127 777 2186 stro
804 2117 895 2184 sie
908 2113 1233 2206 jucunda
1258 2113 1639 2205 decoraque
1659 2110 2008 2191 laudatio,
2034 2132 2189 2201 sup·

641 2224 774 2316 ple,
799 2231 1054 2291 nostra.

731 2356 767 2398 ι
789 2332 943 2423 qu
972 2352 1150 2412 vero,
1188 2354 1221 2391 ιι
1262 2330 1320 2397 si
1350 2329 1448 2396 ita
1474 2327 1703 2406 fuerit,
1750 2351 1784 2392 s
1809 2322 2197 2393 delectabor

642 2442 715 2508 in
742 2438 1066 2516 Domino,
1104 2463 1139 2500 ιο
1173 2459 1314 2505 non
1354 2437 1425 2504 in
1481 2435 1715 2526 aliquo
1774 2432 1913 2501 alio
1955 2433 2084 2500 nisi
2125 2431 2194 2498 in

642 2549 816 2639 ipso.
847 2544 1016 2614 Tob.
1046 2567 1193 2629 xm,
1226 2546 1308 2614 9:
1341 2546 1499 2634 qu
1528 2553 1594 2611 el
1622 2542 1864 2611 anima
1901 2563 2053 2608 mea
2073 2538 2195 2607 de-

649 2654 1053 2725 lectabimur
1087 2655 1157 2721 in
1190 2654 1489 2723 Domino
1514 2653 1562 2720 ¹.
1605 2650 1758 2720 lloc
1799 2650 2026 2739 ipsum
2070 2670 2197 2715 au-

646 2770 787 2833 tem
824 2760 1116 2831 multum
1156 2761 1306 2829 Deo
1371 2759 1618 2851 placet,
1661 2768 1738 2827 ιιι
1806 2757 1878 2823 ιιι
1925 2757 2074 2848 ipso
2111 2755 2200 2824 sit

645 2879 878 2940 nostra
913 2868 1292 2939 delectatio.
1327 2865 1779 2935 Cassiodorus
1814 2885 1830 2932 :
1870 2887 1905 2929 ι
1942 2862 2047 2930 Sit
2067 2884 2199 2931 no-

650 3003 686 3045 ι
717 2976 822 3047 bis
849 2976 1167 3046 divinitas
1197 2974 1619 3053 dulcissima,
1652 2981 1731 3041 ut
1767 2980 1837 3041 et
1872 2972 2017 3039 vita
2066 2992 2199 3039 no-

651 3111 687 3153 «
717 3092 857 3154 stra
882 3086 945 3155 ei
984 3083 1304 3153 reddatur
1330 3090 1631 3176 accepta.
1679 3107 1714 3148 s
1767 3078 2028 3148 Cantic.
2075 3102 2196 3160 vu,

656 3195 735 3264 to
766 3216 783 3262 :
814 3195 971 3284 qu
998 3191 1247 3262 dilecto
1275 3214 1452 3274 meo,
1494 3201 1559 3259 et
1587 3190 1689 3259 ad
1721 3212 1830 3258 me
1856 3189 2200 3257 conversio

650 3301 831 3392 ejus,
871 3298 1391 3370 delectationem
1423 3297 1610 3368 cordi
1652 3296 2202 3366 meointenden·

651 3408 763 3478 do.
807 3407 892 3479 Et
916 3407 1200 3476 ulterius
1256 3406 1441 3498 quod
1511 3413 1797 3498 rogatur
1825 3411 1895 3472 et
1940 3401 2203 3472 deside·

649 3517 827 3585 rium
865 3523 1086 3585 totum
1120 3514 1381 3607 implet.
1436 3512 1622 3582 Psal.
1667 3532 1906 3588 xxxvi,
1941 3510 2025 3578 4:
2058 3513 2203 3579 De-

653 3622 901 3692 lectare
926 3623 998 3691 in
1029 3622 1356 3703 Domino,
1414 3630 1480 3690 el
1526 3619 1724 3689 dabit
1762 3617 1896 3686 eibi
1916 3617 2204 3710 petitio-

650 3752 769 3798 nes
792 3727 1017 3798 cordis
1034 3729 1164 3796 lui.

748 4080 784 4122 ι
816 4054 1159 4146 Deficiant
1213 4063 1626 4147 peccatores.
1663 4079 1698 4120 ι
1770 4052 1899 4122 llic
1959 4074 2210 4121 secun-

656 4163 847 4243 dum,
889 4164 958 4232 in
988 4184 1125 4256 quo
1154 4159 1451 4231 ostendit
1479 4182 1520 4229 a
1549 4159 1799 4252 quibus
1830 4157 2209 4227 laudandus

655 4270 768 4352 sit,
807 4270 969 4362 quia
996 4291 1037 4338 a
1055 4268 1285 4359 justis,
1326 4290 1469 4337 non
1506 4289 1547 4336 a
1576 4265 2070 4359 peccatoribus.

742 4375 863 4445 Ait
889 4375 1075 4445 enim
1106 4395 1125 4443 :
1162 4373 1279 4444 Sic
1315 4372 1645 4457 laudabo,
1673 4383 1739 4443 et
1790 4372 2207 4454 delectabor,

657 4493 726 4553 et
751 4491 828 4551 ιιι
858 4503 1010 4552 meo
1037 4480 1356 4573 exemplo
1388 4480 1666 4552 laudare
1707 4480 2004 4573 possint,
2050 4481 2212 4549 «de-

655 4592 897 4683 ficiant
925 4599 1372 4684 peccatoresa
1402 4596 1615 4671 terra,
1658 4615 1695 4653 n
1737 4609 1881 4656 non
1929 4598 2004 4657 ιιι
2070 4611 2210 4657 non

658 4699 817 4779 sint,
870 4695 991 4766 sed
1045 4720 1081 4762 ι
1113 4698 1241 4782 ita,
1276 4720 1311 4761 ι
1379 4703 1455 4765 ιιι
1520 4704 1915 4788 peccatores
2009 4719 2045 4761 ι
2075 4718 2213 4764 non

655 4804 817 4874 sint.
855 4828 890 4869 ι
958 4806 1354 4874 Peccatores
1419 4808 1651 4871 autem
1705 4799 2035 4893 appellat,
2093 4803 2212 4894 qui

657 4919 936 5005 peccant
982 4911 1052 4980 in
1109 4910 1399 5001 seipsos.
1465 4937 1501 4974 ιι
1557 4912 1656 4981 ΕΙ
1694 4910 1952 5002 iniqui,
2000 4934 2035 4975 s
2094 4909 2214 5002 qui

658 5019 1047 5113 peccantia
1092 5020 1478 5111 proximos,
1538 5017 1883 5098 deficiant,
1956 5028 2207 5109 repete,

662 5129 758 5197 ita
812 5134 889 5196 ιιι
941 5148 1082 5196 non
1146 5127 1286 5196 sint
1343 5125 1566 5218 impii.
1630 5122 1822 5195 Psal.
1882 5146 2087 5204 uvn,
2122 5125 2208 5194 3:

732 5369 754 5409 ¹
782 5368 950 5444 vulg.
978 5366 1182 5438 habet,
1208 5367 1353 5427 Tob.
1384 5383 1515 5441 xm,
1535 5369 1610 5425 ⁹:
1644 5367 1772 5440 Ερο
1801 5371 1857 5422 et
1886 5368 2077 5423 anima
2095 5382 2215 5425 mea

2296 711 2379 779 de
2432 722 2619 779 terra
2676 710 3076 802 perdentur,
3140 713 3208 778 in
3276 717 3607 800 quantum
3656 710 3848 798 impii

2297 826 2479 897 sunt,
2540 817 2921 886 secundum
2980 816 3151 883 illud
3207 814 3535 884 Proverb.
3594 838 3714 890 xii,
3749 816 3842 880 7:

2309 928 2496 994 Verte
2534 926 2806 1016 impios,
2867 932 2933 992 et
2985 947 3125 991 non
3180 931 3404 991 erunt.
3458 921 3652 992 Unde
3705 943 3845 988 non

2298 1039 2400 1100 est
2435 1033 2832 1121 imprecatio
2873 1031 3059 1122 quod
3090 1029 3335 1097 dicitur
3371 1029 3509 1108 hic,
3543 1028 3664 1097 sed
3692 1050 3846 1095 ma-

2295 1140 2400 1228 gis
2462 1138 2707 1206 orati0.
2778 1137 3251 1229 Augustinus:
3337 1159 3371 1199 a
3440 1133 3844 1203 Peccatores

2300 1270 2333 1311 α
2358 1245 2544 1334 cupit
2579 1246 2956 1312 converti.»
2989 1244 3077 1312 Et
3114 1241 3600 1312 Cassiodorus:
3641 1268 3675 1308 a
3697 1244 3849 1311 Ma-

2301 1377 2334 1418 «
2377 1351 2481 1442 gis
2538 1359 2640 1419 est
2695 1352 2912 1419 oratio
2957 1373 3165 1442 quam
3205 1347 3620 1433 maledictiO,
3687 1351 3848 1440 quia

2302 1486 2334 1520 «
2368 1480 2609 1525 omnes
2628 1458 2854 1547 justos
2884 1457 3034 1526 fieri
3063 1457 3273 1548 cupit.
3310 1482 3343 1521 ιι

2393 1825 2427 1860 «
2458 1797 2772 1877 Benedic,
2814 1798 3055 1865 anima
3102 1818 3253 1863 mea
3297 1796 3611 1863 Domino.
3653 1822 3685 1856 »
3726 1792 3856 1861 Hic
3884 1786 4189 1901 „Srfssffifffi

2299 1904 2598 1974 secunda
2636 1927 2793 1995 pars
2830 1903 3113 1982 Psalmi,
3158 1902 3853 1973 scilicetinvitationis

2302 2012 2387 2080 ad
2418 2011 2834 2080 laudandum
2886 2011 3113 2079 Deum
3168 2009 3531 2079 inculcatio
3580 2032 3597 2078 :
3675 2008 3856 2078 unde

2304 2120 2622 2189 Psalmus
2677 2118 2790 2188 hic
2847 2122 3024 2188 sicut
3087 2128 3152 2188 et
3189 2119 3581 2210 praecedens
3611 2119 3857 2187 dicitur

2303 2228 2689 2306 circularis,
2744 2228 2889 2296 sive
2917 2226 3328 2319 periodalis,
3361 2226 3521 2317 quia
3559 2248 3600 2292 a
3646 2224 3857 2293 bene·

2302 2336 2600 2404 dictione
2655 2336 2914 2425 incipit,
2998 2342 3066 2402 et
3139 2335 3542 2402 terminatur
3599 2334 3668 2400 in
3733 2331 3858 2400 be-

2305 2442 2788 2525 nedictionem,
2878 2441 3382 2518 demonstrans,
3442 2440 3629 2532 quod
3703 2439 3852 2507 laus

2305 2551 2536 2619 divina
2574 2552 2905 2641 incipiens
2943 2548 3082 2629 hic,
3123 2550 3325 2618 durat
3370 2550 3574 2617 etiam
3626 2548 3696 2615 in
3742 2546 3855 2614 fu-

2304 2670 2483 2728 turo.
2539 2657 2785 2748 Incipit
2838 2656 2975 2739 hic,
3027 2665 3106 2725 ut
3149 2658 3378 2724 anima
3449 2655 3856 2724 benedicens

2298 2768 2517 2860 gratia
2551 2766 2914 2858 repleatur.
2938 2764 3270 2835 Proverb.
3309 2788 3405 2846 ιιι,
3432 2766 3516 2834 25
3544 2786 3562 2834 :
3596 2765 3853 2833 Anima

2304 2897 2460 2966 quoe
2487 2874 2844 2951 benedicit,
2887 2871 3470 2964 impitequabitur,
3496 2868 3859 2963 pinguedi-

2307 3003 2391 3050 ne
2429 2980 2816 3050 devotionis
2842 2990 2910 3049 et
2938 2981 3200 3072 gratiae,
3243 2979 3325 3049 de
3356 3002 3492 3071 qua
3519 3000 3752 3069 supra,
3785 2978 3854 3046 in

2306 3086 2489 3155 l‘sal.
2526 3110 2686 3169 uu,
2721 3090 2805 3156 6:
2848 3088 3050 3157 Sicut
3077 3087 3284 3179 adipe
3320 3096 3384 3153 e!
3428 3084 3856 3179 pinquedine

2305 3192 2658 3285 repleatur
2676 3194 2915 3261 anima
2946 3213 3125 3261 mea.
3161 3190 3300 3259 Sed
3337 3192 3407 3258 ιιι
3436 3189 3666 3259 futuro
3697 3214 3860 3284 per-

2307 3300 2671 3382 severabit,
2713 3301 2876 3394 quia
2931 3323 3072 3370 non
3130 3300 3380 3392 poterit
3419 3298 3655 3368 anima
3709 3299 3857 3367 Deo

2305 3410 2671 3497 conjuncta
2745 3417 3006 3478 tantam
3072 3407 3651 3498 pulchritudinem
3717 3430 3857 3475 non
3897 3419 3917 3437 ⁰

2309 3516 2610 3593 laudare,
2673 3524 3002 3608 quantam
3042 3515 3323 3584 videbit.
3359 3515 3385 3582 1
3419 3515 3507 3584 ad
3544 3514 3853 3584 Corinth.

2308 3646 2456 3704 xm,
2497 3626 2575 3692 12
2615 3646 2631 3691 :
2719 3623 3033 3692 Videmus
3095 3646 3278 3692 nunc
3321 3647 3453 3717 per
3502 3623 3857 3716 speculum

2309 3732 2381 3800 in
2398 3733 2802 3823 aeniqmale:
2828 3740 2993 3799 lunc
3010 3740 3240 3800 autem
3257 3733 3442 3822 [acie
3469 3730 3855 3822 adfaciem.

2311 3836 2570 3907 lJoan.
2604 3859 2702 3917 ιιι,
2737 3839 2779 3906 2
2815 3859 2832 3906 :
2881 3834 3269 3906 Videbimus
3303 3857 3457 3904 eum
3485 3837 3695 3905 siculi
3730 3845 3857 3905 est.

2306 3946 2512 4015 Joan.
2546 3968 2688 4025 xxv,
2720 3946 2800 4013 21
2832 3964 2850 4012 :
2898 3944 3039 4029 Qui
3064 3954 3295 4012 autem
3325 3942 3568 4034 diliqil
3596 3966 3729 4023 me,
3757 3942 3864 4012 di-

2315 4053 2572 4144 quetur
2633 4074 2678 4120 a
2742 4052 2959 4120 Patre
2993 4072 3141 4119 meo
3183 4073 3206 4118 .·
3268 4060 3332 4120 el
3385 4074 3510 4142 eqo
3556 4048 3854 4142 diliqam

2309 4182 2491 4237 eum,
2534 4169 2599 4227 el
2628 4156 3087 4250 manifestabo
3112 4158 3178 4226 ei
3210 4159 3573 4250 meipsum.
3616 4157 3693 4227 ln
3724 4178 3861 4249 qua

2312 4266 2890 4350 manifestatione,
2950 4275 3093 4336 tota
3147 4268 3220 4334 in
3279 4264 3555 4335 laudem
3617 4287 3863 4356 perpe-

2313 4386 2504 4444 tuam
2535 4384 2959 4466 prorumpet.
3001 4372 3492 4442 Cassiodorus:
3538 4400 3573 4437 ι
3609 4371 3867 4441 Lauda·

2326 4482 2557 4550 «bunt
2602 4481 2863 4572 jugiter
2922 4480 3328 4558 Dominum,
3386 4480 3548 4570 quia
3597 4502 3865 4570 semper

2317 4616 2353 4653 ιι
2385 4609 2545 4657 eum
2568 4584 2901 4655 videbunt
2950 4607 2968 4654 :
3022 4585 3190 4654 dum
3255 4585 3373 4654 illa
3425 4583 3861 4678 pulchritudo

2317 4691 2868 4763 «inenarrabilis
2924 4693 3181 4761 excitat
3233 4695 3653 4785 praeconium
3718 4694 3864 4762 sine

2318 4829 2354 4866 α
2387 4800 2522 4870 tine
2550 4799 2922 4893 diligentis.
2969 4824 3006 4867 s
3044 4798 3156 4867 Ad
3193 4823 3398 4892 quem
3451 4807 3707 4867 statum
3737 4822 3867 4868 nos

2316 4909 2667 5001 perducat,
2709 4909 2828 5001 qui
2876 4916 2981 4978 est
3034 4907 3437 4978 benedictus
3473 4929 3596 4998 per
3630 4908 3866 4978 omnia

2315 5019 2567 5090 secula
2595 5017 3027 5089 seculorum.
3061 5020 3310 5089 Amen.

2317 5377 2378 5432 in
2406 5390 2491 5449 eo,
2534 5372 2768 5433 scilicet
2792 5373 2856 5432 in
2887 5371 3163 5476 Domino,
3195 5371 3527 5430 letabimur.
