5008 6329
741 394 869 463 520

742 564 1036 656 guend0,
1113 563 1580 644 discernende,
1674 592 1704 628 <t
1756 565 2278 632 multitudinem

740 671 1126 751 stellarum,
1173 697 1207 735 ιο
1259 670 1390 741 hoc
1418 680 1540 752 est,
1576 678 1968 738 sanctorum
1999 693 2082 739 ex
2122 669 2283 759 qui-

742 779 868 849 bus
906 788 1007 848 est
1059 780 1384 848 aediticata
1430 778 1730 846 Ecclesia
1795 777 1923 844 Isa.
1976 800 2085 857 xc,
2139 776 2275 843 26:

742 887 997 957 Educit
1039 887 1107 953 in
1162 907 1442 953 numero
1490 883 1822 950 militiam
1867 904 2126 960 eorum,
2173 881 2285 948 lo-

743 988 1072 1083 quiturde
1102 985 1336 1056 stellis.
1388 984 1449 1052 11
1489 985 1576 1053 ad
1615 985 1919 1055 Corinth.
1981 1008 2094 1066 κν,
2139 985 2217 1051 4¹
2264 1005 2279 1049 ε

743 1098 965 1170 Stella
1019 1119 1064 1163 a
1125 1093 1329 1162 stella
1385 1093 1618 1184 differt
1690 1096 1762 1161 in
1825 1094 2168 1162 claritate.
2205 1090 2284 1156 In

743 1211 1007 1275 tantum
1062 1200 1185 1270 has
1222 1200 1449 1271 stellas
1479 1202 1857 1294 distinguit,
1921 1211 1987 1269 et
2025 1201 2287 1269 discer-

744 1315 867 1398 nit,
926 1321 1002 1381 ut
1058 1312 1288 1381 omnia
1342 1334 1581 1381 eorum
1620 1312 1859 1380 merita
1920 1313 2291 1402 cognoscat

744 1429 810 1489 et
868 1421 1118 1489 videat.
1175 1420 1282 1488 Ad
1311 1419 1519 1488 Hebr.
1581 1441 1673 1499 iv,
1731 1421 1809 1486 12
1867 1440 1882 1485 ε
1944 1418 2292 1487 Discretor

743 1530 1258 1620 coqitationum,
1343 1536 1408 1595 et
1497 1525 1947 1595 intentionum
2036 1525 2285 1593 cordis.

742 1633 951 1703 Novit
986 1634 1166 1701 enim
1196 1654 1332 1723 quo
1373 1631 1654 1699 tendant
1699 1631 1925 1709 corda,
1959 1639 2027 1700 et
2065 1652 2291 1721 quan·-

744 1750 915 1810 tum.
941 1738 1265 1808 Proverb.
1301 1762 1442 1824 xvi,
1485 1741 1523 1807 2
1561 1761 1575 1806 ε
1621 1739 2013 1831 Spirituum
2037 1738 2294 1832 ponde-

746 1858 939 1917 rator
964 1855 1060 1915 est
1094 1847 1451 1914 Dominus.
1499 1845 1695 1914 Hanc
1745 1846 2292 1914 numerationem

747 1955 1078 2046 figurabat
1102 1952 1215 2022 illa
1236 1954 1617 2022 numeratio
1637 1952 1920 2021 Numer.
1946 1975 2133 2038 xxvi,
2159 1954 2244 2021 63
2270 1973 2288 2023 ε

748 2062 875 2132 Hic
940 2070 1035 2131 est
1079 2082 1402 2129 numerus
1472 2061 1785 2151 filiorum
1850 2058 2094 2139 Israel,
2170 2061 2296 2150 qui

750 2169 1068 2262 descripti
1099 2179 1260 2237 sunt
1315 2192 1359 2237 a
1393 2170 1629 2260 Moyse
1684 2178 1747 2236 et
1788 2167 2128 2236 Eleazaro
2173 2191 2296 2235 sa-

751 2276 1033 2347 cerdote.
1081 2276 1273 2345 Hanc
1328 2276 1586 2346 audivit
1639 2276 1965 2360 Joannes,
2005 2274 2291 2366 Apocal.

753 2408 869 2463 vit,
932 2386 973 2452 4
1023 2407 1038 2453 ε
1098 2385 1357 2454 Audivi
1417 2407 1782 2454 numerum
1834 2386 2293 2476 siqnalorum,

753 2502 1019 2562 centum
1068 2492 1535 2584 quadraqinta
1574 2502 1876 2584 quatuor
1921 2490 2156 2559 millia
2197 2492 2300 2559 si-

752 2603 974 2692 qnati.

849 2849 881 2888 a
914 2826 1009 2892 ΕΙ
1036 2821 1370 2890 omnibus.
1402 2848 1434 2882 υ
1466 2819 1638 2889 Ecce
1679 2818 2077 2889 secuudum.
2112 2816 2305 2897 Qua—

761 2932 818 3000 si
870 2929 1118 3000 diceret
1159 2949 1177 2999 ε
1231 2927 1345 2997 Sic
1382 2928 1740 3020 distinguit
1784 2929 2052 3006 merita,
2105 2951 2140 2991 a
2168 2935 2232 2993 et
2268 2954 2300 2989 »

760 3040 962 3108 etiam
997 3066 1031 3102 α
1064 3037 1379 3107 omnibus
1423 3039 1542 3117 eis,
1581 3060 1614 3103 ι
1661 3035 1870 3105 stellis
1900 3033 2177 3113 scilicet,
2239 3042 2304 3102 et

761 3144 1034 3231 sanctis,
1104 3170 1137 3211 a
1197 3145 1478 3213 nomina
1545 3151 1760 3212 vocat.
1825 3171 1858 3206 »
1928 3141 2304 3211 Nominum

761 3255 1027 3325 vocatio
1094 3262 1194 3323 est
1241 3255 1546 3345 ipsorum
1587 3252 1951 3344 adscriptio
1991 3252 2061 3319 in
2102 3257 2306 3318 aeter-

764 3363 995 3433 nitate.
1055 3360 1268 3430 Exod.
1323 3384 1559 3441 xxxin,
1609 3361 1732 3429 17:
1782 3362 2093 3452 Teipsum
2147 3360 2309 3427 novi

766 3493 851 3539 ex
902 3470 1194 3545 nomine,
1265 3467 1332 3536 id
1389 3477 1514 3547 est,
1568 3468 1861 3559 teipsum
1921 3466 2307 3558 approbans

767 3573 1087 3665 adscripsi
1162 3575 1230 3641 in
1314 3593 1466 3641 mea
1535 3571 2133 3662 praedestinatione
2220 3569 2307 3639 ab

764 3689 1039 3751 aeterno.
1109 3678 1271 3750 Luc.
1334 3702 1403 3762 x,
1472 3681 1616 3767 20:
1668 3678 1751 3746 In
1815 3678 1941 3746 hoc
1982 3677 2303 3769 qaudete,

764 3789 954 3882 quod
977 3790 1257 3857 nentina
1294 3798 1513 3856 cestra
1531 3789 1787 3879 scripta
1802 3794 1963 3854 sunt
2001 3787 2072 3852 in
2093 3786 2301 3853 coelis.

763 3897 871 3967 Ad
909 3896 1158 3988 Philip.
1200 3918 1291 3974 iv,
1331 3897 1370 3964 3
1409 3919 1425 3964 z
1473 3896 1783 3980 Quorum
1830 3894 2110 3962 nomina
2144 3902 2308 3961 sunt

765 4008 838 4076 in
879 4006 1052 4074 libro
1101 4007 1276 4073 vitae.
1320 4003 1456 4073 Isa.
1518 4026 1673 4085 cxv,
1717 4004 1809 4072 4:
1854 4003 2096 4072 Servos
2147 4024 2308 4070 suos

763 4112 1027 4184 meabit
1079 4111 1353 4180 nomine
1396 4109 1566 4189 alio,
1613 4108 1747 4178 alio
1806 4131 2010 4201 quam
2081 4106 2208 4176 sibi
2267 4131 2306 4176 a

766 4221 1045 4313 patrinis
1092 4218 1413 4309 imposito
1452 4219 1757 4299 nomine,
1800 4216 2051 4286 scilicet
2083 4216 2302 4285 meriti

764 4326 851 4398 ad
875 4325 1230 4417 praemium
1270 4322 1608 4393 ordinato.

864 4672 899 4711 α
939 4647 1239 4736 Maqnus
1260 4641 1623 4711 Dominus.
1669 4667 1704 4704 n
1746 4638 1874 4708 llic
1902 4636 2306 4720 secundum,

773 4755 843 4823 in
879 4774 1017 4844 quo
1057 4748 1376 4833 ostendit,
1427 4749 1610 4840 quod
1649 4745 1780 4815 hoe
1805 4747 2020 4838 possit
2066 4745 2311 4813 Domi-

772 4883 924 4939 nus,
966 4866 1031 4927 et
1066 4859 1231 4927 scint
1264 4879 1280 4924 ε
1325 4864 1392 4926 et
1428 4852 1801 4924 secundum
1842 4852 1972 4923 hoc
1993 4852 2314 4922 dicuntur

770 4968 932 5038 duo,
1014 4965 1272 5043 Primo,
1341 4963 1525 5053 quod
1589 4961 1828 5053 possit,
1891 4960 2310 5030 ostendendo

770 5077 915 5166 ejus
945 5070 1505 5165 magnitudinem.
1534 5067 1875 5151 Secundo,
1901 5067 2085 5160 quod
2114 5070 2309 5153 sciat,

772 5179 1185 5250 ostendendo
1251 5177 1602 5267 sapientiae
1682 5174 2117 5257 intinitatem,
2189 5173 2309 5255 ibi,

772 5315 807 5352 α
839 5291 934 5357 E't
959 5286 1312 5378 sapientiae
1349 5283 1529 5374 ejus.
1557 5308 1590 5345 n

858 5395 937 5465 In
964 5395 1182 5486 prima
1209 5400 1465 5472 autem,
1483 5391 1709 5484 primo
1731 5390 2025 5461 ostendit
2051 5391 2319 5484 magni-

767 5503 1072 5577 tudinem
1137 5499 1265 5569 Dei
1344 5499 1764 5592 simpliciter.
1836 5498 2182 5580 Secund0,
2241 5501 2312 5568 in

769 5611 1159 5706 operatione
1179 5606 1584 5699 specialiter,
1608 5606 1726 5687 ibi,
1762 5636 1795 5671 κ
1830 5611 1926 5678 Et
1964 5631 2250 5702 mayna.
2273 5636 2306 5670 ιι

771 5742 774 5745 ·
857 5721 1031 5790 Dicit
1071 5736 1284 5810 ergo:
1333 5714 1449 5784 Sic
1492 5714 1656 5796 dixi,
1700 5716 1883 5808 quod
1937 5715 2314 5787 multitudi-

1702 389 1790 460 D.
1840 390 2039 460 ALB.
2095 389 2313 458 MAG.
2369 388 2580 460 ORD.
2633 388 2928 457 PRAED.

2396 584 2558 631 nem
2625 561 2971 630 stellarum
3038 559 3446 643 dinumerat,
3528 563 3593 624 et
3641 553 3725 622 ad
3783 575 3954 644 prae-

2397 671 2617 737 mium
2658 670 2949 739 ordinat.
2995 668 3078 735 Et
3111 666 3245 736 hoc
3267 673 3512 757 potest,
3559 663 3719 754 quia
3752 685 3785 726 a
3819 663 3956 728 Do·
4064 732 4072 740 ,

2399 780 2653 856 minus,
2689 807 2720 840 »
2759 777 3019 869 supple,
3065 786 3166 845 est
3229 803 3263 841 α
3295 797 3618 866 maqnus,
3652 798 3680 834 υ
3743 771 3813 836 in
3854 791 3947 845 se,

2403 909 2435 948 a
2470 893 2536 950 et
2564 906 2822 974 maqna
2858 888 3075 952 virtus
3116 884 3295 975 ejuS‚
3346 909 3378 949 ιι
3421 885 3493 950 in
3532 877 3950 971 operatione.

2399 988 2607 1057 Eccli.
2652 1013 2834 1068 xmn,
2870 992 2947 1058 31
2991 1013 3006 1056 ε
3064 993 3367 1080 Maqnus
3416 988 3856 1061 veliementer,
3893 992 3955 1048 et

2400 1096 2749 1164 mirabilis
2791 1099 3102 1189 potentia
3152 1099 3394 1188 ipsius.
3429 1094 3638 1163 Eccli.
3685 1116 3782 1171 ιιι,
3815 1093 3891 1158 21
3935 1112 3949 1156 :

2404 1206 2748 1290 Quoniam
2824 1229 3080 1297 maqna
3123 1205 3432 1297 potentia
3498 1205 3624 1272 Dei
3673 1201 3892 1270 solius
3929 1203 3958 1266 .'

2402 1312 2488 1380 Et
2528 1313 2613 1379 ab
2650 1312 3026 1382 humilibus
3064 1312 3469 1396 honoratur,
3521 1309 3585 1377 11
3641 1306 3951 1377 Machab.

2402 1442 2523 1500 vu,
2563 1422 2643 1489 17
2682 1445 2698 1489 ε
2745 1414 3009 1491 Videbis
3045 1442 3376 1512 maqnam
3407 1426 3815 1511 potestatem
3850 1417 3958 1509 ip-

2401 1549 2571 1594 scus.

2497 1661 2533 1697 α
2575 1637 2672 1703 Et
2708 1636 3084 1726 sapientise.
3140 1657 3173 1700 t
3230 1633 3441 1713 Quasi
3490 1631 3743 1700 diceret
3767 1652 3792 1698 ·:
3848 1628 3959 1697 Sic

2401 1750 2629 1834 potest
2666 1765 2822 1811 cum
2851 1745 2938 1811 sit
2977 1749 3179 1810 tantae
3219 1741 3535 1831 potentiae
3579 1761 3595 1815 ε,
3632 1765 3667 1803 α
3708 1741 3804 1807 Et
3841 1761 3961 1806 sa-

2396 1852 2679 1944 pientise
2729 1851 2886 1941 ejus
2922 1872 3057 1918 non
3121 1858 3222 1918 est
3258 1869 3608 1926 numerus,
3668 1874 3701 1909 »
3750 1853 3829 1913 ut
3874 1846 3962 1914 sit

2406 1960 2831 2055 impossibile
2851 1960 3097 2041 dicere,
3120 1965 3388 2027 tantum
3411 1958 3610 2047 sapit,
3635 1978 3759 2024 nec
3780 1953 3958 2047 plus.

2404 2068 2613 2138 Eccli.
2641 2092 2687 2149 1,
2723 2068 2805 2138 3:
2839 2068 3270 2159 Sapientiam
3297 2066 3432 2133 Dei
3471 2062 3955 2155 praecedentem

2405 2179 2643 2248 omnia
2698 2177 2853 2268 quis
2912 2173 3346 2265 inuestiqabit
3387 2172 3429 2241 P
3473 2171 3603 2241 lsa.
3654 2194 3760 2248 xc,
3815 2172 3950 2239 28:

2407 2288 2564 2356 Non
2610 2294 2707 2352 est
2753 2284 3183 2373 investiqatio
3210 2281 3568 2373 sapientise
3611 2278 3787 2369 ejus.
3850 2276 3955 2345 Ad

2407 2394 2702 2462 Roman.
2725 2415 2819 2476 xi,
2854 2393 2936 2460 33
2964 2411 2980 2457 ε
3004 2391 3063 2461 O
3091 2388 3393 2459 altitudo
3423 2387 3827 2455 divitiarum
3856 2409 3965 2453 sa-

2397 2501 2681 2594 pientise
2711 2509 2773 2567 et
2834 2499 3128 2567 scientiae
3162 2497 3354 2566 Dei!
3403 2491 3707 2563 ascendit
3759 2514 3963 2584 super

2413 2629 2692 2677 omnem
2743 2627 3133 2676 numerum.

2509 2957 2545 2995 «-
2585 2929 2978 3022 Suscipiens
3005 2937 3415 2997 mansuetos.
3453 2951 3488 2993 ιι
3510 2927 3640 2996 Hic
3653 2929 3960 3007 tertium,

2415 3038 2670 3108 scilicet
2715 3044 3231 3106 mansuetorum
3296 3035 3364 3102 in
3413 3034 3657 3103 merito
3715 3032 3965 3103 exalta·

2415 3145 2539 3214 tio.

2504 3252 2623 3320 Ait
2659 3254 2845 3320 enim
2890 3274 2906 3319 ε
2944 3249 3059 3320 Sic
3103 3249 3478 3320 Ecclesiam
3537 3248 3852 3328 aediticat,
3897 3250 3964 3316 in

2414 3362 2743 3431 aediticata
2773 3361 3126 3452 distinguit
3154 3362 3418 3438 merita,
3462 3367 3532 3429 et
3559 3359 3858 3441 ordinat,
3900 3366 3966 3428 et

2413 3471 2624 3540 etiam
2671 3495 2704 3536 a
2746 3469 3090 3537 Dominus
3135 3496 3167 3529 »
3226 3474 3328 3536 est
3385 3492 3418 3533 a
3466 3466 3867 3558 suscipiens,
3929 3492 3963 3529 n

2413 3597 2688 3646 sursum
2719 3574 2977 3644 scilicet
3011 3575 3312 3664 capiens,
3355 3571 3438 3641 ad
3479 3572 3761 3642 domum
3800 3594 3968 3664 prae·

2415 3684 2563 3762 mii,
2598 3691 2667 3751 et
2691 3682 2917 3750 meriti
2941 3679 3396 3760 altitudinem,
3422 3708 3455 3743 α
3484 3689 3897 3750 mansuetas.
3928 3705 3960 3745 ιι

2413 3788 2743 3859 Proverb.
2803 3811 2899 3865 ιιι,
2945 3788 3029 3856 34
3064 3809 3080 3855 ε
3123 3787 3506 3855 Mansuetis
3560 3786 3759 3855 dabit
3788 3809 3964 3879 yra-

2410 3898 2585 3965 tiam
2619 3919 2642 3963 .·
2681 3894 2767 3964 ad
2805 3894 3157 3964 cumulum
3188 3892 3414 3962 meriti
3445 3892 3560 3963 dat
3598 3901 3666 3963 et
3701 3897 3966 3986 sapien-

2410 4006 2603 4073 tiam.
2658 4004 2941 4073 Numer.
2995 4026 3117 4085 xii,
3161 4004 3200 4071 3
3246 4024 3262 4070 ε
3307 4005 3488 4072 Erat
3532 4007 3802 4094 Moyses
3861 4003 3969 4072 cir

2411 4112 2818 4182 mitissimus
2840 4133 3048 4203 super
3082 4132 3312 4179 omnes
3337 4111 3645 4180 homines
3670 4112 3795 4203 qui
3828 4133 3970 4179 mo·

2412 4218 2754 4287 rabuntur
2782 4219 2853 4286 in
2884 4229 3088 4286 terra.
3141 4216 3227 4285 Et
3265 4216 3423 4287 data
3471 4226 3574 4287 est
3618 4219 3967 4311 sapientia·

2412 4325 2661 4394 divinas
2694 4324 3225 4416 praeeminentia.
3264 4324 3477 4394 Eccli.
3518 4348 3588 4404 v,
3618 4328 3699 4396 13
3742 4348 3757 4394 :
3798 4328 3968 4395 Esto

2409 4440 2815 4502 mansuetus
2859 4431 2956 4501 ad
2998 4431 3427 4501 audiendum
3479 4431 3786 4512 verbum,
3840 4431 3965 4501 Dei

2412 4537 2695 4618 scilicet,
2750 4548 2827 4607 ut
2883 4537 3263 4630 intelliqas.
3317 4536 3556 4607 Jacob.
3603 4561 3652 4620 1,
3703 4539 3782 4606 21
3831 4540 3968 4607 :In

2413 4646 2942 4716 maaeesuetudine
2974 4647 3300 4737 suscipite
3346 4646 3631 4716 insitum
3660 4644 3963 4714 verbum.

2413 4754 2501 4824 Et
2539 4755 2611 4824 in
2640 4754 2748 4824 die
2771 4754 3037 4845 judicii,
3070 4754 3246 4822 sicut
3273 4752 3543 4838 dicitur,
3578 4752 3709 4824 lsa.
3743 4776 3837 4834 ιιι,
3880 4754 3963 4822 4:

2414 4864 2681 4953 Arquet
2710 4863 2781 4930 in
2817 4862 3143 4954 aequitate
3175 4883 3309 4954 pra
3336 4861 3711 4930 mansuetis
3746 4871 3965 4947 teme.

2415 4971 2503 5040 Et
2537 4980 2693 5062 post
2731 4970 3068 5061 judicium
3101 4966 3493 5060 implebitur
3532 4967 3696 5038 illud
3724 4968 3966 5039 Mattli.

2415 5102 2567 5175 xxi,
2596 5082 2637 5149 5
2672 5100 2689 5146 ι
2724 5080 2901 5147 Ecce
2927 5100 3051 5147 rea·
3088 5087 3250 5146 tuus
3286 5078 3466 5146 veniit
3495 5076 3624 5147 tibi
3661 5099 3971 5146 mansue-

2417 5194 2556 5253 tus.

2512 5419 2546 5462 a
2579 5390 2982 5463 Ilumilians
3045 5402 3302 5461 autem.
3352 5417 3386 5455 n
3436 5390 3563 5460 llic
3621 5400 3966 5484 quartum,

2416 5503 2676 5575 scilicet
2712 5500 3052 5575 malorum
3091 5501 3463 5594 depressio,
3496 5506 3564 5570 ct
3592 5498 3725 5571 hoc
3759 5502 3831 5571 in
3859 5502 3971 5570 ἰυ-

2414 5619 2597 5683 turo.

2506 5719 2624 5788 Ait
2688 5720 2871 5789 enim
2924 5740 2941 5787 t
3024 5716 3143 5787 Sic
3202 5722 3597 5786 mansuetos
3662 5714 3967 5808 suscipit,
