5008 6329
748 489 858 536 Non
884 487 1035 533 confl-

748 541 1035 642 33ἓῇἶῖῗυῖ
1082 566 1361 638 seriores
1448 575 1694 645 animae
1751 602 1941 658 meae,
2021 580 2239 647 Deum
2320 575 2623 652 laudare,

1840 297 2544 369 COMMENTARIUS
2594 298 2689 366 IN
2737 297 3173 366 PSALMUM
3224 293 3488 364 CXLV.

1170 458 1346 528 Dicit
1389 485 1551 555 ergo
1597 489 1612 534 ε
1661 466 1772 537 Sic
1811 494 2054 539 moneo
2102 493 2249 556 VOS,
2292 470 2469 535 vires
2518 467 2629 534 in-

1083 678 1268 766 quod
1315 689 1391 750 ut
1420 686 1694 774 possitis
1755 709 1769 754 :
1819 714 1852 754 α
1884 688 2113 756 Nolite
2163 681 2498 770 confidere
2556 681 2628 747 in

1075 788 1534 880 principibus,
1597 819 1631 859 ι)
1693 795 1764 862 in
1819 795 1981 886 ipsis
2031 814 2218 882 spem
2277 788 2623 880 ponendo,

1084 900 1399 982 quamvis
1448 900 1787 991 principes
1834 902 1991 981 sint,
2035 908 2101 966 et
2142 897 2462 986 majores,
2502 894 2630 963 Su-

1081 1022 1228 1091 pra,
1263 1005 1334 1071 in
1384 1004 1568 1073 Psal.
1604 1030 1808 1089 cxvu,
1851 1007 1890 1073 9
1943 1026 1959 1073 ε
2020 1007 2289 1073 Bonum
2335 1013 2433 1073 est
2467 1027 2629 1096 spe-

1081 1131 1239 1177 rare
1276 1113 1347 1179 in
1385 1115 1710 1193 Domino,
1755 1136 1964 1205 quam
2009 1136 2280 1207 sperare
2316 1115 2390 1181 in
2431 1114 2627 1205 prin-

1081 1218 1374 1309 cipibus.
1428 1219 1632 1289 Mich.
1695 1246 1814 1301 vu,
1869 1224 1907 1291 5
1964 1246 1978 1290 ε
2031 1222 2260 1292 Nolite
2290 1221 2627 1309 confidere

1080 1325 1153 1392 in
1229 1326 1423 1397 duce.
1498 1326 1778 1407 Quare?
1827 1312 2016 1421 ‘quia,
2074 1328 2288 1397 Exod.
2361 1351 2476 1409 xv,
2554 1328 2620 1411 4,

1081 1431 1327 1502 dieitur
1382 1434 1464 1503 de
1531 1435 1770 1504 mundi
1837 1437 2251 1528 principibus
2311 1457 2328 1504 t
2399 1435 2627 1503 Electi

1068 1544 1420 1632 principes
1478 1543 1636 1634 ejus
1688 1545 2023 1614 submersi
2092 1551 2270 1619 sunt,
2313 1544 2386 1611 in
2442 1545 2626 1611 mari

1078 1647 1339 1719 Rubro.
1403 1649 1511 1732 Et,
1574 1651 1849 1732 ibidem,
1909 1661 1971 1729 ῖς.
2040 1653 2115 1719 10
2182 1673 2197 1717 :
2269 1649 2626 1720 Submersi

1075 1764 1239 1822 sunt
1265 1758 1469 1848 quasi
1511 1757 1880 1849 plumbum
1928 1760 1995 1825 in
2037 1759 2236 1848 aquis
2272 1757 2626 1826 vehemen-

1081 1858 1288 1929 tibus,

1170 2204 1204 2246 α
1236 2179 1319 2248 In
1355 2181 1531 2271 filiis
1558 2182 1940 2267 hominum,
1976 2205 2009 2247 s
2033 2180 2613 2273 quibuscumque:

1077 2288 1263 2378 quia,
1303 2287 1555 2357 Jerem.
1602 2311 1764 2370 xvu,
1807 2291 1847 2358 ὅ
1889 2310 1905 2357 t
1954 2288 2364 2357 Maledictus
2416 2287 2620 2355 homo

1074 2396 1199 2487 qui
1226 2396 1512 2485 confidit
1554 2397 1624 2464 in
1679 2397 1973 2477 homine,
2014 2407 2078 2465 et
2104 2396 2304 2488 ponit
2346 2416 2621 2464 earnem

1072 2501 1430 2572 brachium
1487 2527 1717 2573 suum.
1755 2503 2001 2596 Supra,
2059 2506 2128 2573 in
2170 2503 2350 2573 Psal.
2412 2525 2613 2583 cxvu,

1070 2610 1110 2678 8
1182 2632 1198 2679 ε
1260 2613 1537 2680 Bonum
1595 2622 1692 2682 est
1754 2613 2088 2703 confidere
2146 2613 2216 2681 in
2289 2612 2612 2692 Domino,

1067 2742 1281 2811 quam
1311 2720 1649 2811 confidere
1687 2723 1755 2789 in
1803 2722 2094 2791 homine.
2149 2720 2298 2790 Cito
2346 2720 2526 2790 cadit
2554 2726 2621 2787 et

1067 2824 1431 2919 frangitur,
1526 2836 1593 2898 et
1660 2827 2068 2897 confidentia
2166 2829 2362 2919 perit.
2478 2825 2612 2894 Isa.

1067 2956 1304 3018 xxxv1,
1338 2937 1379 3003 6
1422 2956 1440 3004 ε
1494 2938 1670 3006 Ecce
1707 2937 1996 3026 confidis
2047 2959 2254 3028 super
2290 2935 2617 3004 baculum

1065 3045 1496 3134 confractum
1528 3045 1765 3126 istum,
1795 3068 1999 3137 super
2035 3045 2431 3138 AEqyptum
2461 3066 2484 3112 .·
2506 3043 2622 3112 eui

1062 3151 1129 3221 si
1165 3152 1449 3222 innixus
1487 3154 1711 3246 fuerit
1757 3154 1984 3235 homo,
2028 3152 2313 3221 intrabit
2351 3154 2423 3221 in
2462 3176 2623 3220 ma-

1064 3282 1233 3328 num
1280 3259 1463 3350 ejus,
1517 3271 1581 3329 et
1624 3261 2009 3353 perforabit
2046 3284 2219 3331 eam.
2274 3261 2402 3329 Isa.
2450 3283 2618 3348 xxx,

1065 3368 1108 3434 4
1149 3389 1166 3436 ε
1207 3367 1456 3437 Omnes
1485 3370 1728 3459 confisi
1752 3381 1913 3438 sunt
1942 3370 1957 3404 ¹
1989 3392 2193 3461 super
2203 3367 2468 3463 populo
2497 3368 2624 3461 qui

1066 3477 1131 3547 ei
1156 3477 1481 3569 prodesse
1507 3501 1640 3548 non
1665 3479 1937 3570 poterit.
1973 3477 2230 3547 Malitia
2259 3477 2440 3546 enim
2470 3475 2618 3570 ple·

1071 3607 1162 3654 na
1199 3595 1358 3654 sunt
1388 3584 1750 3656 hominum
1780 3586 2006 3665 corda,
2047 3608 2196 3678 quae
2234 3584 2450 3654 solida
2478 3607 2620 3654 nou

1069 3704 1254 3776 sunt,
1288 3696 1408 3766 sed
1446 3696 1645 3766 valde
1672 3718 1873 3765 vana.
1913 3694 2133 3764 Eecle.
2178 3718 2269 3776 tx,
2313 3695 2353 3765 3
2386 3715 2404 3765 t
2443 3696 2621 3766 Cor·

1068 3806 1162 3875 da
1189 3805 1505 3896 filiorum
1534 3806 1893 3875 hominum
1941 3805 2314 3897 implentur
2340 3804 2621 3874 malitia

1068 3925 1133 3985 et
1160 3924 1554 4011 contemptu
1596 3918 1665 3985 in
1705 3918 1845 3986 vita
1873 3939 2029 3985 sua.

1162 4154 1198 4197 ι
1251 4131 1337 4199 Iu
1404 4129 1657 4222 quibus
1718 4152 1852 4197 non
1916 4138 2011 4197 est
2082 4129 2307 4215 salus.
2379 4152 2414 4191 n
2489 4124 2622 4197 llio

1068 4236 1429 4330 multiplex
1467 4238 1665 4317 ratio,
1698 4258 1906 4328 quare
1942 4257 2080 4304 non
2108 4233 2614 4305 confidendum.

1067 4345 1331 4432 Prima,
1363 4344 1674 4416 salvandi
1705 4344 2237 4437 impossibilitas.
2274 4342 2617 4429 Secunda,

1069 4455 1472 4535 mortalitas,
1517 4454 1638 4536 ibi,
1676 4461 1741 4532 ὴ.
1786 4455 1879 4524 t:
1940 4479 1975 4517 α
2034 4452 2279 4522 Exibit
2329 4453 2621 4544 spiritus

1066 4563 1247 4653 ejus.
1287 4594 1322 4628 »
1350 4564 1601 4644 Tertia,
1643 4564 1863 4633 carnis
1902 4561 2427 4654 corruptibilitas
2465 4570 2624 4654 post

1066 4679 1391 4756 mortem,
1430 4671 1549 4750 ibi,
1606 4698 1638 4736 α
1679 4673 1767 4741 Et
1813 4680 2200 4741 revertetur.
2248 4695 2282 4737 ι»
2335 4668 2616 4756 Quarta,

1064 4780 1562 4873 cogitationum
1602 4779 1961 4865 inutilitas,
1993 4778 2110 4860 ibi,
2156 4807 2191 4846 α
2222 4780 2307 4849 In
2348 4779 2482 4849 illa
2511 4779 2625 4849 die

1053 4886 1410 4979 peribunt.
1450 4914 1483 4955 ι

4161 290 4291 358 513

2739 470 2940 548 tione,
2973 469 3139 557 quia
3184 487 3363 531 vana
3394 461 3591 530 salus
3637 459 3961 528 Ιιοιηίηἰε.
3995 456 4147 524 Act.
4192 479 4283 534 ιν,

2743 569 2823 633 12
2858 590 2872 633 :
2908 570 3043 636 Nec
3073 568 3278 636 aliud
3303 590 3546 634 nomen
3580 575 3677 633 est
3699 563 3829 631 sub
3850 561 4016 631 eoelo
4044 560 4287 628 datum

2737 674 3153 755 laominibuS,
3200 677 3271 771 in
3327 698 3461 766 quo
3516 681 3826 764 oporteat
3888 693 4011 737 nos
4063 666 4291 736 salvos

2734 781 2915 871 fieri,
2950 806 3154 875 quam
3175 783 3214 851 J
3221 806 3374 852 esus
3404 807 3418 851 ι
3446 783 3628 850 unde
3650 778 4070 849 confidentes
4093 775 4294 845 etiam

2739 895 2810 959 in
2847 891 3201 983 baptismis
3231 892 3371 961 suis
3411 898 3797 982 arguuntur
3825 886 3872 957 ⁸.

2831 1248 2864 1288 α
2906 1220 3152 1290 Exibit
3205 1221 3494 1312 spiritus
3551 1218 3732 1309 ejus.
3801 1245 3832 1280 n
3893 1215 4066 1284 Ecce
4124 1215 4292 1281 ratio

2736 1329 3056 1399 secunda.
3091 1327 3299 1409 Quasi
3340 1328 3592 1397 diceret
3638 1350 3653 1394 :
3692 1325 3807 1394 Sic
3833 1348 3972 1394 non
4002 1324 4292 1403 salvant,

2733 1447 2805 1507 et
2832 1440 3037 1507 etiam
3082 1463 3115 1503 α
3154 1439 3442 1529 spiritus
3480 1434 3664 1525 ejus,
3703 1461 3737 1498 n
3772 1434 4002 1502 anima
4041 1432 4297 1502 scilicet

2732 1546 3030 1636 propria,
3081 1569 3113 1608 «
3167 1544 3455 1612 exibit»
3500 1567 3539 1610 a
3588 1542 3796 1610 domo
3835 1539 4094 1632 proprii
4143 1561 4296 1608 cor-

2731 1654 2938 1744 poriS,
2971 1650 3138 1720 velit
3169 1651 3360 1719 nolit.
3416 1649 3641 1719 Eoole.
3694 1672 3842 1731 vm,
3876 1649 3916 1717 8
3961 1670 3978 1715 :
4012 1648 4165 1717 Non
4198 1654 4293 1715 est

2735 1761 2809 1828 in
2835 1760 3132 1828 hominis
3150 1767 3491 1851 potestate
3522 1756 3889 1850 prohibere
3932 1755 4283 1848 spiritum,

2726 1867 2986 1937 scilicet
3023 1888 3249 1934 suum.
3285 1865 3373 1933 Et
3419 1864 3636 1934 exibit
3681 1864 3828 1933 sine
3873 1862 4286 1945 reversione,

2732 1977 2948 2045 donec
2985 1975 3170 2044 Deus
3216 1973 3537 2043 voluerit.
3585 1971 3893 2065 Sapient.
3943 1993 4088 2056 xvt,
4143 1971 4224 2037 14
4267 1991 4283 2037 ε

2734 2087 2905 2157 Cum
2934 2088 3177 2156 exierit
3202 2087 3516 2179 spiritus,
3559 2107 3696 2153 non
3725 2091 4121 2153 revertetur.
4155 2078 4294 2148 No·

2727 2193 2963 2270 luisset
2995 2196 3179 2263 exire
3210 2194 3525 2285 spiritum
3566 2214 3771 2261 suum
3819 2190 4013 2261 dives
4042 2187 4285 2281 plenus

2729 2301 3009 2386 divitiis,
3052 2301 3213 2371 Luc.
3250 2323 3371 2386 xii,
3414 2301 3527 2380 20,
3562 2299 3684 2368 sed
3731 2298 3792 2368 ei
3842 2297 4100 2368 dictum
4133 2302 4282 2366 est:

2724 2411 2979 2487 Stulte,
3012 2410 3142 2477 hae
3168 2418 3358 2477 noete
3388 2409 3700 2476 animam
3755 2420 3950 2476 tuam
3982 2412 4294 2498 repetunt

2727 2545 2771 2588 a
2801 2529 2865 2588 te
2903 2540 2927 2587 .·
2957 2541 3108 2609 quae
3137 2527 3367 2586 autem
3383 2518 3691 2610 parasti,
3725 2514 3935 2605 cujus
3963 2522 4162 2582 erunt
4186 2510 4228 2579 P

2831 2754 2861 2792 (ι
2887 2728 2982 2796 Et
3020 2736 3391 2795 revertetur
3428 2751 3460 2792 ιι
3523 2725 3698 2795 Eece
3740 2726 4041 2795 tertium.
4077 2723 4287 2805 Quasi

2727 2834 2977 2904 diceret
3008 2834 3286 2903 :Exibit
3331 2834 3636 2925 spiritus,
3678 2841 3746 2902 et
3794 2833 3894 2902 sio
3931 2834 4287 2916 morietur,

2732 2970 2767 3008 «ι
2802 2952 2865 3011 et
2904 2968 2938 3006 n
2973 2941 3179 3011 etiam
3214 2967 3245 3008 α
3290 2950 3687 3021 revertetur,
3736 2968 3770 3005 n
3814 2949 3977 3009 tuno
4017 2962 4287 3030 corpus,

2712 3049 2834 3140 ‘vel
2863 3048 3074 3120 homo
3116 3050 3497 3120 secundum
3527 3072 3803 3141 corpus,
3852 3079 3886 3112 «
3936 3051 4008 3118 in
4036 3059 4289 3117 terram

2722 3183 2951 3243 suam,
2996 3185 3029 3226 ιι
3073 3157 3156 3227 de
3186 3182 3323 3252 qua
3352 3158 3617 3252 primus
3645 3155 3889 3229 habuit
3920 3156 4284 3249 originem,

2726 3270 2907 3339 unde
2969 3291 3210 3338 omnes
3269 3269 3383 3338 alii
3467 3268 3994 3338 descenderunt.
4061 3266 4283 3336 Eccle.

2729 3399 2849 3456 xu,
2871 3378 2910 3444 ‘1
2949 3398 2965 3445 ε
2999 3378 3406 3445 Revertatur
3436 3374 3676 3467 pulvis
3697 3376 3768 3442 in
3798 3382 4056 3442 terram
4086 3395 4287 3441 suam

2730 3484 2912 3554 unde
2954 3492 3128 3568 erat,
3178 3493 3241 3552 et
3275 3484 3567 3576 spiritus
3611 3482 3847 3552 redeat
3892 3481 3991 3550 ad
4033 3483 4285 3565 Deum,

2728 3592 2850 3685 qui
2879 3591 3068 3661 dedit
3104 3590 3338 3659 illum.
3392 3590 3640 3659 Genes.
3686 3612 3783 3675 ιιι,
3850 3589 3930 3658 19
3973 3611 3989 3656 :
4058 3591 4292 3658 Donec

2728 3699 3088 3768 revertaris
3117 3699 3189 3767 in
3228 3708 3483 3766 terram
3513 3696 3599 3766 de
3626 3720 3768 3789 qua
3803 3704 4123 3787 sumptus
4165 3717 4232 3764 es
4262 3718 4285 3765 .·

2725 3811 2896 3903 quia
2917 3808 3154 3902 pulvis
3210 3832 3303 3888 es,
3364 3816 3494 3876 etc.
3538 3805 3764 3877 Eccle.
3799 3828 3897 3889 ιιι,
3940 3806 4025 3875 20
4080 3825 4097 3874 :
4136 3805 4289 3875 Om-

2727 3919 2849 3987 nia
2872 3928 3174 4010 perqunt
3201 3915 3301 3985 ad
3355 3937 3573 3984 unum
3626 3913 3883 3984 locum.
3945 3914 4052 3982 De
4108 3923 4289 3982 terra

2725 4026 2918 4117 sacta
2935 4033 3124 4110 sunt,
3155 4033 3220 4093 et
3250 4025 3320 4092 in
3350 4032 3606 4091 terram
3627 4022 3903 4116 pariter
3936 4031 4291 4091 revertun-

2728 4142 2868 4204 tur.

2820 4266 2855 4307 ι
2904 4240 2981 4309 1η
3037 4238 3173 4308 illa
3220 4239 3356 4324 die,
3417 4266 3451 4301 υ
3518 4260 3656 4331 qua
3713 4237 3995 4329 spiritus
4050 4233 4285 4318 exibit,

2731 4372 2767 4415 ι
2795 4346 3129 4441 peribunt
3163 4368 3393 4415 omnes
3440 4345 3893 4437 coyitationes
3939 4365 4198 4413 eorum.
4250 4368 4283 4409 ι

2727 4454 2860 4525 lsa.
2900 4478 3035 4536 mx,
3077 4456 3115 4523 Ἰ
3166 4475 3184 4525 :
3231 4454 3700 4546 Coqitationes
3736 4473 3976 4521 eorum
4021 4452 4289 4541 eoqita-

2727 4564 2941 4632 tiones
2970 4560 3276 4630 inutiles.
3318 4558 3529 4631 Mich.
3563 4581 3639 4642 n,
3679 4560 3707 4626 1
3750 4578 3768 4627 2
3816 4558 3922 4629 Vae
3950 4557 4077 4650 qui
4096 4557 4289 4649 eoqi-

2724 4674 2888 4745 tatis
2925 4670 3225 4741 inutile!
3258 4669 3404 4740 Nee
3449 4669 3705 4740 mirum
3744 4667 3805 4737 si
3845 4674 4132 4761 pereant
4166 4686 4290 4736 co·

2724 4781 3110 4873 gitationes,
3188 4778 3520 4872 quoniam
3588 4776 3865 4870 ipsimet
3932 4773 4276 4869 peribunt.

2719 4887 2974 4958 Jerem.
3018 4910 3087 4968 x,
3156 4887 3237 4955 15
3281 4906 3299 4954 z
3354 4885 3439 4952 In
3506 4884 3621 4953 die
3675 4884 4092 4952 visitationis
4141 4902 4284 4950 suae

1153 4995 1333 5064 Dicit
1361 5018 1563 5088 ergo:
1595 4994 1824 5066 Nolito
1853 4995 2282 5066 confiderein
2302 4994 2458 5065 liliis
2485 4994 2622 5066 ho·
2713 4997 3062 5092 peribunt.
3102 4995 3262 5078 Job,
3311 5018 3409 5082 vn,
3458 4996 3540 5065 18
3592 5016 3610 5065 :
3668 4991 4154 5064 Ambulabunt
4207 4994 4282 5061 in

1064 5102 1361 5187 minum,
1410 5129 1446 5172 ι
1497 5106 1570 5174 in
1595 5105 1872 5199 quibus,
1910 5132 1943 5173 ι
1974 5104 2043 5174 id
2074 5113 2197 5184 est,
2233 5106 2394 5197 quia
2433 5106 2502 5174 in
2532 5105 2622 5174 il-

1064 5212 1150 5281 lis
1185 5266 1203 5299 ,
1251 5241 1286 5277 α
1324 5236 1461 5281 non
1490 5223 1588 5281 est
1641 5214 1858 5283 salus.
1905 5238 1939 5281 ι
2002 5212 2249 5305 Supra,
2301 5213 2375 5281 in
2430 5211 2615 5285 Psal.

1062 5342 1198 5401 ux,
1240 5319 1323 5389 13
1357 5340 1375 5392 2
1410 5320 1525 5388 Da
1560 5316 1758 5389 nobis
1793 5319 2147 5390 auxilium
2204 5319 2289 5388 de
2323 5317 2621 5390 tribula-

1139 5573 1160 5612 ⁸
1191 5570 1363 5648 Vulg.
1386 5570 1586 5645 habet,
1621 5572 1736 5630 lsa.
1768 5572 1957 5637 xxx&
1987 5584 2004 5629 ι
2033 5573 2227 5631 Omnes
2254 5573 2619 5643 confinium

1064 5678 1233 5737 super
1249 5662 1464 5735 populo
1482 5658 1588 5737 qui
1613 5662 1670 5721 ei
1687 5659 1945 5734 prodesse
1970 5676 2079 5719 non
2098 5659 2336 5734 poterit.

1329 5795 1421 5836 XV!
1429 5794 1449 5836 Ι

2720 5127 3040 5186 vacuum,
3082 5114 3146 5174 et
3185 5102 3538 5198 peribunt.
3586 5102 3836 5196 Supra,
3896 5102 3970 5170 in
4009 5097 4194 5170 Psal.
4228 5121 4279 5182 ι,

2723 5214 2766 5284 6
2806 5235 2826 5286 t
2869 5215 3012 5284 Iter
3038 5214 3414 5307 impiorum
3451 5211 3740 5307 peribit.

2796 5568 2821 5606 ²
2844 5566 2930 5626 cf.
2961 5567 2987 5625 1
3013 5566 3089 5627 ad
3117 5564 3391 5627 Corinth.
3421 5583 3464 5637 ι,
3499 5569 3566 5625 13
3597 5573 3659 5625 et
3687 5583 3813 5641 seq.

3954 5773 4021 5828 ³³
