5008 6329
1999 351 2714 424 COMMENTARIUS
2764 352 2859 419 IN
2910 351 3349 421 PSALMUM
3401 352 3705 421 CXLIII.

1190 524 1520 610 operatio,
1564 546 1712 613 quae
1745 523 2005 614 judicio
2037 548 2160 592 suo
2200 525 2471 592 videtur
2500 523 2744 591 dexte-

1191 650 1288 710 ra,
1352 653 1384 692 «
1429 629 1709 697 deoetera
1797 632 2210 722 iniquitatis.
2264 656 2296 695 ιι
2362 631 2611 718 Supra,
2673 628 2743 693 in

1196 734 1373 802 Psal.
1417 760 1578 815 xxv,
1632 739 1710 806 10
1745 761 1760 805 ;
1806 739 1890 805 In
1920 760 2214 828 quorum
2247 735 2569 802 manibus
2603 735 2744 800 ini-

1190 845 1483 932 quitates
1511 855 1695 911 sunt.
1742 844 1874 911 Isa.
1919 867 1965 922 1,
2016 848 2092 911 15
2139 866 2153 909 :
2205 846 2463 910 Manus
2511 852 2744 910 vestroe

1189 955 1526 1044 sanquine
1557 953 1786 1043 plenae
1812 961 2001 1019 sunt.

979 1314 1046 1374 θ
1280 1311 1311 1342 «
1365 1283 1574 1358 DeuS‚
1634 1281 2002 1348 canticum.
2044 1309 2077 1344 ι)
2120 1282 2247 1350 Hic
2319 1283 2522 1351 tertia
2585 1304 2741 1372 pars

847 1412 1160 1512 'regampim
1188 1390 1396 1456 totius
1424 1389 1628 1477 hujus
1670 1388 1955 1472 Psalmi,
2000 1391 2070 1456 in
2117 1413 2250 1481 qun
2306 1388 2744 1480 subjungitur

1187 1500 1402 1567 laudis
1436 1499 1824 1590 promissio,
1888 1501 1941 1568 si
1994 1504 2354 1591 impetrata
2395 1500 2598 1569 fuerit
2655 1500 2739 1567 ab

1185 1608 1379 1677 hoste
1416 1607 1730 1677 liberatio
1765 1633 1780 1677 ε
1829 1609 2007 1677 unde
2039 1609 2356 1677 dicuntur
2394 1608 2558 1677 du0.
2589 1609 2745 1675 Pri-

1180 1739 1320 1794 mo,
1358 1720 1744 1806 promissio.
1822 1716 2162 1794 Secund0‚
2202 1726 2275 1784 ut
2323 1725 2742 1786 monstretur

1179 1824 1264 1892 ad
1296 1825 1458 1916 quid
1501 1826 1833 1915 promittit
1864 1822 2020 1905 hoc,
2065 1826 2411 1915 petitionis
2452 1826 2535 1893 de
2565 1823 2740 1892 libe-

1179 1936 1437 2004 ratione
1480 1935 1815 2025 repetitio,
1877 1934 1994 2013 ibi,
2038 1941 2101 2011 ὴ.
2168 1937 2240 2003 11
2285 1958 2300 2003 2
2367 1964 2401 2001 α
2434 1938 2541 2003 De
2572 1934 2742 2025 yla-

1188 2044 1327 2111 dt'O.
1364 2072 1394 2105 ιο

1272 2151 1350 2218 ln
1381 2151 1603 2241 prima
1644 2159 1875 2218 autem
1908 2149 2227 2218 dicuntur
2256 2150 2418 2220 duo,
2473 2150 2732 2231 Primo,

1183 2260 1544 2351 promissio
1604 2257 1849 2327 laudis.
1893 2258 2237 2346 SecundO,
2296 2261 2467 2327 ratio
2529 2283 2736 2351 quare

1183 2368 1354 2436 bene
1413 2366 1794 2435 laudandus
1850 2376 1977 2446 est,
2048 2367 2163 2445 ibi.
2226 2376 2288 2445 ὲ.
2339 2371 2474 2438 10:
2527 2398 2559 2432 «
2605 2371 2741 2454 Qui

1185 2477 1310 2543 das
1337 2475 1662 2543 salutem.
1707 2502 1736 2538 u

1272 2584 1347 2652 ln
1374 2585 1591 2675 prima
1619 2583 2054 2660 duo.Primo‚
2084 2585 2444 2675 promissio
2485 2583 2732 2662 laudis,

1180 2699 1246 2757 et
1275 2689 1541 2757 cantici.
1577 2686 1919 2764 Secundo,
1967 2687 2438 2757 determinatio
2480 2690 2740 2756 instru-

1186 2797 1390 2865 menti
1440 2798 1505 2864 in
1534 2820 1670 2888 quo
1690 2796 2199 2876 cantabit,ibi,«
2238 2797 2732 2888 Inpsalterio.»

1270 2904 1446 2971 Dicit
1483 2924 1645 2993 ergo
1683 2924 1697 2968 ε
1737 2900 1852 2970 Sic
1881 2903 2132 2993 gratias
2170 2904 2274 2993 egi
2319 2926 2440 2994 pro
2490 2902 2733 2995 figura,

1177 3012 1340 3102 petii
1397 3012 1749 3078 veritatem
1789 3008 2174 3101 adimpleri,
2243 3020 2312 3079 et
2359 3033 2400 3079 o
2443 3036 2478 3077 α
2522 3014 2734 3096 Deus,

1180 3116 1467 3187 cantabo
1502 3116 1653 3198 tibi,
1702 3141 1735 3183 ι
1771 3139 1911 3186 non
1950 3117 2090 3197 atii,
2125 3140 2250 3186 nec
2278 3118 2486 3187 etiam
2537 3116 2734 3188 mibi.

1183 3225 1327 3294 Sibi
1368 3227 1549 3295 enim
1588 3234 1844 3310 cantat,
1876 3227 1994 3316 qui
2055 3249 2176 3316 pro
2221 3224 2529 3295 mercede
2558 3234 2740 3294 tem-

1180 3334 1396 3425 porati
1425 3341 1677 3412 cantat,
1747 3331 1832 3401 de
1880 3332 2128 3423 quibus
2174 3331 2444 3412 dicitur,
2489 3333 2733 3402 matth.

1180 3464 1274 3518 vt,
1317 3443 1357 3507 2
1392 3461 1408 3506 :
1440 3442 1658 3508 Amen
1690 3439 1843 3507 dico
1873 3439 2085 3517 vobis,
2132 3450 2525 3531 receperunt
2556 3462 2739 3509 mer-

1180 3551 1404 3619 cedem
1458 3572 1684 3617 suam.
1752 3548 1838 3617 Et
1893 3547 2048 3630 hoc,
2113 3574 2148 3615 α
2194 3550 2542 3618 canticum
2609 3574 2741 3618 na-

1181 3682 1364 3736 vum,
1393 3685 1425 3724 ι»
1462 3661 1623 3726 novi
1670 3657 1926 3726 scilicet
1955 3656 2252 3726 hominis
2284 3681 2405 3749 per
2442 3660 2737 3752 gratiam

1180 3768 1512 3845 renovati,
1564 3789 1702 3834 non
1737 3767 2092 3835 inveterati
2134 3766 2202 3833 in
2241 3776 2546 3857 peccato.
2596 3769 2727 3839 Iso.

1178 3901 1334 3955 χιιι,
1379 3878 1501 3945 10:
1542 3877 1830 3945 Cantate
1888 3876 2181 3943 Domino
2226 3877 2573 3946 canticum
2612 3902 2741 3946 no-

1178 4009 1365 4065 vum,
1402 3985 1558 4052 laus
1586 3983 1743 4074 ejus
1800 3982 1886 4052 ab
1941 3985 2261 4052 extremis
2296 3995 2519 4054 terrae.
2554 3987 2740 4079 Apo-

1180 4093 1307 4164 cal.
1349 4116 1490 4170 xxv,
1538 4092 1578 4160 3
1615 4115 1631 4160 :
1697 4090 2090 4161 Cantabant
2136 4093 2340 4182 quasi
2392 4094 2739 4163 canticum

1182 4223 1456 4270 novum.
1494 4196 1800 4267 Laudare
1829 4197 2054 4267 Deum
2102 4197 2173 4266 in
2202 4202 2576 4290 prosperis,
2609 4200 2742 4270 hoc

1186 4306 1648 4401 proculdubio
1678 4306 2022 4374 canticum
2046 4313 2169 4382 est.
2203 4305 2323 4374 sed
2354 4314 2554 4376 vetus
2584 4316 2686 4377 est
2718 4330 2735 4377 ε

1183 4420 1269 4488 ob
1305 4419 1588 4509 antiquo
1629 4418 1814 4486 enim
1855 4416 2140 4485 benefici
2188 4439 2229 4483 a
2259 4417 2742 4509 recipientibus

1183 4526 1508 4597 beneticia
1540 4524 1928 4595 laudantur.
1968 4523 2149 4593 Psal.
2181 4547 2330 4606 νιιι,
2380 4528 2460 4594 19
2494 4548 2511 4596 ε
2562 4529 2743 4597 Con-

1182 4635 1493 4726 fitebitur
1564 4631 1718 4712 tibi,
1768 4655 1926 4701 cum
1986 4631 2388 4724 benefeceris
2445 4635 2531 4703 ei.
2605 4634 2742 4705 Sed

1187 4744 1461 4813 laudare
1494 4743 1563 4810 in
1601 4740 1932 4818 adversis,
1968 4738 2097 4807 hoc
2121 4749 2222 4808 est
2250 4744 2594 4812 canticum
2627 4768 2743 4814 no·

1184 4874 1349 4922 vum
1392 4874 1408 4920 z
1454 4848 1585 4918 hoc
1623 4849 1809 4917 enim
1846 4845 2147 4916 Jacobus
2183 4847 2616 4920 adinvenisse
2646 4854 2746 4920 vi-

1185 4960 1406 5036 detur,
1436 4954 1674 5025 Jacob.
1702 4976 1748 5035 ι,
1773 4956 1814 5021 2
1844 4976 1859 5022 :
1888 4956 2104 5023 Omne
2126 4953 2470 5046 qaudium
2512 4959 2747 5026 existi·

1187 5074 1390 5141 mate,
1413 5069 1696 5156 fratres,
1717 5082 1874 5128 cum
1906 5061 1976 5128 in
2006 5061 2263 5143 varias,
2298 5070 2426 5132 etc.
2448 5062 2536 5131 Et
2570 5063 2748 5132 Pau·

1189 5172 1426 5258 lu5,nd
1459 5170 1751 5239 Roman.
1807 5190 1928 5246 χιι,
1967 5169 2047 5235 12
2093 5190 2109 5239 ε
2153 5171 2235 5238 In
2293 5170 2747 5245 tribulatione

1183 5283 1541 5376 patientes.

1284 5417 1317 5451 α
1348 5390 1431 5457 In
1480 5382 1842 5478 psalterio.
1883 5405 1916 5446 ι
1970 5382 2096 5453 llic
2142 5385 2579 5457 instrumenti
2636 5388 2752 5458 de-

1191 5494 1606 5566 terminatio.
1650 5488 1863 5571 Quasi
1905 5487 2203 5562 diceret:
2250 5494 2366 5565 Sic
2403 5497 2746 5567 canticum

1193 5623 1450 5675 novum
1471 5598 1791 5677 cantabO,
1821 5604 1890 5665 et
1919 5599 2281 5691 «psallam
2304 5602 2436 5672 tibi
2460 5606 2535 5673 in
2557 5604 2749 5697 psal·

1196 5709 1362 5780 terio
1393 5704 1838 5787 decachordo,
1875 5729 1910 5771 ι
1943 5704 2016 5773 in
2064 5707 2384 5797 operibus
2414 5709 2585 5803 legis
2626 5734 2748 5803 per

4275 356 4405 423 495

2849 521 3083 588 decem
3124 533 3455 611 praecepta
3487 522 3819 590 distinctis
3857 545 3871 591 ε
3932 525 4002 589 in
4044 522 4189 613 lege
4223 523 4406 590 enim

2848 642 3346 717 praeceptorum
3377 628 3629 703 laudat,
3667 629 3780 719 qui
3823 628 4044 719 legem
4077 653 4405 697 consum-

2849 743 3016 812 mat,
3060 734 3192 803 hoc
3220 745 3342 808 est.
3379 739 3493 825 qui
3526 736 3746 826 diligit
3783 744 3849 803 et
3879 744 4084 803 amat.
4121 737 4229 804 Ad
4275 736 4407 805 Ro-

2848 866 3032 914 man.
3069 868 3215 926 xm,
3256 847 3336 914 10
3375 869 3388 911 :
3423 845 3797 913 Plenitudo
3838 845 4010 934 leqis
4060 855 4156 912 est
4231 847 4403 916 dile·

2848 953 3005 1019 ctio.
3066 952 3285 1020 Aliter
3316 975 3453 1020 non
3503 951 3845 1041 impletur,
3900 950 4045 1018 lad
4085 951 4393 1024 Corinth.

2847 1082 2992 1138 xm,
3030 1061 3068 1128 3
3116 1082 3130 1126 :
3176 1062 3257 1129 Si
3312 1061 3661 1128 tradidero
3709 1083 3955 1151 corpus
4012 1083 4240 1128 meum
4298 1063 4399 1129 ita

2851 1180 2929 1236 ut
2957 1170 3266 1249 ardeam,
3299 1171 3704 1237 charitalem
3725 1181 3953 1238 autem
3984 1193 4120 1237 non
4148 1170 4402 1238 babue-

2850 1300 2951 1360 r0,
2985 1277 3171 1345 nihil
3205 1279 3379 1345 milii
3398 1279 3699 1371 prodest.

2938 1629 2971 1664 α
3020 1603 3158 1686 Qui
3222 1604 3346 1668 das
3398 1600 3717 1668 salutem.
3800 1602 3926 1669 Hic
3987 1603 4392 1691 secundum,

2844 1708 3101 1777 scilicet
3140 1710 3311 1777 ratio
3346 1732 3553 1798 quare
3592 1709 3995 1789 laudandus,
4055 1713 4214 1801 quia
4253 1713 4398 1781 sal-

2843 1824 2963 1884 vat
2993 1839 3185 1908 reges
3220 1839 3235 1884 ε
3271 1817 3450 1885 unde
3481 1827 3854 1909 tanguntur
3914 1818 4075 1889 du0.
4129 1819 4391 1903 Primo,

2846 1951 3086 2019 regum
3137 1928 3449 1996 salvatio.
3488 1928 3830 2009 Secundo,
3862 1931 4179 2020 probatio
4211 1932 4396 2023 quod

2847 2039 2938 2104 ita
2975 2038 3060 2103 sit
3090 2059 3211 2126 per
3240 2037 3655 2128 exemplum,
3682 2036 3800 2118 ibi,
3848 2066 3882 2102 «
3921 2040 4056 2124 Qui
4105 2039 4396 2109 redemi-

2839 2145 2933 2212 sti
2960 2145 3216 2212 David.
3247 2171 3279 2210 ιι

2933 2253 3114 2322 Dicit
3170 2277 3385 2345 ergo:
3448 2254 3560 2322 Sic
3612 2253 3924 2338 cantabo,
3982 2266 4051 2324 et
4112 2257 4397 2349 dignum

2844 2370 2945 2429 est
2978 2385 2994 2429 :
3035 2390 3067 2425 α
3098 2363 3303 2448 Qui,»
3342 2362 3405 2430 id
3429 2372 3552 2442 est,
3589 2365 3747 2455 quia
3777 2371 3849 2430 tu
3875 2392 3909 2427 α
3943 2364 4071 2432 das
4098 2366 4397 2434 salutem

2840 2472 3143 2563 reqibus.
3192 2497 3225 2538 ι
3273 2473 3595 2542 Proverb.
3641 2496 3779 2550 xxi,
3821 2474 3849 2539 1
3900 2495 3917 2542 ε
3958 2475 4090 2542 Cor
4117 2477 4297 2566 reqis
4328 2477 4398 2544 in

2842 2603 3059 2648 manu
3113 2582 3422 2649 Domini.
3478 2580 3778 2671 Regibus
3822 2581 4057 2658 etiam,
4109 2581 4240 2651 hoc
4269 2591 4395 2662 est,

2844 2690 3169 2757 omnibus
3212 2690 3474 2780 seipsos
3541 2688 3931 2779 regentibus
3970 2689 4131 2768 Job,
4183 2714 4277 2771 ιιι,
4320 2691 4400 2761 ¹3

2844 2804 2910 2863 et
2948 2796 3027 2862 tt
3061 2817 3075 2864 :
3113 2796 3615 2886 Requiescereni
3646 2818 3800 2863 cum
3842 2795 4117 2887 reqibus
4144 2808 4209 2864 et
4236 2820 4402 2865 con-

2841 2902 3118 2973 sulibus
3146 2914 3340 2971 terrae
3363 2926 3385 2970 .·
3420 2924 3658 2971 omnes
3707 2904 3889 2970 enim
3923 2902 4402 2995 obtemperan-

2842 3021 2944 3080 tes
2974 3010 3129 3088 sibi,
3177 3020 3240 3080 et
3281 3033 3473 3102 reges
3511 3010 3641 3079 sibi
3681 3020 3864 3090 sunt,
3908 3019 3976 3080 et
4022 3011 4109 3079 ab
4147 3035 4230 3081 eo
4261 3013 4402 3082 sol-

2843 3129 3118 3190 vantur.
3154 3118 3260 3188 Ad
3290 3119 3497 3190 llebr.
3543 3143 3611 3200 ν,
3647 3123 3687 3188 9
3723 3141 3738 3188 :
3769 3122 4022 3190 Factus
4058 3132 4156 3191 est
4184 3124 4403 3192 omni-

2846 3229 2971 3299 bus
3008 3227 3634 3321 obtemperantibus
3686 3227 3824 3296 sibi
3871 3252 4083 3298 causa
4147 3231 4400 3301 salutis

2842 3349 3134 3407 aeternae.

2938 3472 2972 3510 α
3012 3445 3152 3531 Qui
3187 3444 3553 3513 redemisti.
3602 3468 3637 3510 ι
3681 3443 3852 3513 Ecce
3891 3445 4293 3527 secundum,
4327 3448 4397 3516 in

2846 3574 2983 3643 quo
3051 3552 3247 3643 ponit
3299 3552 3715 3642 exemptum.
3795 3551 4006 3632 Quasi
4073 3553 4324 3624 diceret
4376 3579 4392 3625 :

2840 3662 3033 3729 Bene
3089 3658 3268 3742 dico,
3320 3658 3501 3751 quod
3566 3657 3687 3727 das
3744 3658 4031 3729 satutem
4091 3661 4395 3754 regibus,

2846 3773 3008 3863 quia
3045 3780 3121 3838 tu
3168 3793 3239 3839 es
3306 3796 3336 3834 ι
3372 3770 3497 3861 qui
3550 3769 3899 3839 redemisti
3941 3771 4198 3857 David,
4256 3795 4402 3841 ser-

2843 3900 3008 3947 vum
3038 3888 3259 3961 tuum,
3297 3902 3330 3943 »
3380 3878 3694 3968 quamvis
3742 3901 3859 3946 rex
3895 3887 4096 3948 esset.
4152 3878 4400 3971 Supra,

2847 3988 2917 4055 in
2959 3985 3143 4055 Psal.
3192 4009 3353 4066 xxx,
3397 3988 3438 4053 6
3474 4009 3490 4055 :
3524 3986 3899 4054 Redemisti
3917 4009 4048 4072 me,
4079 3990 4400 4073 Domine,

2843 4097 3033 4165 Deus
3071 4095 3407 4172 veritatis,
3442 4092 3616 4162 dixit
3657 4091 3895 4161 David.
3934 4094 4157 4164 David
4197 4098 4404 4166 etiam

2845 4210 3073 4294 potest
3103 4201 3317 4291 accipi
3367 4223 3490 4291 pro
3555 4208 3702 4269 toto
3747 4224 4034 4293 corpore
4084 4201 4404 4274 Ecclesiae

2846 4331 3005 4378 cum
3044 4310 3194 4399 ipso
3223 4309 3466 4397 capite.
3505 4306 3697 4376 Unde
3741 4309 3811 4375 in
3840 4307 4108 4388 Glossa.
4144 4312 4404 4398 David,

2847 4416 2915 4485 id
2968 4422 3094 4501 est,
3149 4422 3373 4483 totum
3461 4412 3831 4493 Christum,
3900 4426 4104 4508 caput
4149 4419 4407 4490 scilicet

2846 4546 3004 4594 cum
3027 4543 3337 4612 corpore.
3373 4519 3553 4612 Ergo
3580 4520 3888 4591 Christus
3919 4522 4205 4593 redemit
4233 4528 4409 4619 seip-

2846 4651 3029 4699 sum.
3065 4626 3172 4695 Ad
3210 4625 3341 4695 hoc
3368 4625 3878 4697 videturt'acere
3906 4632 4091 4720 quod
4130 4630 4401 4711 dicitur,

2849 4735 3092 4807 Ezech.
3117 4758 3275 4815 xcv,
3318 4736 3403 4803 22
3443 4756 3459 4803 :
3493 4736 3588 4802 Et
3603 4736 3818 4827 saciet
3835 4738 4156 4832 princeps
4185 4741 4255 4808 in
4295 4740 4408 4810 die

2851 4844 3010 4926 illa,
3025 4865 3160 4935 pro
3197 4866 3268 4910 se
3294 4852 3359 4909 et
3376 4864 3510 4934 pro
3550 4842 3863 4910 universo
3884 4845 4151 4936 populo
4181 4857 4401 4933 terr-e,

2850 4950 3154 5021 vitulum
3173 4960 3623 5043 propeccato.
3649 4948 3928 5034 Contra,
3964 4951 4403 5041 adllebr.1x,

2852 5064 2888 5130 7
2929 5084 2946 5130 ε
2984 5061 3396 5150 Pontifex...
3441 5059 3688 5151 offerat
3702 5081 3839 5150 pro
3897 5084 4028 5130 sua
4057 5072 4125 5132 et
4153 5067 4410 5158 populi

2853 5168 3275 5262 iqnorantia.
3347 5166 3586 5235 Glossa
3630 5188 3646 5233 z
3693 5195 3725 5228 «
3773 5166 4082 5239 Christus
4120 5194 4244 5263 pro
4284 5197 4407 5265 po-

2856 5305 2889 5342 α
2931 5275 3096 5368 pulo
3147 5273 3416 5358 obtutit,
3468 5296 3588 5365 pro
3630 5296 3702 5343 sc
3751 5297 3916 5344 vero
3966 5300 4106 5346 non
4161 5282 4293 5350 nisi
4332 5284 4405 5351 in

2856 5411 2890 5452 ιι
2928 5381 3278 5453 membris.
3308 5410 3340 5445 »ι
3398 5382 3803 5476 Responsio.
3857 5384 4171 5458 Redemit
4217 5393 4407 5485 seip-

2853 5517 3006 5563 sum
3078 5499 3412 5585 quantum
3485 5490 3571 5561 ad
3645 5513 3955 5591 poenum,
4007 5518 4135 5566 nos
4173 5508 4406 5568 autem

2853 5611 3187 5697 quantum
3227 5599 3313 5670 ad
3356 5598 3651 5691 culpam.
3704 5598 3834 5669 ism
3887 5624 4074 5686 nun,
4116 5607 4158 5675 ‘1
4191 5608 4414 5677 :Noli

2852 5714 3113 5798 timere,
3171 5732 3358 5779 serve
3420 5731 3605 5778 meus
3644 5708 3887 5797 Jacob,
3945 5713 4114 5804 quia
4150 5713 4411 5785 redemi
4468 5739 4474 5744 ·
