5008 6329
2076 345 2789 413 COMMENTARIUS
2840 345 2931 412 lN
2982 346 3408 414 PSALMEM
3464 347 3597 418 CV.
4358 348 4442 413 97

1240 546 1269 582 t(
1300 519 1370 585 in
1403 517 1798 605 hujusmodi
1829 518 2087 586 deliciis
2137 528 2260 598 est,
2306 519 2468 610 quia
2516 524 2787 608 peccata

1238 650 1268 689 ι
1310 633 1469 692 sunt
1507 625 1768 716 populi,
1832 648 1982 716 quae
2044 628 2373 696 comedis,
2435 626 2635 703 Osee,
2692 647 2782 698 xv,

1235 760 1265 794 «
1300 733 1338 798 8
1375 754 1389 797 :
1423 735 1711 799 Peccata
1734 733 1989 824 populi
2017 737 2152 801 mei
2179 734 2527 801 comedent
2562 753 2791 798 sacer-

1231 865 1262 902 «
1326 837 1537 903 doteS.
1605 838 1938 929 Sumptus
2013 839 2523 907 Ecclesiasticos
2580 837 2788 927 gratis

1231 973 1260 1011 α
1296 945 1549 1014 habere
1581 956 1644 1015 te
1688 951 2017 1039 reputas?
2043 947 2423 1026 CantandO‚
2463 954 2539 1013 ut
2570 948 2783 1026 aiunt,

1229 1084 1261 1118 «
1313 1055 1432 1121 tibi
1495 1058 1855 1145 provenire
1912 1055 2235 1123 videntur
2278 1075 2292 1119 ε
2354 1054 2473 1121 sed
2526 1053 2783 1122 bonum

1229 1189 1260 1226 ε(
1295 1172 1437 1230 erat
1477 1165 1600 1231 tihi
1650 1166 1869 1254 magis
1899 1164 2155 1242 fodere,
2189 1170 2309 1229 aut
2355 1163 2563 1230 etiam
2602 1187 2790 1232 men-

1227 1295 1258 1335 «
1304 1270 1553 1339 dicare.
1600 1270 1953 1339 Sollicitus
1984 1277 2129 1336 esto
2167 1278 2522 1359 tamquam
2572 1270 2789 1337 reddi-

1236 1407 1265 1442 «
1301 1389 1495 1447 turus
1534 1382 1871 1448 rationem
1913 1400 2036 1467 pro
2077 1379 2174 1444 eis
2232 1377 2511 1446 fundere
2565 1379 2790 1468 gemi-

1225 1519 1255 1548 «
1293 1497 1426 1566 ωε,
1451 1489 1697 1577 dignos
1721 1508 1922 1575 agere
1943 1486 2361 1574 poenitentiae
2392 1485 2648 1552 fruetus
2672 1487 2716 1553 ¹.
2746 1512 2779 1549 υ

1224 1594 1382 1673 Sed,
1416 1593 1594 1661 heu!
1632 1594 1949 1683 quamvis
1980 1593 2078 1661 sic
2124 1592 2488 1661 comedant
2527 1594 2780 1660 sacriti-

1219 1703 1322 1769 cia
1364 1709 1825 1779 mortuorum,
1890 1709 2118 1767 tamen
2177 1699 2376 1766 multi
2432 1700 2789 1766 initiantur

1219 1808 1367 1889 Bel,
1409 1808 1479 1875 id
1511 1817 1637 1886 est,
1681 1808 1889 1899 gulae,
1938 1806 2210 1875 Daniel.
2243 1829 2389 1890 xm,
2426 1809 2465 1875 5
2504 1829 2519 1873 :
2581 1808 2786 1875 Dixit

1218 1941 1338 1985 rex
1375 1917 1474 1984 ad
1514 1940 1697 1995 eum,
1731 1917 1988 1985 scilicet
2035 1916 2392 1984 Danielem
2424 1938 2440 1981 ε
2482 1917 2639 1985 Non
2679 1917 2787 1983 vi-

1217 2026 1420 2092 detur
1447 2024 1576 2092 tibi
1604 2048 1743 2092 esse
1771 2025 1903 2091 Bet
1940 2026 2167 2091 vivens
2198 2027 2385 2092 Deus
2418 2023 2459 2091 ?
2494 2026 2604 2092 An
2647 2049 2781 2091 non

1216 2132 1401 2199 vides
1430 2144 1697 2223 quanta
1727 2130 2040 2199 comedat
2076 2142 2140 2199 et
2171 2129 2362 2198 bibat
2409 2131 2719 2221 quotidie
2744 2131 2785 2198 ‘l

1213 2240 1320 2306 Ad
1353 2238 1607 2329 Philip.
1642 2261 1740 2318 ιιι,
1782 2241 1861 2306 19
1906 2261 1922 2305 :
1973 2241 2283 2324 Quorum
2323 2241 2512 2306 Deus
2559 2248 2785 2306 venter

1212 2356 1333 2415 est.
1375 2345 1513 2413 Alii
1574 2346 1935 2413 initiantur
1993 2343 2430 2425 Beelzebuth,
2495 2346 2612 2436 qui
2679 2354 2780 2414 est

1212 2452 1377 2520 deus
1436 2475 1861 2535 muscarum,
1929 2452 2325 2520 divitiarum
2401 2475 2554 2542 quae
2610 2476 2780 2544 pun-

1209 2572 1405 2653 gunt,
1458 2570 1525 2630 et
1571 2562 1981 2652 inquietant,
2032 2561 2215 2628 unde
2267 2562 2484 2652 spina!
2531 2584 2777 2631 vocan-

1210 2678 1320 2739 tur
1358 2696 1399 2738 a
1447 2670 1748 2738 Domino
1771 2679 1818 2738 ¹.
1881 2672 2309 2760 Augustinus
2361 2692 2378 2736 ε
2426 2670 2774 2739 «Divitias

1211 2805 1246 2842 α
1310 2777 1657 2857 invenisti,
1728 2778 2039 2866 requiem
2096 2777 2474 2867 perdidisti.
2541 2803 2574 2844 n
2634 2777 2768 2844 Alii

1208 2884 1665 2977 Beelphegor,
1724 2885 1906 2977 quod
1976 2885 2465 2975 interpretatur
2516 2884 2772 2954 liabens

1203 2995 1502 3071 hiatum,
1574 2993 1862 3061 luxuriae
1927 2992 2209 3074 scilicet,
2289 3015 2444 3082 quae
2501 3011 2771 3086 semper

1202 3099 1345 3170 hiat
1372 3109 1438 3170 et
1477 3123 1859 3193 numquam
1899 3101 2206 3170 satiatur.
2253 3099 2455 3182 Osee,
2497 3123 2595 3187 w,
2632 3103 2712 3171 10
2748 3124 2765 3171 ε

1202 3212 1561 3280 fornicati
1602 3219 1793 3291 sunt,
1835 3219 1900 3278 et
1937 3233 2074 3277 non
2110 3220 2564 3279 cessaverunt.
2609 3210 2769 3278 llie·

1202 3339 1529 3408 ronymus
1571 3340 1589 3385 ε
1638 3346 1671 3379 κ
1703 3316 2045 3408 Voluptas
2068 3317 2347 3399 samem,
2378 3339 2521 3385 non
2560 3317 2769 3385 satie-

1202 3450 1235 3492 «
1267 3434 1479 3497 tatem
1509 3427 1712 3518 parit.
1743 3451 1777 3491 n

1294 3774 1328 3813 α
1388 3749 1484 3815 Et
1543 3747 2019 3814 irritaverunt.
2086 3769 2120 3809 ι
2181 3742 2309 3811 llic
2358 3742 2762 3822 secundum,

1205 3856 1463 3924 scilicet
1489 3853 1742 3943 judicis
1787 3851 2079 3921 offensio
2128 3873 2251 3942 pro
2296 3849 2497 3941 culpa
2536 3873 2771 3942 perpe·

1206 3974 1404 4034 trata.

1295 4076 1413 4144 Ait
1442 4073 1627 4141 enim
1662 4093 1679 4138 :
1736 4071 1853 4139 Sic
1899 4077 2377 4163 peccaverunt,
2426 4098 2460 4133 κ
2488 4080 2554 4136 et
2595 4095 2629 4135 ι
2671 4071 2769 4139 sic

1210 4210 1244 4245 κ
1277 4181 1730 4248 irritaverunt
1756 4199 1940 4257 eum,
1970 4202 2003 4242 ι
2045 4177 2269 4246 Deum
2308 4176 2589 4256 scilicet,
2627 4201 2661 4242 ι
2695 4177 2766 4244 in

1204 4287 1807 4360 adinventionibus
1862 4289 2036 4365 suis,
2087 4313 2119 4349 ι
2184 4288 2255 4356 in
2312 4285 2540 4372 idolis,
2609 4310 2764 4378 quae

1203 4399 1727 4479 adinvenerunt,
1760 4404 1839 4464 ut
1876 4392 1994 4463 illa
2028 4393 2331 4464 colerent
2361 4415 2378 4465 ε
2414 4418 2552 4464 non
2583 4395 2766 4464 enim

1202 4508 1590 4578 habuerunt
1619 4528 1660 4574 a
1703 4504 2014 4597 patribus
2058 4505 2225 4574 suis.
2278 4502 2567 4573 Numer.
2601 4526 2764 4583 xxv,

1203 4618 1241 4684 i
1272 4623 1337 4684 et
1377 4618 1418 4681 5
1461 4639 1478 4684 ε
1525 4616 1620 4683 ΕΙ
1650 4615 1873 4681 iratas
1902 4612 2269 4688 Dominae,
2312 4612 2415 4679 ait
2451 4611 2773 4701 adMoy-

1198 4747 1313 4791 sen
1363 4745 1389 4793 .·
1443 4721 1636 4793 Yotlc
1683 4731 1959 4788 cunctos
1998 4720 2347 4813 principes
2377 4719 2654 4811 populi,
2705 4727 2771 4785 et

1199 4830 1539 4925 suspende
1574 4851 1686 4897 eos
1727 4839 1967 4896 contra
2013 4827 2228 4896 solem
2279 4830 2350 4895 in
2394 4826 2766 4920 patibulis,

1207 4950 1284 5009 ut
1310 4949 1669 5007 avertatur
1694 4939 1903 5027 furor
1929 4959 2121 5004 mem
2141 4936 2233 5004 ab
2263 4938 2506 5006 Israel.
2542 4940 2775 5006 Dixit-

1207 5072 1338 5143 que
1363 5050 1636 5137 Moyses
1668 5044 1767 5114 ad
1805 5044 2088 5134 judices
2143 5046 2368 5114 Israel
2411 5070 2435 5116 .·
2487 5047 2773 5117 Oce-idat

1210 5156 1680 5247 unnsquisque
1701 5154 2063 5245 proximos
2103 5174 2290 5235 snos,
2331 5154 2457 5246 qui
2510 5156 2775 5224 initiati

1210 5273 1372 5330 sunt
1410 5260 1861 5352 Beelpheqor,
1895 5256 1961 5325 id
1991 5266 2120 5340 est,
2153 5261 2532 5327 consecrati
2560 5267 2624 5327 et
2660 5259 2776 5329 de-

1214 5368 1438 5436 dicati.
1483 5368 1570 5437 Et
1616 5371 1738 5446 sic,
1795 5392 1831 5433 e
1884 5364 2359 5458 multiplicata
2407 5376 2509 5435 est
2563 5370 2633 5436 in
2680 5369 2776 5437 eis

1213 5479 1440 5546 ruina.
1476 5503 1514 5542 ι
1548 5475 1718 5546 Ecce
1746 5497 1952 5568 poena
1981 5475 2248 5553 mortis,
2278 5473 2568 5547 Numer.
2610 5499 2773 5558 xxv,

1292 5711 1309 5746 ¹
1343 5711 1400 5768 S.
1436 5711 1789 5780 Rnnanus,
1828 5710 1889 5766 Ιιι
1920 5706 2479 5767 declamationibus.
2575 5756 2583 5763 .

1477 5845 1594 5888 15⁸1!

2897 523 2935 580 s»
2974 539 2989 582 :
3022 519 3115 582 Et
3143 521 3342 585 occisi
3366 530 3527 586 sunt
3584 521 3832 609 viqinti
3879 530 4178 609 quatuor
4208 516 4443 584 millia

2893 624 3269 692 leontinum.
3329 625 3441 695 Sic
3481 629 3722 694 initiati
3754 628 4066 706 luxuriae,
4113 632 4333 704 ruent,
4378 635 4443 691 et

2895 732 3301 799 occidentur.
3363 733 3637 801 Zachar.
3700 759 3842 813 x1v,
3881 737 3960 801 15
4006 754 4021 801 t
4068 737 4159 800 Et
4185 734 4281 798 sie
4310 734 4436 799 erit

2894 841 3094 907 retina
3125 844 3303 929 equi,
3346 851 3409 907 et
3449 843 3651 922 medi,
3678 853 3741 910 et
3779 843 3983 918 asini,
4029 851 4091 908 et
4130 843 4437 907 omnium

2880 947 3382 1035 jumentorum.
3436 948 3520 1014 Et
3567 948 3698 1017 hoc
3728 973 3768 1016 a
3814 950 4110 1026 Christe,
4154 948 4314 1015 Luc.
4360 970 4430 1023 ιι,

2894 1056 2977 1121 34
3015 1077 3027 1118 :
3072 1056 3242 1121 Ecce
3263 1056 3531 1144 positus
3566 1067 3664 1123 est
3700 1057 3811 1123 hic
3856 1059 3930 1122 in
3977 1058 4279 1133 ruinam,
4325 1055 4436 1122 lu-

2891 1159 3321 1226 xuriosorum
3353 1169 3411 1227 et
3449 1161 3812 1228 malorum.
3841 1160 3973 1240 Qui
4004 1160 4306 1227 serviunt
4335 1159 4437 1226 lu·
4501 1199 4533 1238 p
4535 1201 4699 1262 cm„
4705 1209 4750 1240 m

4466 1248 4477 1293 Ι
4516 1252 4685 1303 xurioe.
4716 1253 4783 1294 in·

2892 1269 3128 1351 xuiiae‚
3161 1269 3476 1337 dicuntur
3506 1272 3770 1337 ιηιίιαίι
3796 1270 4242 1361 Beelpheqoae
4273 1271 4630 1359 quia20<1u
4633 1315 4698 1350 ,ο
4735 1316 4782 1348 m

2890 1374 3057 1442 illud
3102 1386 3453 1466 peccatum
3506 1387 3607 1446 est
3654 1380 3848 1468 quasi
3894 1378 4303 1446 introductio
4363 1380 4432 1444 in

2891 1507 3091 1552 omne
3122 1495 3495 1575 peccatum.
3542 1488 3649 1554 Ad
3680 1487 3809 1556 hoc
3839 1490 4021 1555 enim
4058 1489 4202 1577 jam
4241 1489 4432 1576 pueri

2890 1605 3194 1679 currunt,
3237 1606 3303 1664 et
3360 1598 3693 1688 incipiunt
3721 1600 3869 1687 jam
3918 1620 4063 1665 esse
4111 1604 4433 1686 peccato-

2891 1728 3019 1772 res.
3061 1704 3135 1770 ΕΙ
3168 1702 3289 1771 has
3321 1704 3861 1773 introductiones
3892 1705 3987 1773 eis
4019 1704 4276 1794 legunt,
4311 1705 4428 1793 qui

2888 1833 3005 1878 eos
3061 1810 3317 1878 ducunt
3362 1810 3447 1878 ad
3484 1810 3886 1901 prostibula,
3930 1819 3997 1879 et
4054 1811 4271 1901 magis
4310 1810 4426 1900 qui

2887 1941 3004 1986 eos
3038 1920 3472 2010 prostituunt,
3506 1921 3603 1986 eis
3649 1919 4020 2003 abutendo,
4052 1919 4425 1986 secundum

2887 2027 3053 2096 illud
3088 2027 3264 2106 Joel,
3299 2051 3393 2110 ιιι,
3430 2029 3469 2095 3
3528 2051 3543 2095 :
3605 2032 3997 2096 Posuerunt
4025 2050 4323 2120 puerum
4354 2030 4425 2095 in

2880 2135 3289 2227 prostibula,
3330 2146 3395 2202 et
3440 2136 3758 2227 puellam
3805 2136 4255 2204 vendiderunt
4293 2159 4423 2226 pro

2888 2243 3064 2319 vine,
3102 2251 3179 2309 ut
3206 2242 3527 2310 biberent.
3565 2243 3767 2311 lnitia
3798 2251 4231 2333 peecatorum
4263 2250 4422 2309 sunt

2884 2346 3050 2429 haec,
3096 2352 3233 2418 imo
3291 2352 3465 2419 sicut
3519 2351 3690 2420 dixit
3748 2351 4108 2433 Dumium,
4166 2349 4410 2419 Matth.

2882 2478 3067 2536 xxw,
3103 2459 3143 2526 8
3188 2479 3204 2526 t
3248 2460 3461 2527 Initia
3495 2470 3661 2527 sunt
3697 2460 4045 2527 dotorum.

2970 2808 3000 2838 ιι
3065 2781 3157 2845 Et
3209 2783 3393 2843 stetit
3452 2779 3762 2846 l’leinees.
3828 2802 3861 2843 ιι
3924 2777 4047 2845 llic
4116 2780 4414 2845 tertium.

2873 2886 3076 2954 'l'acta
3124 2886 3304 2952 enim
3354 2885 3630 2953 illorum
3677 2884 3903 2975 eulpa,
3956 2895 4287 2978 quantum
4336 2884 4420 2951 ad

2878 2995 3343 3064 infidelitatem
3388 2995 3712 3064 bonitatis
3743 2995 4016 3073 divinae,
4078 3005 4151 3063 ut
4181 3005 4280 3063 est
4304 2997 4415 3085 ju-

2872 3101 3150 3185 stitia,et
3185 3101 3537 3192 supposita
3564 3098 3838 3169 illorum
3883 3124 4108 3194 poena‚
4133 3101 4426 3189 subjun-

2872 3211 3055 3300 gitur
3084 3208 3192 3277 hic
3247 3211 3591 3301 punientis
3639 3210 3932 3302 placatio
3981 3233 4101 3303 per
4130 3211 4422 3279 l'lninees

2873 3318 3042 3385 sacta
3089 3339 3105 3384 z
3147 3325 3212 3385 et
3260 3316 3578 3384 dicuntur
3622 3316 3788 3388 due.
3835 3317 4095 3395 Primo,
4130 3317 4419 3409 placatio

2809 3416 2816 3423 ’
2874 3425 3174 3493 Domini.
3220 3422 3561 3506 Secundo,
3595 3425 3744 3513 ejus
3779 3447 3904 3516 per
3950 3448 4154 3517 quem
4195 3425 4418 3517 placa-

2871 3539 2982 3597 tus
3019 3537 3116 3596 est
3193 3530 3679 3607 remunerati0,
3731 3528 3851 3608 ibi,
3879 3537 3960 3607 s.
4020 3530 4096 3597 31
4171 3552 4187 3599 ε
4247 3556 4279 3596 «
4328 3533 4421 3599 Et

2872 3629 3267 3729 reputatam
3292 3644 3412 3703 est.
3460 3661 3494 3701 ι

2965 3744 3038 3811 ln
3067 3745 3286 3834 prima
3324 3743 3475 3811 tria.
3515 3742 3774 3825 Primo,
3818 3741 4151 3835 placantis
4189 3747 4421 3815 condi·

2873 3855 2992 3929 tio.
3037 3876 3158 3944 per
3184 3874 3390 3943 quam
3440 3850 3733 3943 placavit
3774 3851 4020 3921 Deum.
4073 3852 4417 3939 Secundo,

2877 3961 2996 4029 l)ei
3026 3958 3495 4050 placatio‚‚ibi,
3531 3987 3566 4024 ιι
3607 3962 3707 4029 ΕΙ
3726 3962 4058 4052 placavit.
4098 3987 4131 4026 ι
4162 3962 4416 4040 Tertia.

2873 4066 3156 4136 cessatio
3211 4090 3253 4134 a
3290 4089 3490 4158 poena
3543 4074 3701 4158 post
3753 4064 4235 4158 placationem,
4294 4070 4411 4150 ibi,

2876 4205 2909 4238 ι(
2941 4177 3036 4243 Et
3070 4176 3374 4245 cessavit.
3423 4201 3456 4240 ι

2960 4283 3137 4353 Dicit
3183 4305 3347 4373 ergo
3408 4304 3426 4352 ε
3492 4281 3607 4351 Sic
3662 4295 4140 4375 peccaverunt,
4202 4294 4267 4354 et
4323 4289 4419 4355 sic

2875 4390 3264 4460 affectisunt
3289 4413 3305 4457 ε
3333 4417 3367 4456 α
3400 4400 3465 4460 et
3488 4417 3521 4456 ι
3555 4400 3720 4459 tunc
3750 4418 3784 4457 α
3820 4392 4109 4461 Phinces
4134 4396 4345 4473 stetit,
4382 4423 4417 4459 n

2874 4501 3251 4569 constantia
3292 4501 3539 4569 mentis
3575 4509 3645 4568 et
3690 4503 3942 4571 virtute
3996 4513 4233 4573 contra
4276 4505 4424 4575 for-

2874 4609 3199 4676 nicantes.
3244 4606 3528 4675 Numer.
3555 4629 3719 4693 xxv,
3744 4610 3783 4678 7
3816 4618 3884 4677 et
3912 4611 3953 4677 8
3990 4634 4007 4679 ε
4037 4613 4242 4697 Quod
4263 4637 4419 4681 cum

2877 4715 3152 4783 vidisset
3183 4716 3490 4799 Phineas,
3511 4714 3714 4805 filias
3740 4718 4094 4796 Eleasari,
4118 4719 4263 4808 filii
4288 4726 4426 4789 Aa·

2877 4848 3000 4893 ron
3022 4824 3419 4904 sacerdotis,
3457 4827 3763 4895 surrexit
3799 4826 3884 4894 de
3911 4827 4135 4897 medio
4174 4829 4428 4898 ›nutti-

2879 4933 3142 5001 tudinis
3170 4941 3280 5000 :et
3332 4943 3608 5025 arrepto
3642 4935 4060 5026 pnqione,...
4115 4938 4428 5028 perfodit

2878 5038 3112 5108 ambos
3134 5039 3458 5119 simul‚...
3503 5042 3576 5109 in
3607 5039 3776 5109 Iocis
3799 5041 4245 5132 qenitalibus.

2971 5173 3005 5211 ι
3023 5148 3119 5215 Et
3131 5145 3467 5238 placavit,
3486 5174 3523 5211 ιι
3544 5147 3814 5239 supple,
3837 5146 4089 5229 Deum,
4106 5174 4227 5242 per
4243 5149 4428 5221 hunc

2881 5253 3187 5323 modum.
3233 5253 3453 5337 Unde,
3529 5255 3600 5322 in
3656 5253 3927 5339 eodem,
3968 5265 4034 5335 γ.
4084 5259 4155 5326 11
4198 5260 4428 5328 :Plei-

2880 5385 3115 5434 nees...
3152 5363 3394 5431 avertit
3425 5363 3601 5431 iram
3640 5385 3865 5431 meam
3894 5388 3939 5433 a
3964 5364 4141 5455 filiis
4176 5366 4422 5446 Israel,

2881 5471 3051 5564 quia
3097 5471 3244 5539 zelo
3272 5492 3419 5540 meo
3458 5482 3837 5541 commotus
3863 5483 3962 5541 est
3996 5485 4233 5543 contra
4288 5498 4423 5542 eos.

2958 5705 2979 5741 ²
3008 5705 3090 5761 cf.
3126 5706 3325 5763 naith.
3358 5723 3476 5771 xm,
3508 5708 3597 5763 22.

4460 1370 4574 1402 omn
4576 1369 4785 1414 e-mcca

4564 1418 4680 1457 mm.

4541 2810 4671 2877 80
