5008 6329
1342 810 1609 1026 D.
1722 806 3031 1029 ALBERTI
3132 799 4181 1059 MAGNI,

1157 1229 2106 1346 RA'HSBONENSIS
2167 1227 3281 1355 EPISCOP1,0RDINIS
3346 1229 4356 1356 PRAEDfflATostUM,

2348 1570 2794 1667 TERTIA
2867 1570 3176 1667 PARS

1152 1888 3089 2058 COMMENTARIORUM
3164 1891 3376 2055 IN
3432 1891 4358 2060 PSALMOS

2451 2238 3056 2362 (CI-CL).

2404 2980 2867 3056 PSALMUS
2952 2980 3080 3054 CI.

1145 3291 1382 3361 Gemit
1423 3290 1512 3362 de
1546 3290 1714 3361 vitae
1752 3286 2076 3360 miseriis
2112 3286 2590 3372 ,·consolatur
2642 3285 3106 3358 considerans
3143 3284 3797 3356 immutabilitatem
3838 3284 3976 3356 Dei
4016 3296 4083 3354 et
4142 3283 4364 3354 eccle-

1106 3390 1115 3398 ’
2354 3393 2486 3465 sioe
2535 3418 2743 3489 quam
2776 3391 3158 3486 fundavit.

1195 3760 1252 3808 ι.
1289 3735 1550 3808 Oratio
1557 3735 1936 3830 pauperis.
1966 3757 2125 3805 cum
2155 3734 2425 3805 anxius
2444 3732 2702 3822 ficet-it,
2862 3758 2929 3826 7.
2974 3730 3254 3807 Similis
3304 3732 3533 3804 factus
3571 3753 3736 3804 sum
3780 3731 4132 3824 pellicano
4191 3732 4360 3804 soli·

1408 3852 1479 3913 et
1508 3841 1583 3913 in
1619 3853 1992 3936 conspectu
2032 3840 2332 3913 Domini
2366 3839 2704 3936 effuderit
3081 3840 3404 3913 tudinis:
3435 3840 3666 3912 sactus
3694 3861 3862 3912 sum
3891 3839 4077 3911 sicut
4140 3840 4364 3934 nycti-

1392 3971 1679 4044 precem
1704 3971 1937 4021 suam.
3080 3969 3293 4022 corax
3319 3945 3396 4019 in
3420 3944 3819 4020 domicilio.

1183 4082 1251 4131 2.
1297 4058 1636 4142 Domine,
1686 4055 1945 4129 exaudi
1984 4055 2393 4129 orationem
2437 4078 2700 4137 meam.
2856 4059 2927 4131 8.
2978 4054 3317 4151 vigilavi.
3365 4071 3435 4126 et
3465 4054 3693 4126 factus
3729 4076 3896 4126 sum
3944 4054 4130 4127 sicut
4191 4078 4363 4150 pas·

1404 4182 1477 4238 et
1503 4164 1783 4237 clamor
1819 4185 2033 4236 meus
2063 4161 2154 4233 ad
2197 4181 2267 4235 te
2299 4161 2565 4234 veniat.
3080 4184 3197 4234 ser
3224 4160 3592 4233 solitarius
3621 4160 3696 4232 in
3728 4179 3941 4233 tecto.

1184 4274 1249 4345 3.
1299 4274 1469 4345 Non
1499 4287 1780 4342 avertas
1816 4268 2079 4341 faeiem
2099 4285 2306 4341 tuam
2351 4291 2393 4340 ι
2423 4290 2584 4341 me:
2626 4267 2702 4340 in
2856 4295 2929 4367 9.
2977 4270 3167 4343 Tota
3196 4267 3313 4342 die
3341 4267 3868 4364 exprobrabant
3899 4268 4080 4343 mihi
4117 4269 4364 4343 inimi·

1196 4369 1205 4379 ’
1401 4399 1868 4474 quacumque
1897 4377 2019 4450 die
2058 4376 2400 4460 tribulor,
2436 4376 2703 4449 inclina
3080 4376 3145 4450 ci
3199 4376 3376 4465 mei,
3460 4394 3529 4449 et
3587 4376 3713 4470 qui
3789 4376 4184 4450 laudabant
4244 4400 4359 4450 me

1399 4485 1492 4556 ed
1539 4507 1656 4558 me
1694 4505 1947 4557 aurem
1986 4502 2225 4556 tuam:
3078 4485 3464 4558 adversum
3494 4505 3610 4556 me
3645 4483 3978 4576 jurabant
4020 4504 4039 4556 ε

1313 4596 1401 4667 ln
1445 4615 1911 4689 quecumque
1961 4591 2083 4664 die
2130 4591 2562 4665 invocavero
2601 4611 2697 4674 te.
2823 4619 2932 4667 ιο.
2983 4590 3180 4686 Quia
3266 4589 3582 4664 cinerem
3654 4608 4027 4684 tamquam
4096 4613 4365 4685 panem

1403 4701 1751 4774 velociter
1788 4701 2223 4773 exaudime.
3079 4696 3633 4778 manducabam.
3683 4715 3753 4769 et
3798 4716 4056 4791 potum
4103 4720 4357 4773 meum

1173 4836 1245 4902 4.
1288 4809 1486 4904 Quia
1531 4808 1950 4882 defecerunt
1998 4807 2189 4880 sicut
2235 4807 2485 4880 sumus
2535 4807 2692 4879 dies
3073 4827 3244 4879 cum
3274 4806 3446 4878 fletu
3483 4804 3906 4879 miscebam:

1396 4916 1572 5003 mei,
1624 4934 1695 4988 et
1715 4936 1882 4988 ossa
1914 4938 2078 4987 mea
2118 4916 2310 4988 sicut
2337 4913 2693 4988 cremium
2814 4940 2923 4990 ιι.
2970 4915 3040 4986 Α
3075 4912 3256 4987 facie
3308 4912 3434 4987 irae
3470 4932 3540 4986 et
3581 4911 4107 5009 indignationis
4187 4933 4359 5001 tute,

1397 5039 1772 5097 aruerunt.
3073 5020 3244 5116 quia
3282 5022 3572 5092 elevans
3597 5020 3884 5093 allisisti
3935 5043 4079 5094 me.

1176 5140 1244 5208 5.
1289 5135 1695 5207 Percussus
1734 5154 1903 5204 sum
1944 5148 2026 5204 ut
2063 5132 2375 5213 foenum,
2408 5149 2480 5206 et
2509 5130 2699 5208 aruit
2819 5152 2929 5203 ια.
2983 5126 3155 5200 Dies
3209 5127 3354 5201 mei
3400 5126 3587 5200 sicut
3636 5126 3894 5200 umbra
3939 5128 4358 5202 declinave-

1402 5261 1531 5312 cor
1575 5260 1854 5325 meum,
1926 5237 2102 5332 quia
2173 5238 2450 5312 oblitus
2534 5260 2701 5309 sum
3080 5255 3276 5322 runt,
3334 5254 3405 5309 et
3441 5258 3575 5331 ego
3618 5235 3806 5308 sicut
3844 5235 4124 5308 soenum
4164 5238 4353 5309 arui.

1395 5335 1784 5418 'comedere
1816 5367 2083 5440 panem
2112 5367 2363 5417 meum
2390 5397 2406 5413 .
2824 5345 2934 5418 13.
2982 5344 3099 5415 Tu
3121 5341 3818 5430 autem‚Domine‚in
3839 5347 4365 5439 aeternumfper·

1174 5455 1243 5527 6.
1279 5455 1342 5525 A
1410 5474 1585 5525 voce
1654 5454 1975 5545 gemitus
2019 5453 2164 5524 mei
2243 5452 2550 5525 adhoesit
2623 5475 2708 5524 os
3084 5474 3362 5530 manes.
3439 5467 3509 5521 et
3565 5449 3985 5523 memoriale
4032 5469 4244 5523 tuum
4287 5451 4358 5522 in

1394 5582 1640 5633 meum
1672 5560 1870 5632 carni
1905 5582 2109 5631 mcae.
3089 5556 3626 5654 generationem
3665 5577 3733 5629 et
3794 5558 4358 5651 generationem.

1421 5712 1536 5754 xvu
4049 5698 4067 5751 Ι
