5008 6329
428 3280 559 3346 25

705 298 834 364 254

702 480 815 539 tur
861 473 1023 541 duo,
1058 472 1315 548 Primo,
1371 468 1632 558 petitio.
1698 468 2041 548 Secund0,
2104 491 2262 559 per-

705 584 932 649 suasio
964 603 1154 649 more
1183 601 1333 656 suo,
1377 577 1495 656 ibi,
1531 586 1593 655 5.
1632 579 1715 646 30
1752 600 1767 644 ε
1806 602 1840 643 α
1897 578 2090 644 Viam
2150 600 2258 643 vc·

706 692 956 758 ritatis.
1005 714 1038 754 ιο

792 799 869 864 ln
908 797 1127 887 prima
1166 794 1483 863 dicuntur
1536 796 1694 862 du0.
1767 793 2027 869 Primo,
2090 791 2262 881 petit

705 902 1078 970 remedium
1111 908 1346 970 contra
1376 921 1653 968 causam
1693 896 1933 988 culpae‚
1978 905 2045 965 et
2093 898 2259 964 reci-

703 1013 865 1080 divi.
914 1011 1253 1090 Secundo,
1298 1007 1837 1097 contra‘culpam
1888 1008 2134 1097 ipsam,
2180 1014 2257 1072 ut

702 1118 905 1210 longe
953 1125 1375 1199 amoveatur,
1438 1115 1555 1193 ibi,
1628 1122 1693 1190 5.
1746 1115 1831 1181 29
1868 1135 1882 1179 ε
1950 1139 1983 1178 α
2058 1113 2254 1180 Viam

702 1229 1116 1318 iniquitati&
1156 1252 1188 1291 ι

788 1335 865 1402 In
896 1336 1117 1425 prima
1147 1331 1308 1400 duo.
1344 1331 1604 1412 Primo,
1636 1330 1805 1420 petit
1844 1337 2084 1398 contra
2122 1350 2255 1395 an-

697 1443 957 1532 tiquam
988 1439 1549 1508 consuetudinem
1589 1437 1842 1505 malam
1886 1434 2248 1504 auxilium.

698 1546 1038 1626 Secunde,
1080 1555 1318 1615 contra
1341 1546 1615 1614 taedium
1647 1544 1993 1635 quoddam
2025 1565 2110 1611 ex
2136 1542 2253 1609 illa

694 1668 1120 1751 generatum,
1154 1658 1274 1740 ibi,
1305 1666 1369 1736 5.
1405 1659 1489 1725 28
1525 1679 1539 1723 :
1594 1686 1623 1718 α
1655 1656 2084 1724 Dormitavit
2103 1656 2255 1721 ani·

697 1790 813 1835 ma
843 1790 1019 1835 mea.
1068 1792 1102 1831 ι

785 1876 863 1945 In
926 1877 1146 1968 prima
1215 1876 1370 1942 tria.
1441 1873 1702 1954 Primo,
1780 1872 1949 1963 petit
2014 1877 2251 1937 contra

694 2009 975 2079 pravam
1013 1983 1574 2054 consuetudinem
1614 1981 2070 2051 retrahentem
2101 2001 2252 2070 gra-

693 2096 881 2163 tiam.
922 2093 1262 2177 Secundo,
1296 2091 1798 2160 illuminantem
1832 2089 1901 2156 in
1932 2087 2242 2179 agendis,

694 2204 812 2289 ibi,
848 2204 916 2271 in
946 2203 1170 2296 medio
1207 2210 1272 2280 5.
1317 2202 1402 2269 26
1446 2224 1462 2268 :
1518 2229 1548 2265 α
1583 2203 1760 2268 Doce
1800 2221 1929 2266 me.
1996 2221 2029 2263 ι
2089 2195 2244 2266 Ter·

692 2314 811 2391 tio,
880 2312 1286 2404 dirigentem
1334 2312 1405 2379 in
1474 2310 1711 2379 ordine
1786 2307 2240 2400 agendorum,

694 2420 813 2502 ihi,
853 2429 918 2499 5.
979 2421 1062 2488 27
1098 2443 1115 2487 :
1188 2447 1222 2482 κ
1294 2420 1486 2486 Viam
1539 2417 2165 2507 justificationum.
2207 2440 2239 2477 ιο

776 2527 974 2609 Item,
1007 2528 1075 2594 in
1114 2528 1334 2616 prima
1380 2525 1697 2593 dicuntur
1739 2524 1892 2590 tria.
1972 2522 2238 2600 Primo,

684 2633 1062 2704 ostenditur
1097 2634 1462 2702 necessitas
1481 2630 1850 2723 petitionis.
1888 2628 2237 2709 SecundO,

684 2742 957 2835 petitur,
991 2739 1110 2826 ibi,
1145 2741 1213 2808 in
1245 2739 1467 2808 medio
1496 2745 1560 2815 5.
1596 2740 1681 2808 25
1720 2761 1735 2805 :
1773 2763 1807 2804 α
1854 2736 2161 2826 Vivifica.
2200 2764 2233 2797 »

680 2852 934 2933 Tertio,
976 2856 1396 2919 monstratur
1422 2846 1854 2938 ssconfidentia
1911 2846 2236 2939 potentis,

683 2959 801 3039 ibi,
841 2966 906 3036 5.
941 2959 1028 3026 26
1070 2981 1086 3025 :
1133 2983 1168 3024 ι
1214 2957 1370 3027 Vias
1404 2979 1612 3025 meas.
1661 2980 1694 3022 n

775 3277 955 3347 Dicit
981 3276 1161 3347 enim
1187 3300 1206 3348 z
1232 3274 1374 3360 Sic,
1393 3274 1711 3358 Domine,
1734 3278 1895 3368 petii
1917 3276 2235 3346 velamen

685 3386 1015 3467 amoveri,
1075 3392 1142 3453 et
1191 3393 1431 3454 contra
1475 3384 1793 3454 exsilium
1860 3382 2231 3466 consolari,

680 3501 747 3561 et
783 3491 1176 3584 coadjuvari
1223 3499 1459 3559 contra
1494 3490 1728 3559 hostes
1778 3511 1795 3560 ε
1848 3488 1994 3571 sed,
2052 3488 2227 3559 heu!

675 3597 885 3665 timor
911 3596 1211 3666 concutit
1256 3618 1393 3678 me,
1436 3596 1598 3688 quia
1626 3625 1659 3659 «
1697 3597 1937 3666 anima
1966 3619 2146 3680 mea,
2193 3621 2227 3662 ι

674 3705 759 3773 ad
790 3707 1160 3798 imaginem
1199 3710 1388 3773 tuam
1417 3703 1617 3790 facta,
1644 3729 1678 3770 α
1714 3705 2003 3773 adhesit
2018 3707 2233 3798 pavi-

672 3823 922 3898 mento,
976 3836 1009 3878 ι
1041 3810 1310 3904 corpori
1338 3833 1490 3896 suo,
1523 3811 1709 3904 quod
1739 3820 1841 3880 est
1881 3818 2061 3881 terra
2089 3812 2230 3882 sic-

669 3927 744 3987 ut
775 3917 1267 4009 pavimentum.
1303 3913 1549 3985 Genes.
1597 3939 1669 3996 11,
1711 3918 1754 3985 7
1791 3938 1807 3987 :
1864 3918 2230 3987 For-mavit

671 4028 889 4118 iqitur
946 4026 1283 4096 Dominus
1331 4028 1516 4094 Deus
1566 4025 1938 4108 hominem,
2000 4049 2228 4120 quan-

668 4142 816 4202 tum
855 4132 942 4201 ad
988 4154 1259 4225 corpus,
1311 4131 1398 4201 de
1446 4132 1614 4200 limo
1663 4140 1861 4201 terrae
1898 4155 1921 4201 .·
1965 4140 2033 4201 et
2078 4141 2224 4201 tam

667 4242 1128 4336 pulchrum,et
1147 4243 1471 4312 varietate
1490 4265 1821 4311 sensuum
1842 4242 2216 4334 depictum,

667 4350 777 4420 hic
813 4348 1018 4430 oculi,
1054 4349 1142 4418 ibi
1172 4373 1395 4434 aures,
1439 4349 1532 4418 ibi
1562 4372 1794 4429 nasus,
1829 4358 1897 4418 et
1924 4373 2004 4420 os
2060 4349 2220 4419 sub·

665 4464 804 4526 tus.
862 4455 1044 4525 llinc
1074 4455 1325 4526 dicitur
1362 4455 1434 4524 in
1482 4453 1667 4525 Psal.
1727 4478 1911 4537 xnv,
1964 4458 2074 4539 ¹⁰,
2134 4456 2219 4526 de

663 4564 861 4635 beata
897 4566 1178 4634 anima:
1221 4563 1511 4635 Adstitit
1554 4564 1797 4656 reqina
1844 4589 1889 4633 a
1955 4564 2220 4634 dez-tris

660 4675 800 4742 tuis
828 4673 900 4741 in
937 4673 1182 4740 vestitu
1219 4671 1579 4752 deaurato,
1613 4680 1947 4765 quantum
1979 4671 2067 4742 ad
2107 4674 2218 4741 in·

657 4782 977 4851 teriorem
1005 4782 1335 4848 virtutum
1368 4778 1948 4872 pulchritudinem
1993 4804 2011 4850 ;
2070 4782 2216 4850 cir-

656 4888 984 4959 cumdata
1021 4887 1371 4967 varietate,
1424 4909 1708 4981 corpore
1761 4888 2038 4981 proprio
2096 4911 2217 4958 va·

657 4994 1011 5065 rietatibus
1067 4993 1537 5064 membrorum
1594 4992 1934 5088 insculpto
1979 5002 2050 5066 et
2105 4996 2210 5088 pi·

655 5108 920 5171 cturato
954 5123 972 5170 ε
1006 5107 1073 5169 et
1100 5098 1548 5170 nihilominus
1575 5098 2122 5171 couculcandum
2143 5109 2212 5171 et

653 5208 1224 5303 suppeditandum
1253 5210 1428 5279 sicut
1468 5208 1971 5301 pavimentum,
2032 5212 2211 5281 sicut

653 5315 999 5400 Paulus,l
1056 5316 1141 5385 ad
1187 5314 1495 5387 Corinth.
1556 5340 1652 5401 ix,
1712 5317 1852 5388 27:
1925 5318 2207 5410 Castiqo

651 5445 897 5517 corpus
925 5445 1178 5505 meum,
1229 5433 1295 5493 et
1351 5424 1424 5493 in
1482 5423 1878 5494 servitutem
1937 5425 2203 5518 rediqo.

730 5638 749 5678 ¹
781 5635 871 5698 Cf.
897 5636 1096 5712 ἔσσυο,
1126 5650 1169 5711 1,
1188 5638 1245 5696 3.

1691 298 1775 366 D.
1828 297 2029 367 ΑΕΒ.
2083 296 2304 367 MAG.
2359 297 2562 368 ORD.
2617 301 2912 368 PRAED.

2367 469 2571 537 Nulla
2601 472 2819 559 major
2882 472 3169 540 servitus
3245 494 3450 561 quam
3509 470 3904 560 pavimenti,

2366 577 2551 666 quod
2570 578 2655 645 ab
2686 578 3002 646 omnibus
3033 581 3429 669 conspuitur
3458 585 3525 646 et
3555 577 3909 645 conculca·
3937 583 3942 589 '

2364 693 2497 753 tur.
2532 686 2684 768 Vel,
2736 689 3202 777 pavimentum
3261 695 3438 768 terra
3505 684 3905 775 appellatur,

2363 793 2535 860 sicut
2574 794 2722 861 vult
2787 794 3054 874 Glossa,
3106 797 3266 885 quia
3341 797 3409 861 in
3477 816 3727 884 magna
3785 793 3908 859 Dei

2364 901 2597 986 dom0,
2632 925 2781 992 quae
2819 905 3112 971 mundus
3142 911 3269 982 est,
3303 903 3549 971 coelum
3582 912 3683 969 est
3737 902 3909 969 sicut

2362 1031 2655 1091 camera,
2688 1032 2808 1077 seu
2847 1018 3040 1089 testa,
3101 1021 3278 1078 terra
3335 1011 3510 1079 sicut
3550 1012 3909 1099 pavimen-

2361 1122 2534 1200 tum,
2565 1116 2812 1184 ssorum
2862 1125 2928 1184 et
2971 1115 3334 1185 herbarum
3404 1115 3907 1184 diversitatibus

2358 1223 2718 1312 picturata,
2762 1232 2827 1292 et
2856 1223 2940 1290 ab
2978 1223 3369 1292 hominibus
3427 1223 3768 1291 calcanda.

2450 1329 2713 1412 Primo,
2748 1334 3137 1422 pavimento
3167 1331 3467 1400 adhaeret
3504 1331 3733 1399 anima
3787 1353 3910 1421 per

2357 1434 2723 1504 luxuriam.
2770 1436 3108 1515 Secundo,
3143 1461 3263 1528 per
3320 1437 3704 1504 avaritiam.
3779 1436 3909 1502 Su-

2357 1565 2502 1633 pra,
2545 1545 2615 1611 in
2655 1545 2833 1613 Psal.
2868 1568 3049 1623 xmu,
3084 1548 3168 1614 25
3201 1567 3217 1612 ε
3269 1544 3576 1613 Adhaesit
3625 1545 3696 1610 in
3731 1543 3908 1637 pul-

2358 1672 2509 1718 vere
2536 1653 2771 1719 anima
2816 1661 3074 1731 nostra,
3127 1651 3648 1742 conqlutinatus
3697 1660 3796 1717 est
3833 1651 3904 1718 in

2357 1767 2541 1824 terra
2569 1767 2796 1825 venter
2823 1768 3068 1825 noster.
3107 1756 3243 1825 Sed
3274 1756 3494 1847 magis
3531 1762 3707 1825 esset
3734 1778 3906 1824 con-

2354 1864 2683 1933 culcanda
2713 1873 2786 1932 ut
2812 1866 3142 1934 veraciter
3169 1863 3557 1932 haberetur.
3620 1862 3899 1932 Deuter.

2357 1994 2452 2053 xi,
2484 1974 2613 2042 24:
2650 1973 2887 2042 Omnis
2920 1973 3106 2041 locus
3144 1995 3345 2064 quem
3384 1971 3753 2040 calcaverit
3781 1995 3904 2063 pcs

2352 2091 2588 2168 vester,
2620 2094 2832 2151 vester
2866 2084 2995 2150 erit
3043 2084 3088 2150 ¹.
3154 2081 3268 2149 Sic
3324 2079 3611 2149 adhaesit
3675 2083 3903 2150 anima

2353 2212 2530 2269 mea,
2564 2190 2743 2259 unde
2780 2213 2986 2281 prava
3025 2189 3540 2270 consuetudine,
3575 2191 3769 2281 quasi
3804 2215 3905 2258 re-

2351 2296 2573 2366 cidivo
2612 2300 2894 2375 morior,
2932 2298 3059 2366 sed

2443 2428 2476 2464 α
2520 2403 2798 2491 Vivifica
2828 2426 2953 2471 me.
2991 2430 3024 2465 n
3081 2402 3250 2471 Ecce
3288 2402 3524 2493 petitio
3558 2424 3574 2471 z
3631 2411 3697 2471 et
3743 2401 3897 2481 hoc,

2353 2534 2388 2575 ι
2417 2510 2789 2578 secundum
2826 2508 3106 2578 verbum
3136 2521 3364 2592 tuum,
3398 2536 3431 2572 n
3465 2509 3651 2601 quod
3703 2510 3894 2586 dicis.

2348 2615 2679 2685 Ezechiel.
2713 2640 2947 2696 xxxin,
2987 2620 3058 2685 ll
3091 2640 3107 2685 ι
3141 2618 3321 2687 Nolo
3352 2627 3638 2686 mortem
3669 2619 3893 2709 impii,

2343 2724 2466 2791 sed
2491 2735 2568 2792 ut
2604 2734 3036 2793 convertatur
3075 2725 3330 2817 impius
3355 2747 3399 2793 a
3449 2726 3566 2792 via
3617 2748 3773 2802 saa,
3832 2734 3896 2792 et

2345 2832 2557 2902 vivat.
2599 2831 2752 2911 Vel,
2790 2861 2821 2895 «
2861 2831 3233 2901 secandum
3276 2830 3556 2900 verbum
3596 2844 3818 2906 tuam.
3859 2858 3890 2894 n

2344 2936 2414 3006 id
2452 2945 2581 3021 est,
2610 2960 2732 3029 per
2757 2937 3042 3007 verbum
3092 2945 3315 3019 tuum,
3359 2946 3427 3006 et
3483 2938 3859 3007 doctrinam
3873 3002 3890 3034 ‚

2344 3044 2532 3136 quod
2559 3053 2664 3114 est
2689 3045 2934 3114 animae
2969 3046 3134 3127 vita,
3184 3052 3251 3114 et
3316 3043 3619 3137 quotidie
3675 3045 3892 3137 ipsam

2343 3151 2597 3245 pluset
2616 3150 2770 3245 plus
2799 3160 3160 3245 promovet
3188 3153 3257 3221 in
3302 3152 3467 3223 vita.
3518 3150 3761 3221 matth.
3796 3176 3888 3233 iv,

2343 3260 2384 3327 4
2426 3262 2633 3331 :Non
2665 3261 2735 3330 in
2760 3261 2909 3330 solo
2930 3284 3115 3352 pane
3140 3262 3310 3329 vivit
3360 3260 3593 3338 homo,
3650 3258 3773 3327 scd
3822 3261 3890 3327 in

2341 3366 2533 3433 omrai
2560 3363 2780 3440 verbo,
2823 3373 2953 3434 etc.
2982 3362 3032 3430 ³.
3067 3363 3224 3445 Vel,
3258 3363 3339 3433 de
3369 3362 3600 3432 Verbo
3631 3364 3894 3431 increa-

2340 3478 2464 3541 to:
2577 3472 2853 3562 Vivifica
2943 3494 3052 3539 me
3152 3471 3526 3541 secundam
3615 3470 3888 3538 verbum

2339 3588 2563 3659 taum,
2600 3603 2636 3646 ι
2670 3576 2741 3646 id
2803 3584 2928 3654 est.
2988 3600 3110 3668 per
3154 3576 3461 3646 Verbum
3516 3579 3888 3645 increatum

2338 3693 2559 3763 tuum,
2612 3683 2798 3778 quod
2869 3692 2972 3752 est
3033 3684 3204 3768 vita,
3273 3684 3477 3754 Joan.
3549 3707 3689 3764 xiv,
3756 3684 3886 3781 ¹43

2337 3794 2492 3883 qu
2525 3814 2683 3861 sum
2711 3791 2851 3870 via,
2881 3800 2948 3859 et
2983 3792 3256 3869 veritas.
3288 3799 3354 3859 et
3389 3792 3558 3861 vita.
3600 3790 3683 3859 Et
3712 3791 3892 3859 vivi·

2335 3899 2493 3968 licat
2547 3920 2718 3990 quos
2773 3896 2948 3978 vult,
3002 3897 3205 3967 Joan.
3275 3921 3344 3977 v.
3414 3900 3491 3967 21
3547 3921 3564 3967 ε
3622 3898 3882 3982 Filius,

2334 4027 2504 4098 quos
2542 4004 2718 4087 vult,
2771 4004 3102 4095 vivificat.

2421 4390 2456 4431 ι
2501 4364 2658 4433 Vias
2681 4385 2890 4432 meas.
2935 4387 2971 4430 ι
3012 4362 3184 4432 Ecce
3210 4363 3512 4433 tertium.
3538 4363 3748 4444 Quasi
3778 4365 3880 4434 di·

2324 4479 2508 4541 ceret
2540 4492 2562 4541 ε
2594 4469 2673 4539 ln
2707 4468 3251 4557 talittatnmm,
3303 4472 3498 4541 etsie
3563 4479 3748 4564 peto.
3808 4481 3876 4542 et

2322 4575 2596 4647 confido
2628 4575 2815 4667 quod
2851 4576 2950 4645 sle
2971 4574 3089 4645 fiet
3116 4596 3136 4643 ε
3168 4575 3332 4668 quia
3386 4601 3425 4643 ι
3459 4577 3868 4648 viasmeas·

2321 4684 2567 4770 malas,
2622 4691 2897 4776 peccata
2949 4682 3231 4765 scilicet,
3315 4693 3385 4753 et
3448 4683 3870 4778 iniquitates,

2324 4816 2359 4857 ι
2391 4790 2772 4868 enuntiavi,
2816 4813 2854 4857 ι
2887 4797 3076 4859 extra
3112 4790 3422 4859 nuntiavi
3452 4792 3866 4872 confitendo,

2333 4924 2364 4963 ι
2385 4907 2452 4967 et
2486 4896 2838 4966 exaudisti
2861 4919 2992 4977 me,
3032 4890 3076 4958 ω’
3103 4896 3537 4983 dimittendo,
3580 4899 3871 4991 implens

2317 5001 2488 5073 illud
2518 5002 2650 5073 Isa.
2694 5024 2880 5088 mu,
2909 5003 3038 5071 26:
3070 5004 3331 5090 Narra,
3358 5005 3426 5073 si
3442 5005 3621 5097 quid
3633 5005 3865 5089 habes,

2318 5119 2398 5179 ut
2410 5108 2845 5201 justificeris.
2883 5107 3041 5177 Alia
3074 5107 3297 5179 littera
3334 5108 3545 5180 habet
3580 5133 3600 5179 :
3653 5137 3691 5178 ι
3737 5111 3873 5183 Ex·

2317 5220 2549 5309 posui,
2582 5242 2619 5282 n
2660 5216 2844 5309 quod
2878 5214 3061 5287 idem
3088 5224 3219 5300 est,
3249 5225 3316 5288 et
3360 5219 3690 5310 importat
3742 5244 3869 5312 pa-

2314 5346 2472 5394 rum
2509 5323 2688 5418 plus,
2719 5324 3258 5394 enuntiationem
3303 5324 3562 5395 scilicet
3633 5326 3869 5398 distin·

2314 5441 2525 5515 ctam,
2570 5441 2638 5502 et
2664 5438 2993 5525 apertam,
3049 5439 3118 5504 et
3144 5431 3351 5503 talem
3376 5434 3617 5528 procul
3653 5435 3863 5507 dubio

2386 5643 3107 5721 ²01.neuteron.uu,a.
3192 5672 3256 5681 ··
3349 5674 3390 5685 ‹-
