5008 6329
714 281 842 345 234

705 447 860 515 licet
905 449 1465 530 delectationum,
1529 470 1651 515 seu
1691 449 1898 517 etiam
1949 472 2266 540 persecu-

707 557 969 623 tionum
1004 580 1018 624 :
1062 557 1356 626 Salvum
1397 577 1504 621 me
1538 561 1684 643 fac,
1737 559 1988 648 inquit,
2046 560 2258 640 DeuS,

1701 279 1787 345 D.
1841 279 2041 349 ALB.
2093 278 2309 347 MAG.
2364 277 2570 345 om).
2623 277 2913 346 PRAED.

2375 456 2475 516 est
2500 456 2848 538 tamquam
2878 471 2997 539 per
3027 458 3347 533 actorem,
3383 457 3447 517 et
3477 451 3856 517 Dominum
3886 474 3900 516 :

2374 566 2603 626 tamen
2676 566 2741 625 et
2796 581 2945 637 nOS,
3019 557 3414 626 Sacerdotes
3473 568 3537 626 et
3602 558 3904 642 Praelati,

707 667 1033 754 quoniam
1119 665 1552 731 intraverunt
1648 689 1847 756 aquae
1901 689 2114 755 usque
2170 665 2267 730 ad
2385 691 2412 724 (ι
2473 664 3188 746 benediximus.vobi.5,
3224 693 3255 727 »ι
3312 674 3384 732 ut
3450 667 3769 745 ministri,
3823 689 3906 733 ne

706 774 1014 838 animam
1047 793 1293 837 meam.
1330 772 1415 839 Et
1456 780 1530 839 tu
1562 772 1769 862 hujus
1805 774 1897 839 rei
1948 772 2158 838 habes
2197 778 2264 838 et

705 886 916 946 artem
966 885 1033 944 et
1079 878 1409 946 officium.
1465 879 1493 945 I
1527 880 1611 947 ad
1642 878 1942 946 Timoth.
1982 902 2076 957 ιν,
2124 879 2204 945 10
2239 901 2254 944 :

702 987 1078 1075 Speramus
1126 989 1199 1053 in
1241 990 1467 1054 Deum
1527 988 1788 1063 vivum,
1843 988 1967 1075 qui
2022 987 2262 1053 salva-

704 1106 812 1162 tor
839 1105 935 1162 est
964 1099 1296 1164 omnium.
1335 1096 1488 1163 Act.
1523 1119 1618 1175 w,
1659 1097 1740 1161 12
1776 1116 1790 1162 τ
1828 1097 1984 1163 Non
2041 1106 2140 1164 est
2187 1098 2259 1163 in

705 1202 848 1269 alio
889 1204 1128 1294 aliquo
1156 1203 1378 1270 salus.

790 1311 897 1391 Et,
936 1336 970 1377 α
1004 1335 1041 1378 o
1080 1312 1400 1388 Domine,
1441 1336 1472 1375 »
1526 1319 1895 1402 postquam
1940 1313 2258 1380 salvave-

702 1421 817 1499 ris,
856 1447 890 1483 «
925 1418 1085 1485 bene
1106 1442 1540 1509 prosperare,
1576 1448 1607 1482 u>
1659 1419 1727 1488 id
1767 1429 1894 1504 est,
1938 1420 2140 1501 bene,
2192 1429 2259 1489 et

699 1550 820 1617 per
849 1527 974 1593 iter
1002 1548 1407 1616 prosperum
1440 1528 1546 1596 sac
1577 1552 1686 1597 me
1720 1528 2057 1610 incedere,
2082 1531 2259 1597 sicut

698 1635 914 1702 fecisti
974 1635 1234 1727 Joseph
1318 1659 1356 1703 a
1434 1636 1903 1716 tribulatione,
2004 1636 2251 1704 GeneS.

697 1765 933 1826 xxxix,
968 1745 1008 1809 2
1045 1766 1060 1811 :
1089 1745 1258 1811 Fuit
1305 1745 1654 1812 Dominus
1692 1768 1848 1812 cum
1883 1744 2160 1834 Joseph,
2193 1753 2257 1811 et

697 1860 846 1917 crat
872 1852 978 1918 vir
1009 1852 1079 1917 in
1110 1852 1370 1918 cunctis
1391 1873 1722 1942 prospere
1750 1875 1982 1942 aqenS.
2020 1850 2105 1917 Et
2133 1850 2258 1917 sic-

698 1967 773 2026 ut
838 1957 1218 2038 Ezechiam,
1283 1959 1366 2026 de
1426 1980 1589 2048 quo,
1655 1957 1719 2025 lI
1758 1958 1984 2027 Paral.
2033 1981 2248 2037 xxxn,

698 2070 783 2137 30
817 2088 831 2134 ε
876 2067 1030 2157 lpse
1057 2076 1154 2134 est
1190 2068 1552 2152 Ezechias,
1584 2069 1792 2159 qui...
1829 2069 1903 2135 in
1938 2067 2254 2136 omnibus

696 2176 1010 2269 operibus
1056 2179 1203 2245 suis
1247 2179 1417 2267 lecit
1451 2200 1965 2269 prospereque?
2002 2177 2246 2246 voluit.

698 2286 780 2352 Et
830 2284 958 2353 hoc
1007 2285 1148 2363 tiet,
1202 2285 1365 2376 quia
1404 2308 1638 2375 supra,
1676 2286 1746 2352 in
1796 2284 1980 2353 Psal.
2039 2306 2247 2363 van,

692 2394 828 2460 20:
890 2396 1309 2484 Prosperum
1378 2394 1508 2460 iter
1560 2393 1778 2482 saciet
1831 2393 2027 2461 nobis
2066 2397 2252 2461 Deus

689 2500 1112 2568 salutarium
1142 2511 1563 2568 nostrorum.

794 2858 823 2891 α
855 2826 1282 2896 Benedictus,
1325 2853 1356 2888 »
1393 2823 1522 2894 nic
1553 2823 1960 2907 secundum,
2010 2823 2082 2890 in
2113 2844 2247 2913 quo

698 2934 936 3004 asserit
972 2955 1044 3001 se
1091 2931 1491 3001 exauditum
1537 2952 1553 2998 :
1605 2931 1858 3023 primo,
1917 2929 2248 2998 confitens

695 3067 766 3111 se
806 3041 1141 3109 salvatum
1192 3062 1314 3129 per
1361 3036 1712 3106 Christum
1762 3060 1800 3104 a
1855 3037 1996 3106 Deo
2047 3035 2247 3105 Patre

694 3151 1003 3218 missum.
1058 3144 1407 3228 Secundo,
1439 3168 1564 3237 per
1611 3142 1982 3237 collegium
2040 3144 2248 3212 mini-

690 3269 987 3326 strorum
1018 3255 1190 3344 cjuS,
1223 3253 1345 3332 ibi,
1390 3278 1424 3318 ι
1456 3252 1953 3322 Benedici-imus
1973 3250 2233 3320 vobis.»

782 3364 960 3433 Dicit
1002 3386 1165 3454 ergo
1217 3385 1234 3429 :
1279 3360 1394 3429 Sic
1433 3369 1594 3453 peto
1655 3360 1905 3429 salvari
1945 3382 1985 3429 a
2033 3358 2242 3439 ma10,

689 3484 755 3543 et
804 3474 873 3540 in
933 3471 1119 3540 bono
1167 3469 1479 3560 adjuvari
1524 3491 1542 3536 ε
1603 3477 1673 3537 et
1729 3469 1829 3537 sic
1884 3469 2038 3551 erit,
2086 3469 2248 3560 quia

691 3611 724 3652 ι
771 3583 1153 3652 benedictus
1194 3608 1226 3644 »v
1282 3603 1377 3649 es.
1431 3579 1564 3649 Vel
1611 3582 1762 3649 sic:
1816 3607 1852 3644 α
1889 3579 2029 3666 Qui
2068 3581 2246 3648 venit

688 3696 759 3762 in
789 3694 1062 3762 nominc
1089 3691 1408 3770 Domini,
1445 3717 1478 3755 n
1530 3689 1618 3757 ad
1648 3687 1782 3758 boc
1819 3699 1896 3758 ut
1922 3687 2241 3769 salvaret,

683 3803 770 3872 ad
809 3801 940 3870 hoc
971 3809 1045 3870 ut
1074 3801 1453 3890 adjuvaret.
1488 3797 1727 3868 Matth.
1770 3819 1915 3880 xxx,
1957 3802 1999 3867 9
2053 3821 2070 3867 ε
2121 3799 2249 3867 Be·

681 3910 992 3982 nedictus
1045 3910 1170 4000 qui
1234 3909 1420 3977 venit
1476 3908 1548 3976 iu
1605 3910 1886 3976 nominc
1926 3907 2238 3976 Domini.

680 4017 967 4110 Apocal.
1011 4038 1057 4096 1,
1090 4016 1132 4082 4
1179 4039 1195 4084 :
1255 4015 1397 4101 Qui
1441 4023 1565 4098 cst,
1626 4015 1755 4107 qui
1798 4024 1972 4095 erat,
2010 4023 2077 4083 et
2121 4015 2247 4106 qui

679 4137 1004 4197 venturus
1033 4135 1153 4194 est.
1190 4123 1276 4192 Et
1311 4123 1475 4192 dicit
1518 4144 1534 4189 :
1591 4150 1626 4187 α
1673 4123 1755 4190 ln
1785 4123 2063 4191 nomine
2096 4124 2243 4192 Do-

680 4236 879 4313 mini,
919 4261 949 4297 n
1008 4254 1151 4300 non
1202 4231 1270 4297 in
1320 4252 1448 4298 suo
1495 4228 1778 4322 proprio
1826 4230 2135 4309 nomine,
2170 4230 2239 4297 in

678 4364 817 4435 quo
859 4338 1086 4409 veniet
1123 4334 1663 4406 Anti-Christus.
1720 4335 1926 4405 Joan.
1977 4358 2048 4414 v,
2095 4336 2180 4404 43
2217 4357 2234 4402 ε

677 4452 833 4542 qu
877 4447 1029 4517 veni
1074 4447 1148 4515 in
1192 4445 1472 4514 nomine
1517 4446 1762 4514 Patris
1807 4445 1970 4526 mci,
2002 4454 2068 4513 ct
2103 4467 2238 4512 non

679 4555 1030 4646 accepistis
1057 4576 1164 4621 me
1189 4574 1216 4621 .·
1251 4553 1317 4619 si
1342 4550 1536 4620 alius
1565 4552 1826 4619 venerit
1864 4550 1935 4619 in
1965 4550 2242 4620 nomine

675 4688 830 4747 sue,
859 4661 1207 4755 accipietis
1234 4659 1473 4728 illum.

783 4903 813 4940 ι
871 4872 1365 4944 Benedioeimus
1428 4866 1645 4938 vobis.
1708 4895 1744 4932 n
1804 4868 1934 4937 llic
1987 4889 2240 4936 secun-

676 4987 870 5068 dum,
922 4983 992 5050 in
1042 5002 1181 5073 quo
1228 4975 1601 5047 confitetur
1627 4997 1702 5044 se
1731 4974 2074 5044 salvatum
2113 4995 2237 5066 per

675 5091 1040 5182 collegium
1090 5085 1594 5163 ministrorum,
1637 5081 1969 5151 inducens
2025 5081 2239 5150 mini-

673 5211 853 5272 stros
893 5197 1252 5289 loquentes
1289 5199 1357 5262 et
1386 5191 1692 5260 dicentes
1750 5189 1913 5259 duo.
1969 5188 2231 5270 Primn,

675 5305 863 5402 quod
946 5301 1202 5396 populo
1284 5298 1812 5370 benedixerunt.
1885 5295 2230 5375 Secundn,

674 5414 861 5512 quod
897 5435 1037 5482 non
1078 5409 1483 5480 auctoritate
1533 5430 1685 5487 sua,
1749 5406 1871 5475 sed
1928 5404 2053 5474 Dei
2104 5403 2235 5474 hoc

670 5530 998 5605 recerunt,
1039 5519 1162 5606 ibi,
1187 5526 1253 5597 5.
1298 5517 1384 5585 2'1
1432 5539 1450 5586 ε
1489 5544 1524 5580 α
1557 5518 1751 5584 Deus
1778 5515 2148 5584 Dominus.
2193 5539 2228 5576 n

766 5636 881 5706 Sic
934 5652 1094 5703 vere
1140 5650 1265 5720 per
1315 5624 1758 5711 benedictum
1824 5622 2009 5693 salus
2059 5622 2236 5691 facta

2369 772 2680 840 videatur
2736 775 3145 842 contrarium
3195 774 3376 864 quod
3440 774 3714 852 dicitur,
3756 773 3907 840 Nu-

2373 903 2541 947 mer.
2594 903 2685 959 vr,
2739 882 2822 948 27
2874 881 3341 950 :Invocabunt
3386 904 3629 948 nomen
3677 904 3903 947 meum

2366 1011 2573 1079 super
2591 988 2781 1079 filios
2809 991 3052 1074 Israel,
3086 1001 3147 1057 et
3176 1013 3294 1081 eqo
3326 989 3713 1057 benedicam
3753 990 3847 1055 eis
3880 1012 3902 1054 .·

2368 1106 2672 1165 vestrum
2702 1106 2802 1166 est
2838 1099 3257 1180 auctoritate,
3282 1098 3399 1166 sed
3427 1105 3737 1165 nostrum
3781 1097 3907 1164 mi-

2367 1208 2670 1276 nisterio.
2732 1208 2936 1277 Eccli.
2979 1232 3158 1293 xmv,
3208 1210 3318 1289 25,
3365 1208 3611 1275 dicitur
3649 1207 3731 1274 de
3758 1207 3906 1274 Aa·

2369 1337 2495 1381 ron
2548 1337 2563 1382 :
2613 1316 3157 1384 Benedictionem
3214 1319 3520 1383 omnium
3591 1316 3904 1404 qentium

2368 1421 2556 1489 dedit
2587 1422 2723 1491 illi.

2460 1554 2493 1595 ι
2536 1530 3021 1598 Benedioeimus
3062 1558 3096 1594 ιο
3149 1554 3308 1621 ergo
3343 1558 3375 1594 α
3411 1529 3598 1597 vobis
3645 1530 3729 1596 de
3774 1530 3906 1596 ‹lo-

2366 1661 2475 1705 mo
2509 1640 2813 1718 Domini,
2851 1664 2883 1703 ι)
2927 1637 3394 1720 existentibuS,
3429 1636 3536 1705 vel
3575 1662 3721 1706 esse
3773 1662 3903 1706 vo-

2365 1744 2686 1824 lentibuS,
2746 1746 3000 1815 scilicet
3071 1747 3151 1813 de
3209 1745 3530 1823 Ecclesia,
3601 1745 3683 1813 de
3768 1768 3904 1835 qua

2365 1853 2746 1944 egredietur
2773 1854 2923 1921 fons
2952 1854 3402 1945 baptismam,
3435 1853 3503 1920 in
3536 1875 3671 1943 quo
3703 1875 3902 1919 mun-

2364 1961 2614 2030 dantur
2650 1987 2887 2032 omnes
2917 1971 2983 2032 et
3008 1964 3531 2032 sanctificantur.
3575 1961 3750 2039 Joel,
3798 1985 3896 2045 m,

2369 2070 2500 2137 18:
2543 2073 2726 2139 Fons
2779 2071 2863 2139 de
2915 2072 3115 2139 domo
3163 2072 3448 2139 Domini
3485 2071 3896 2162 eqrcdietur,

2363 2186 2426 2243 et
2456 2177 2777 2268 irriqabit
2806 2188 3166 2247 torrentem
3193 2181 3579 2271 spinarum.
3616 2176 3894 2246 Zachar.

2363 2308 2510 2364 xm,
2559 2287 2586 2352 1
2637 2309 2652 2352 :
2706 2290 2787 2356 In
2835 2287 2944 2354 die
2982 2285 3113 2354 illa
3152 2289 3279 2353 erit
3317 2289 3475 2377 lons
3506 2296 3752 2377 patens
3782 2285 3900 2351 do-

2363 2394 2514 2461 mui
2542 2392 2794 2473 David,
2845 2405 2909 2462 et
2955 2393 3427 2462 babitantibus
3478 2392 3893 2470 Jerusalem,

2362 2502 2433 2568 in
2464 2501 2885 2569 ablutionem
2902 2501 3304 2593 peccatoris,
3336 2509 3400 2567 et
3429 2510 3889 2568 menstruatae.

2360 2610 2483 2678 llis
2522 2612 2825 2703 quisunt
2865 2612 2932 2679 in
2963 2610 3090 2680 bac
3126 2610 3331 2680 domo
3389 2609 3888 2677 benediximus,

2359 2719 2542 2791 Psal.
2590 2743 2864 2800 Lxxxlu,
2908 2722 2948 2789 8
2998 2739 3014 2789 :
3058 2721 3600 2788 Benedictionem
3670 2718 3890 2800 dabit,

2360 2839 2709 2922 tamquam
2740 2831 3072 2913 minister,
3119 2829 3500 2921 leqislator.

2452 3180 2484 3215 «
2543 3153 2729 3221 Deus
2791 3152 3155 3221 Dominus,
3195 3176 3226 3216 ι
3270 3148 3437 3219 Ecce
3484 3149 3888 3229 secundum,

2357 3259 2429 3326 in
2458 3281 2595 3349 quo
2635 3258 2995 3328 confitetur
3021 3266 3315 3327 actorem
3347 3258 3592 3327 Deum.

2446 3365 2656 3445 Quasi
2698 3366 2947 3435 diceret
2990 3388 3007 3436 ε
3063 3366 3545 3435 Benediximus
3600 3389 3615 3435 :
3664 3378 3892 3435 tamen

2368 3498 2398 3535 ιι
2447 3473 2635 3540 Deus
2686 3501 2718 3533 ιι
2774 3474 3080 3541 omnium
3126 3473 3487 3552 creatione,
3545 3499 3578 3537 ι
3646 3473 3899 3541 Domi-

2353 3604 2483 3649 nus
2526 3604 2559 3645 ι
2601 3588 2932 3672 potestate
2970 3590 3036 3650 et
3072 3581 3563 3673 gubernatione
3608 3580 3739 3650 boc
3793 3581 3897 3648 fe-

2353 3689 2468 3767 cit,
2506 3697 2852 3779 tamquam
2883 3688 3271 3781 principalis
3310 3697 3518 3769 actor,
3555 3717 3589 3751 α
3631 3698 3695 3755 et
3726 3687 3897 3755 illu·

2349 3797 2460 3864 :cit
2487 3794 2706 3875 uobis,
2741 3820 2777 3862 a
2811 3795 3257 3865 illuminando
3289 3819 3413 3864 nos
3443 3797 3653 3888 prius.
3688 3794 3746 3863 ll
3806 3794 3890 3862 ad

2352 3901 2660 3971 Corinth.
2695 3925 2788 3982 tv,
2831 3905 2872 3970 6
2918 3926 2933 3971 :
2973 3906 3185 3988 Deus,
3216 3905 3339 3995 qui
3376 3903 3556 3970 dixit
3587 3903 3672 3970 cle
3699 3913 3892 3971 teue-

2353 4010 2491 4080 bris
2539 4010 2759 4080 luccm
2801 4009 3287 4104 splendescere,
3342 4013 3484 4103 ipse
3534 4011 3783 4079 illua-it
3822 4012 3891 4077 in

2349 4118 2668 4188 cordibus
2695 4119 2967 4188 nostris.
3003 4118 3029 4186 1
3071 4119 3252 4189 Petr.
3300 4142 3371 4200 ιι,
3413 4123 3454 4187 9
3489 4143 3505 4187 :
3570 4121 3670 4188 De
3715 4129 3893 4186 teuc·

2351 4226 2491 4297 bris
2546 4251 2661 4297 vos
2715 4230 2981 4297 vocavit
3037 4228 3108 4295 in
3172 4225 3589 4296 admirabile
3657 4226 3890 4294 lumen

2345 4356 2577 4404 suum.
2639 4332 2870 4403 Illuxit
2895 4334 3070 4404 sicut
3101 4357 3300 4403 verus
3338 4333 3441 4402 sol
3487 4333 3892 4403 timentibus

2347 4464 2444 4520 se,
2489 4440 2777 4512 Malach.
2805 4464 2897 4522 w,
2931 4443 2972 4511 2
3008 4462 3025 4511 :
3062 4443 3341 4512 Orictur
3368 4441 3553 4511 vobis
3593 4443 3893 4510 timenti-

2349 4548 2499 4632 bus,
2541 4559 2668 4620 etc.

2437 4790 2476 4829 «
2509 4763 2920 4834 Constituite
2954 4762 3159 4832 diem.
3204 4788 3237 4829 ι
3289 4763 3417 4833 llic
3453 4764 3729 4833 tertium
3762 4762 3891 4833 hu-

2338 4869 2452 4959 jus
2484 4872 2718 4962 partis,
2762 4871 2832 4938 in
2872 4893 3011 4962 quo
3046 4879 3407 4962 postquam
3445 4870 3664 4962 petiit,
3700 4880 3768 4940 et
3815 4895 3889 4940 se

2346 4976 2739 5045 exauditum
2815 4978 3125 5057 asseruit,
3201 4976 3549 5067 subjungit
3616 4976 3886 5045 laudem

2344 5102 2468 5171 pro
2518 5080 2979 5164 exauditione,
3034 5090 3102 5150 et
3128 5083 3508 5172 prorumpit
3540 5081 3608 5148 in
3641 5080 3882 5150 illam:

2346 5197 2414 5256 et
2443 5187 2761 5258 dicuntur
2799 5190 2948 5257 tria.
2993 5188 3252 5268 Primo,
3294 5187 3475 5280 quod
3527 5211 3609 5257 ex
3656 5187 3886 5258 laetitia

2347 5297 2572 5367 cordis
2608 5295 2760 5366 aliis
2797 5297 3056 5366 inducit
3086 5305 3159 5366 ut
3205 5296 3384 5365 diem
3434 5295 3886 5367 solemnitatis

2344 5406 2784 5473 constituant.
2838 5402 3179 5482 Secundo,
3218 5403 3554 5494 promittit
3591 5405 3775 5495 quod
3814 5404 3886 5473 in

2345 5509 2462 5579 illa
2489 5512 2600 5582 die
2627 5512 2994 5581 constituta
3023 5510 3478 5592 confitebitur,
3529 5523 3596 5583 et
3643 5513 3888 5582 lauda-

2346 5617 2472 5700 bit,
2524 5619 2642 5703 ibi,
2691 5628 2758 5700 ὴ.
2809 5623 2894 5689 28
2940 5643 2956 5691 :
3008 5647 3042 5687 ι
3087 5622 3276 5690 Deus
3305 5645 3514 5692 meus.
3553 5648 3586 5689 ι
3626 5624 3881 5706 Terti0,

4033 3175 4156 3242 2!
