5008 6329
2347 252 2761 321 PSALMUS
2812 252 3050 320 cvm.

1132 452 1203 517 4.
1264 432 1404 498 Pro
1467 450 1552 495 eo
1631 444 1708 493 ut
1769 446 1886 492 me
1945 424 2352 517 diligerent,
2410 425 2640 492 detra-

1920 555 1935 598 :
1985 554 2118 623 ego
2177 548 2417 602 autem
2476 551 2641 596 ora-

1361 535 1624 603 hebant
1676 529 1856 599 mihi

1365 645 1556 711 bam.

1137 759 1202 822 5.
1262 753 1352 819 Et
1404 767 1803 838 posuerunt
1862 750 2249 818 adversum
2296 768 2408 814 me
2449 745 2636 813 mala

1355 880 1485 949 pro
1528 859 1766 937 bonis,
1820 877 1891 928 et
1937 858 2189 927 odium
2282 877 2411 945 pro
2458 854 2635 922 dile-

1354 966 1590 1035 ctione
1624 988 1810 1034 mea.

1132 1078 1201 1144 6.
1247 1073 1632 1144 Constitue
1665 1094 1885 1165 super
1915 1092 2082 1139 eum
2118 1088 2559 1160 peccatorem
2610 1088 2627 1137 :

1354 1201 1422 1250 et
1470 1180 1808 1249 diabolus
1857 1194 1996 1246 stet
2026 1199 2068 1243 a
2122 1174 2390 1244 dextris
2447 1174 2625 1264 ejus.

1131 1313 1197 1379 7.
1252 1288 1444 1358 Cum
1497 1288 1886 1374 judicatur,
1935 1299 2136 1353 exeat
2184 1283 2631 1352 condemna-

1588 1410 1655 1459 et
1705 1390 1937 1460 oratio
1979 1389 2133 1478 ejus
2193 1389 2312 1458 fiat
2354 1387 2422 1458 in
2477 1410 2633 1478 pec-

1349 1413 1466 1462 tus
1520 1416 1534 1459 ζ

1346 1517 1615 1568 catum.

1123 1612 1192 1676 8.
1252 1607 1458 1676 Fiant
1491 1605 1645 1674 dies
1686 1606 1843 1695 ejus
1872 1604 2105 1695 pauci.
2150 1622 2221 1672 et
2253 1604 2628 1694 episcopa-

1345 1723 1499 1783 tum
1530 1714 1689 1802 ejus
1730 1711 2034 1801 accipiat
2064 1713 2267 1781 alter.

4174 260 4298 328 143

3012 424 3083 490 in
3124 422 3463 495 interiora
3517 427 3695 515 ejuS,
3734 444 3800 494 et
3840 426 4023 495 sicut
4054 427 4300 496 oleum

3015 529 3086 598 in
3129 532 3422 600 ossibus
3453 533 3629 620 ejus.

2756 659 2861 725 ¹9·
2924 636 3079 706 Fiat
3138 639 3201 707 ei
3273 639 3459 708 sicut
3535 641 4049 709 vestimentum
4150 664 4297 732 quo

3012 745 3363 833 operitur,
3452 764 3520 814 et
3598 747 3783 815 sicut
3865 769 4045 815 zona
4150 771 4294 840 qua

3013 871 3302 940 semper
3332 851 3820 942 pra-cingitur.

2741 974 2855 1020 20.
2917 953 3076 1022 Hoc
3135 977 3322 1045 opus
3374 976 3630 1026 eorum
3716 958 3839 1048 qui
3902 959 4295 1029 detrahunt

3004 1060 3186 1130 mibi
3263 1064 3458 1153 apud
3522 1064 3947 1148 Dominum,
4019 1084 4088 1134 et
4168 1067 4292 1157 qui

3005 1168 3406 1259 loquuntur
3488 1172 3674 1239 mala
3747 1173 4093 1242 adversus
4134 1174 4296 1243 ani-

3008 1298 3205 1346 mam
3246 1299 3508 1347 meam.

2742 1404 2852 1450 2ι.
2916 1383 3005 1452 Et
3046 1402 3151 1462 tu,
3200 1386 3539 1469 Domine,
3594 1388 3930 1473 Domine,
3985 1389 4091 1459 sac
4140 1414 4295 1461 me-

3004 1515 3172 1562 cum
3208 1513 3503 1585 propter
3535 1518 3796 1565 nomen
3834 1516 4073 1577 tuum,
4118 1500 4292 1591 quia

3003 1600 3248 1669 suavis
3289 1619 3396 1671 est
3432 1603 3927 1674 misericordia
3970 1625 4117 1676 tua.

2916 1708 3176 1777 Libera
3217 1732 3363 1793 me,

1121 1848 1191 1915 9.
1251 1822 1458 1892 Fiant
1508 1820 1633 1889 filii
1702 1820 1859 1908 ejus
1915 1819 2251 1910 orphani,
2323 1837 2392 1887 et
2450 1840 2628 1887 uxor
2736 1835 2851 1881 22.
2905 1815 3098 1905 Quia
3148 1839 3419 1908 egenus
3469 1838 3537 1888 et
3588 1841 3860 1912 pauper
3918 1844 4049 1914 ego
4093 1846 4284 1903 sum,

1342 1930 1498 2016 ejus
1527 1926 1774 1995 vidua.
2997 1938 3066 1989 et
3123 1942 3250 1989 cor
3302 1943 3550 1992 meum
3597 1925 4120 1995 conturbatum
4181 1947 4291 1998 est

1094 2059 1202 2104 ιο.
1259 2036 1622 2104 Nutantes
1704 2032 2232 2103 transferantur
2281 2031 2405 2101 filii
2471 2032 2623 2121 ejus
3000 2028 3188 2097 intra
3229 2051 3371 2100 me.

1342 2162 1413 2213 et
1473 2142 1915 2222 mendicent,
1968 2159 2038 2212 et
2094 2140 2471 2232 ejiciantur
2534 2143 2623 2212 de
2737 2136 2853 2204 23.
2906 2132 3112 2205 Sicut
3189 2137 3447 2206 umbra
3500 2160 3667 2207 cum
3722 2138 4033 2209 declinat
4083 2142 4287 2211 abla-

1343 2249 1917 2321 habitationibus
1950 2249 2128 2319 suis.
2999 2259 3119 2310 tus
3160 2263 3352 2321 sum,
3397 2261 3465 2311 et
3513 2265 3856 2314 excussus
3904 2267 4068 2315 sum
4102 2246 4290 2319 sicut

1087 2387 1196 2431 ιι.
1246 2360 1629 2433 Scrutetur
1657 2361 2045 2431 foenerator
2111 2381 2403 2430 omnem
2444 2357 2622 2428 sub-
3002 2349 3326 2417 locustae.

1340 2472 1682 2541 stantiam
1717 2471 1914 2560 eiuS,
1958 2490 2028 2540 et
2076 2470 2420 2564 diripiant
2448 2470 2618 2539 alie·

1347 2579 1417 2647 ni
1472 2579 1755 2649 labores
1784 2578 1967 2668 ejus.

1087 2710 1191 2758 ι2.
1251 2689 1414 2756 Non
1458 2687 1552 2756 sit
1611 2687 1709 2757 illi
1759 2688 2108 2777 adjutore:
2163 2708 2293 2756 nec
2350 2687 2441 2755 sit
2490 2687 2614 2779 qui

1336 2795 1765 2864 misereatur
1809 2795 2107 2889 pupillis
2139 2796 2317 2887 ejus.

1090 2904 1195 2970 13.
1255 2900 1463 2970 Fiant
1497 2901 1641 2971 nati
1701 2901 1858 2991 ejus
1913 2901 1985 2971 in
2031 2901 2406 2973 interitum
2458 2921 2475 2969 τ
2540 2900 2610 2970 in

1330 3009 1793 3102 generatione
1867 3032 2012 3080 una
2077 3010 2400 3081 deleatur
2481 3031 2611 3078 no·

1328 3137 1490 3186 men
1526 3114 1708 3205 ejus.

1079 3246 1183 3310 ¹4·
1241 3224 1320 3292 ln
1357 3223 1786 3293 memoriam
1819 3226 2061 3295 redeat
2102 3224 2448 3318 iniquitas
2492 3249 2611 3317 pa·

1324 3348 1519 3400 trum
1550 3330 1710 3417 ejus
1743 3330 1815 3399 in
1847 3350 2240 3424 conspectu
2270 3331 2601 3403 Domini:

1323 3454 1392 3507 et
1470 3454 1846 3528 peccatum
1914 3439 2167 3509 matris
2233 3438 2390 3528 ejus
2458 3461 2599 3508 non

1326 3542 1678 3614 deleatur.

1068 3654 1171 3722 15.
1241 3650 1449 3721 Fiant
1502 3669 1753 3721 contra
1817 3649 2214 3721 Dominum
2291 3674 2599 3744 semper,

1317 3776 1386 3830 et
1447 3760 1815 3852 dispereat
1873 3760 1964 3830 de
2031 3777 2223 3831 terra
2252 3763 2601 3834 memoria

1321 3888 1628 3938 eorum:

1063 3978 1167 4046 16.
1223 3977 1364 4045 Pro
1411 3997 1497 4045 eo
1555 3976 1753 4068 quod
1814 3996 1963 4047 non
2011 3994 2122 4047 est
2188 3978 2600 4050 recordatus

1328 4080 1556 4151 facere
1595 4080 2199 4164 misericordiam,

1067 4211 1174 4280 ¹7·
1229 4187 1324 4258 Et
1368 4205 1791 4280 persecutus
1838 4204 1947 4258 est
2020 4188 2392 4262 hominem
2444 4190 2603 4262 ino·

1323 4316 1492 4389 pem
1526 4311 1596 4365 et
1626 4296 2073 4379 mendicum,
2141 4314 2214 4367 et
2252 4318 2601 4392 compun-

1315 4422 1517 4475 ctum
1546 4402 1765 4475 corde
1812 4403 2273 4477 mortificare.

1064 4515 1168 4585 18.
1225 4513 1317 4584 Et
1353 4513 1608 4585 dilexit
1656 4513 2277 4597 maledictionem,
2353 4535 2423 4588 et
2480 4539 2599 4588 ve·

1324 4620 1471 4691 niet
1493 4621 1556 4691 ei
1583 4642 1601 4690 t
1627 4639 1698 4692 et
1729 4621 1965 4692 noluit
1991 4621 2595 4706 benedictionem,

1316 4743 1385 4797 et
1406 4725 1868 4820 elongabitur
1895 4727 1989 4799 ab
2045 4749 2155 4799 eo.

1238 4833 1331 4903 Et
1361 4832 1605 4906 induit
1651 4833 2238 4908 maledictionem
2270 4837 2456 4909 sicut
2487 4861 2602 4909 ve-

1316 4937 1742 5010 stimentum
1763 4957 1868 5011 :et
1900 4938 2194 5013 intravit
2213 4941 2399 5015 sicut
2414 4966 2600 5038 aqua

2730 2476 2845 2541 24.
2900 2455 3154 2525 Genua
3204 2478 3365 2526 mea
3407 2457 3766 2527 infirmata
3813 2478 3980 2529 sunt
4021 2485 4059 2529 a
4113 2461 4286 2551 jeju-

2995 2564 3118 2632 nio
3154 2587 3169 2631 :
3205 2583 3276 2634 et
3312 2587 3478 2635 caro
3510 2588 3670 2635 mea
3720 2567 4102 2638 immutata
4141 2590 4280 2656 est,

2993 2690 3290 2765 propter
3324 2675 3596 2744 oleum.

2725 2784 2836 2850 25.
2900 2781 2989 2850 Et
3056 2804 3191 2875 ego
3264 2781 3494 2852 sactus
3562 2805 3725 2853 sum
3796 2784 4278 2876 opprobrium

2986 2887 3182 2958 illis:
3226 2886 3565 2959 viderunt
3598 2910 3738 2968 me,
3782 2908 3850 2959 et
3883 2912 4276 2963 moverunt

2984 2995 3218 3087 capita
3251 3017 3406 3065 sua.

2718 3101 2832 3170 26.
2885 3102 3162 3192 Adjuva
3206 3125 3348 3189 me,
3395 3104 3705 3176 Domine
3757 3107 3950 3177 Deus
4004 3129 4263 3180 meus:

2981 3209 3270 3282 salvum
3301 3234 3417 3284 mc
3448 3213 3557 3283 sac
3612 3215 4013 3285 secundum
4047 3218 4268 3288 mise·

2977 3318 3297 3388 cordiam
3332 3338 3557 3390 tuam.

2714 3446 2829 3508 27.
2890 3424 2980 3495 Et
3019 3425 3250 3497 sciant
3282 3428 3454 3520 quia
3485 3449 3747 3498 manus
3806 3448 3926 3499 tua
3973 3430 4151 3511 haec,
4193 3451 4264 3502 et

2973 3550 3081 3614 tu,
3119 3535 3457 3618 Domine,
3497 3535 3727 3607 fecisti
3760 3558 3943 3607 eam.

2712 3642 2825 3713 28.
2878 3641 3314 3715 Maledicent
3382 3644 3513 3724 illi,
3581 3662 3652 3715 et
3699 3663 3776 3716 tu
3848 3647 4255 3719 benedices.

2976 3750 3128 3842 Qui
3193 3751 3585 3845 insurgunt
3644 3752 3716 3823 in
3785 3773 3902 3824 me
3956 3754 4261 3825 consun-

2973 3857 3267 3941 dantur,
3320 3880 3573 3930 servus
3615 3877 3855 3931 autem
3904 3877 4074 3931 tuus
4133 3862 4263 3932 lae-

2976 3968 3273 4040 tabitur.

2714 4099 2828 4171 ²9·
2883 4076 3293 4150 Induantur
3330 4079 3456 4172 qui
3490 4080 3883 4151 detrahunt
3915 4079 4098 4152 mihi
4131 4103 4262 4174 pu·

2978 4186 3181 4271 dore,
3212 4204 3282 4257 et
3311 4186 3735 4279 operiantur
3764 4187 3951 4259 sicut
3989 4187 4263 4281 diploi-

2975 4291 3066 4361 de
3095 4290 3522 4363 confusione
3571 4314 3727 4363 sua.

2711 4401 2826 4471 30.
2879 4397 3303 4471 Confitebor
3354 4399 3674 4472 Domino
3736 4400 3957 4473 nimis
4006 4400 4081 4472 in
4132 4422 4263 4474 ore

2976 4527 3168 4593 meo,
3242 4526 3313 4579 et
3377 4508 3450 4579 in
3527 4507 3776 4581 medio
3856 4507 4259 4582 multorum

2978 4616 3292 4689 laudabo
3321 4639 3492 4689 eum
3540 4640 3560 4687 t

2712 4729 2827 4799 31.
2880 4728 3078 4820 Quia
3104 4728 3386 4801 adstitit
3415 4752 3456 4800 a
3476 4730 3750 4802 dextris
3780 4727 4145 4824 pauperis,
4179 4747 4262 4801 ut

2975 4834 3249 4907 salvam
3290 4834 3552 4908 faceret
3591 4859 3632 4907 a
3658 4836 4261 4932 persequentibus

2975 4942 3298 5015 animam
3365 4966 3631 5016 meam.
