5008 6329
350 4148 474 4216 ΙΙ

621 304 745 370 130

615 484 863 556 santeS,
913 507 946 541 «
978 477 1435 565 contemptio:
1476 484 1539 540 et
1597 473 1694 539 sic
1749 495 1977 540 errare
2003 474 2166 564 fecit

615 606 721 652 eos
749 586 932 654 Deus
973 588 1044 652 in
1082 584 1266 650 invio
1310 609 1341 643 »
1388 580 1678 659 consilii,
1737 607 1771 647 α
1821 592 1882 649 et
1923 606 2058 650 non
2092 584 2163 650 in

615 694 751 772 via,
791 719 823 757 ι
868 715 1001 783 qua
1039 696 1322 780 possent
1389 691 1662 780 assequi
1701 691 1885 781 quod
1943 698 2167 758 atten-

616 800 889 867 debant.
913 798 976 865 ΙΙ
1008 797 1267 876 Esdrae,
1294 820 1388 882 ιν,
1419 800 1498 866 15
1527 821 1541 864 :
1569 800 1949 889 Dissipavit
1980 801 2165 865 Deus

616 907 977 974 eonsilium
1007 928 1290 974 eorum:
1341 917 1406 974 et
1454 908 1703 974 reversi
1746 927 1986 972 sumus
2024 926 2164 970 om·

614 1035 729 1079 nes
806 1011 901 1079 ad
961 1035 1217 1099 muros,
1291 1014 1764 1103 unusquisque
1827 1010 1926 1076 ad
1995 1032 2166 1099 opus

613 1141 841 1185 suum.
886 1119 1381 1188 Verumtamen
1404 1118 1533 1208 ipsi
1564 1115 2020 1206 impedierunt
2040 1138 2166 1182 nos

616 1225 701 1293 ad
740 1235 1035 1318 tempus·

707 1335 821 1403 Sic
882 1333 1223 1401 Dominus
1299 1331 1661 1399 haereticos
1730 1331 2166 1400 adversantes

615 1442 1105 1511 {edificantibus
1170 1440 1575 1520 Ecclesiam,
1618 1441 2028 1509 contendere
2066 1441 2170 1508 fa-

618 1548 809 1616 citad
835 1548 1154 1616 invicem.
1202 1547 1449 1616 Genes.
1485 1570 1634 1632 xm,
1669 1550 1708 1616 7
1746 1571 1761 1614 :
1812 1552 2035 1616 Facta
2074 1559 2168 1615 est

617 1659 774 1724 rixa
805 1657 983 1723 inter
1037 1667 1350 1747 pastores
1412 1679 1705 1747 qrequm
1760 1657 2046 1742 Abram,
2107 1667 2171 1724 et

619 1768 767 1833 Lot.
801 1764 1148 1848 Judicum,
1217 1788 1288 1842 v,
1328 1767 1452 1834 15:
1526 1765 1766 1832 Diviso
1804 1774 2041 1831 contra
2101 1787 2171 1831 se

619 1873 881 1954 Ruben,
924 1874 1535 1964 maqnanimorum
1575 1882 1842 1963 reperta
1879 1882 1978 1939 est
2004 1895 2171 1940 con-

620 1982 850 2047 tentio.
886 1977 1217 2059 Quamvis
1257 1979 1441 2045 enim
1476 1978 1613 2045 sint
1650 1986 1889 2046 contra
1933 1977 2171 2046 Eccle-

582 2087 788 2170 ‚siam
818 2084 1149 2175 colligati,
1199 2093 1433 2153 tamen
1498 2084 1757 2153 habent
1811 2085 2014 2154 facies
2059 2085 2169 2152 di-

614 2215 868 2270 versas,
901 2194 1075 2282 sicut
1111 2192 1352 2282 vulpes
1403 2192 1761 2260 Samsonis
1785 2195 1830 2259 ¹.
1865 2192 2015 2260 1100
2043 2215 2171 2258 au-

616 2311 750 2369 tem
799 2307 1016 2366 totum
1058 2299 1327 2378 accidit,
1370 2300 1532 2390 quia
1595 2297 1869 2389 superbi
1945 2307 2105 2366 sunt
2146 2321 2162 2369 ε

611 2418 678 2477 et
719 2406 1043 2474 Proverb.
1087 2429 1236 2486 xm,
1286 2407 1394 2485 10,
1455 2406 1703 2474 dieitur
1744 2429 1761 2472 :
1824 2405 2012 2473 Inter
2044 2430 2168 2473 su-

611 2515 855 2609 perbos
881 2536 1146 2605 semper
1161 2513 1422 2604 J‘urqia
1449 2525 1657 2583 sunt:
1688 2523 1751 2582 et
1783 2515 1880 2582 sic
1916 2515 2167 2582 cadunt

611 2623 681 2691 in
714 2645 1042 2690 errorem.
1079 2621 1186 2689 Ad
1216 2621 1514 2689 Roman.
1551 2644 1598 2702 1,
1623 2623 1702 2689 21
1758 2629 1823 2690 et
1852 2623 1936 2688 22
1971 2639 1989 2689 2
2037 2621 2167 2690 Ob-

604 2741 955 2797 scuratum
994 2739 1090 2795 est
1119 2730 1450 2819 insipiens
1478 2752 1595 2796 eor
1613 2751 1849 2796 eorum
1880 2751 1904 2794 .·
1943 2727 2167 2795 dicen·

610 2847 704 2904 tes
743 2838 924 2903 enim
978 2858 1050 2902 se
1102 2857 1244 2903 esse
1295 2836 1662 2925 sapientes,
1722 2834 1928 2901 stulti
1987 2836 2166 2924 sacti

603 2953 765 3011 sunt
795 2968 818 3011 .·
857 2952 931 3011 ut
957 2943 1175 3034 possit
1222 2942 1305 3010 de
1362 2940 1634 3030 eisfdici
1700 2941 1868 3010 illud
1915 2940 2158 3009 Matth.

603 3074 771 3129 κιαι,
804 3053 890 3117 29
925 3074 942 3118 :
984 3052 1290 3126 Erratis,
1339 3050 1707 3117 nescientes
1734 3050 2158 3141 Scripturas,

602 3185 816 3252 neque
852 3161 1178 3228 virtutem
1209 3159 1363 3228 Dei.
1401 3157 1655 3226 Errant
1691 3164 1918 3227 autem
1959 3157 2162 3226 invia

601 3268 805 3361 plana
869 3275 937 3336 et
982 3268 1414 3357 apertissima
1470 3264 1657 3347 fidei,
1726 3273 1794 3333 et
1858 3288 2158 3350 morum,

602 3399 754 3468 quae
785 3397 967 3443 nunc
1011 3372 1276 3441 detecta
1305 3381 1407 3441 est
1446 3380 1703 3465 aperte.
1750 3372 1882 3442 lsa.
1940 3395 2154 3452 xxxv,

600 3490 682 3554 8:
719 3490 878 3556 Ileec
903 3488 1032 3553 erit
1052 3484 1242 3552 vobis
1273 3483 1535 3552 directa
1564 3485 1705 3564 via,
1741 3486 1840 3552 ita
1872 3495 1949 3552 ut
1975 3481 2161 3552 stul-

598 3596 655 3662 ti
689 3617 824 3661 non
863 3601 1088 3660 errent
1112 3616 1242 3684 per
1286 3614 1485 3661 eam.
1549 3590 1846 3682 Propter
1882 3589 2015 3659 hoc
2061 3590 2159 3658 di-

597 3701 766 3770 cturi
795 3708 954 3768 suut
983 3700 1147 3767 illud
1184 3698 1572 3791 Sapienmr,
1606 3699 1648 3765 6
1683 3719 1700 3767 :
1743 3698 2157 3766 Erraeimus

597 3834 641 3878 a
680 3811 793 3878 via
824 3810 1158 3878 veritatis.

689 4155 722 4196 α
747 4132 841 4198 Et
867 4127 1149 4218 adjuvit
1179 4148 1588 4219 pauperem.
1625 4153 1661 4191 ιι
1726 4124 1854 4194 Hic
1900 4148 2152 4195 secun-

596 4240 784 4319 dum,
818 4240 887 4306 in
926 4260 1064 4328 quo
1123 4236 1567 4327 subjungitur
1619 4235 1705 4304 de
1753 4234 2093 4324 adjutorio
2128 4260 2145 4305 ε

592 4347 661 4415 in
692 4368 829 4438 quo
859 4343 1179 4412 dicuntur
1204 4340 1642 4421 du0.Primo,
1676 4341 1898 4432 tangit
1923 4341 2145 4432 ipsum

587 4452 1029 4546 adjutorium.
1075 4449 1427 4533 Secundo,
1464 4449 1787 4541 adjutorii
1830 4449 2142 4532 modum,

585 4562 705 4643 ibi,
748 4588 784 4630 ι
825 4562 924 4630 Et
943 4559 1203 4651 posuit.
1251 4582 1286 4623 ι

672 4672 851 4742 Dicit
880 4691 1045 4761 ergo
1078 4688 1095 4737 ε
1144 4666 1261 4736 Sic
1297 4666 1619 4736 liberavit
1643 4664 1729 4735 ab
1769 4665 2143 4757 impedien-

586 4777 767 4848 tibus
794 4773 1314 4845 oedilieationem
1351 4794 1368 4839 ε
1414 4797 1450 4839 ι
1482 4779 1575 4852 et,
1608 4799 1643 4833 ιο
1697 4770 1980 4853 etiam,«
2009 4771 2144 4838 ad-

585 4993 844 5085 inopia,
879 5018 915 5056 ιι
954 5012 1092 5082 qua
1121 5010 1262 5058 non
1310 4994 1580 5079 poterat
1628 4986 1988 5064 oediticare,
2051 4985 2140 5055 li-

580 5101 825 5169 berans
855 5097 1072 5165 illum.
1109 5095 1134 5163 1
1175 5095 1475 5187 Regum,
1525 5116 1597 5176 ιι,
1657 5094 1743 5164 7:
1794 5095 2137 5163 Dominus

572 5229 945 5304 pauperem
972 5207 1149 5295 facit
1185 5214 1251 5272 et
1280 5205 1463 5273 ditat
1491 5226 1516 5273 .·
1578 5202 1919 5272 Dominus
1956 5224 2135 5295 pau-

577 5339 807 5411 perem
839 5313 1018 5392 iacit,
1053 5313 1123 5381 in
1161 5310 1480 5381 exsilium
1510 5311 1888 5381 mittendo:
1938 5318 2006 5380 et
2035 5310 2134 5380 di-

578 5434 675 5496 tat
715 5418 1183 5516 postmodum,
1232 5418 1416 5488 unde
1461 5416 1836 5487 aedificetur
1871 5415 2122 5486 dando.

646 5660 667 5697 ¹
697 5650 1096 5724 Chindioum,
1115 5665 1212 5720 xv,
1235 5650 1271 5706 ⁴
1300 5652 1360 5706 et
1398 5663 1528 5721 seq.

1695 302 1772 367 D.
1827 300 2024 367 ΑΕΒ.
2083 299 2297 366 MAG.
2352 299 2557 367 ORD.
2610 301 2903 369 PRAED.

2272 473 2357 540 Et
2393 496 2551 541 vere
2583 473 2662 540 de
2694 475 2916 564 inopia
2956 474 3290 541 Dominus
3321 477 3584 557 liberat,
3657 485 3819 572 quia

2269 605 2391 672 per
2428 584 2642 672 ipsam
2689 585 2985 673 inopiam
3033 584 3276 653 liberat
3313 609 3350 652 a
3391 587 3623 655 multis
3664 613 3818 657 ma-

2269 691 2375 758 lis.
2411 692 2484 758 A·
2512 693 2692 760 malo
2733 693 3038 772 luxuriae,
3078 696 3402 764 Proverb.
3443 720 3632 775 xxvr,
3669 700 3755 765 20
3792 722 3808 765 z
3846 716 4007 816 lacuna
4034 716 4161 761 uuus

2273 799 2448 868 Cum
2478 798 2838 886 defecerint
2861 800 3074 890 liqna,
3102 805 3573 894 ea·stitzquetur
3600 806 3808 896 iqnis.

2269 902 2563 968 Versus:

2273 1114 2398 1168 Non
2430 1113 2608 1170 habet
2636 1114 2793 1170 unde
2834 1131 3003 1171 suum
3047 1123 3364 1190 paupertas
3407 1123 3612 1190 pascat
3649 1135 3817 1175 amo-

3635 1208 3811 1274 [rem.

2361 1436 2420 1501 A
2464 1435 2645 1501 malo
2709 1436 3164 1523 impatientiae,
3242 1436 3442 1503 Ecoli.
3519 1461 3664 1518 xui,
3724 1441 3806 1506 4:

2274 1544 2481 1610 Dives
2530 1542 2786 1631 injuste
2824 1556 3003 1634 “90¹2
3046 1554 3107 1610 el
3172 1546 3423 1631 fremet
3463 1569 3486 1612 .·
3544 1569 3818 1636 pauper

2277 1660 2506 1718 autem
2540 1651 2736 1718 laesus
2783 1652 3047 1719 tacebit.
3109 1653 3215 1719 Ad
3275 1654 3569 1721 Roman.
3625 1678 3694 1739 v,
3730 1658 3810 1724 3:

2281 1757 2662 1827 Tribulatio
2682 1761 3093 1849 patientiam
3145 1771 3494 1850 operatur.
3540 1763 3601 1827 A
3633 1761 3817 1830 malo

2277 1865 2660 1943 otiositatiS,
2694 1864 3016 1933 I‘roverb.
3053 1889 3193 1944 xvi,
3237 1869 3321 1932 2Ιὶ
3357 1889 3372 1932 :
3409 1869 3663 1935 Anima
3704 1869 3819 1936 Ia·-

2277 1969 2582 2038 borantis
2612 1969 2879 2038 laborat
2904 1971 3061 2049 sibi,
3085 1974 3253 2063 quia
3290 1974 3626 2066 compulit
3660 1997 3815 2043 eum

2275 2102 2600 2148 ossuum.
2647 2079 2728 2148 Et
2768 2081 2971 2147 multa
3015 2082 3191 2147 bona
3231 2092 3524 2173 praestat.
3579 2084 3814 2152 Primo

2275 2190 2432 2279 quia
2460 2198 2729 2280 purgat,
2782 2189 2907 2257 lsa.
2941 2214 3170 2266 xm'in,
3231 2195 3351 2259 10:
3403 2194 3612 2283 Eleqi
3650 2203 3714 2262 te
3743 2196 3815 2260 in

2274 2298 2542 2363 camino
2560 2299 3016 2387 paupertatis.
3053 2298 3157 2363 Ad
3207 2297 3475 2365 laudem
3529 2298 3651 2367 Dei
3692 2324 3816 2366 ex-

2277 2404 2462 2484 citat,
2508 2403 2684 2472 l‘sal.
2739 2427 2962 2482 cxxiii,
3023 2408 3096 2471 21
3138 2427 3154 2473 τ
3211 2409 3489 2497 l’auper
3525 2417 3589 2474 et
3619 2409 3815 2499 inops

2280 2510 2668 2580 laudabunt
2694 2536 2930 2579 nouum
2971 2523 3193 2580 tuum.
3229 2512 3595 2582 llumiliter
3624 2515 3812 2605 loqui

2274 2620 2453 2701 facit,
2500 2619 2821 2688 Proverb.
2884 2645 3072 2703 xvui,
3124 2625 3210 2688 23
3272 2644 3287 2689 :
3336 2626 3511 2692 Cum
3585 2622 3815 2691 obsec-

2271 2727 2655 2797 rationibus
2748 2730 3061 2820 loquetur
3118 2754 3410 2821 pauper‚
3488 2740 3552 2798 et
3627 2732 3813 2799 dices

2271 2839 2609 2930 affabitur
2635 2839 2875 2929 riqide.
2917 2840 3215 2906 Tandem
3258 2863 3624 2931 pauperem
3665 2841 3811 2911 Deo

2269 2945 2353 3013 ad
2387 2949 2788 3014 memoriam
2839 2947 3116 3023 reducit,
3183 2947 3361 3016 l'sal.
3406 2971 3642 3028 xxxix,
3684 2951 3805 3017 ¹8:

2269 3055 2422 3144 qu
2460 3065 2687 3122 autem
2745 3055 3088 3121 mmulicus
3132 3079 3313 3133 sum,
3373 3065 3437 3120 et
3494 3080 3810 3147 pauper:

2269 3163 2609 3231 Dominus
2634 3163 2971 3230 sollicitus
3000 3171 3097 3230 est
3135 3164 3289 3231 mei.

2360 3399 2394 3433 a
2426 3374 2522 3439 Et
2544 3373 2797 3463 posuit.
2850 3403 2881 3432 ι»
2914 3371 3081 3439 Eece
3113 3373 3357 3440 modus
3387 3383 3452 3442 et
3485 3375 3655 3442 ratio
3695 3374 3810 3443 ad·

2255 3479 2570 3568 juvandi,
2612 3480 2770 3571 quia
2826 3480 2937 3548 dat
2983 3481 3405 3550 voluntatem
3456 3483 3809 3552 humiliter

2265 3583 2650 3654 obediendi.

2353 3694 2468 3761 Ait
2498 3695 2680 3762 enim
2715 3716 2731 3761 ε
2770 3695 2882 3762 Sic
2913 3695 3169 3785 adjuvit
3204 3719 3220 3764 :
3266 3708 3330 3766 et
3363 3696 3491 3767 hoc
3507 3699 3803 3787 justum,

2262 3800 2423 3891 quia
2454 3831 2486 3862 «
2526 3804 2761 3894 posuit
2793 3805 3137 3893 santium,
3172 3832 3210 3868 ιι
3242 3829 3411 3897 quas
3441 3806 3805 3877 reduxerat

2262 3909 2345 3978 de
2372 3913 2785 4002 captivitate,
2832 3939 2865 3978 ι
2897 3915 3072 3981 sicut
3108 3937 3286 3993 oves,
3324 3941 3358 3980 s
3401 3916 3806 4008 simpliciter

2263 4025 2332 4085 et
2359 4014 2708 4087 humiliter
2734 4018 3149 4089 obedientes.
3194 4020 3364 4090 Ecce
3403 4023 3586 4113 quod
3626 4023 3806 4092 dici-

2260 4131 2398 4206 tur,
2434 4124 2594 4205 Jub,
2634 4149 2729 4203 xl,
2792 4128 2910 4195 ¹7:
2974 4132 3142 4195 Cum
3203 4138 3268 4195 te
3319 4140 3799 4223 consumptum

2259 4233 2640 4323 putaveris,
2685 4243 2747 4301 te
2785 4231 3235 4321 humiliando,
3294 4239 3536 4305 orieris
3572 4248 3650 4306 ut
3679 4239 3802 4306 lu-

2253 4337 2454 4429 ciler,
2503 4339 2589 4408 ad
2635 4338 3056 4409 altitudinem
3107 4344 3559 4413 ascendenda.
3607 4344 3796 4414 Bene

2254 4455 2483 4516 autem
2531 4448 2774 4516 ovibus
2820 4460 3297 4542 comparantur
3343 4451 3666 4538 humiles,
3726 4462 3793 4522 et

2253 4556 2687 4628 obedientes:
2722 4558 3137 4650 quindena.
3191 4583 3259 4644 x,
3317 4561 3430 4642 27,
3495 4562 3786 4634 dicitur:

2255 4667 2425 4736 Oves
2451 4690 2616 4736 meae
2643 4690 2862 4735 rocem
2893 4690 3113 4735 meam
3156 4669 3475 4741 audiunt.
3536 4671 3783 4743 Ezech.

2249 4799 2483 4859 xxxw,
2589 4778 2665 4845 3¹
2724 4799 2742 4847 ε
2818 4778 2935 4844 l'os
2996 4788 3253 4858 autem,
3332 4804 3566 4872 [μεμε-ς
3623 4784 3783 4860 mei,

569 4886 768 4979 juvit
786 4902 1194 4976 pauperent,
1228 4905 1266 4941 ιι
1339 4877 1534 4946 illum
1583 4877 1943 4970 populum,
1987 4905 2025 4943 ⁴¹
2057 4877 2141 4947 de
2244 4909 2484 4977 qreqes
2525 4908 2798 4978 pascuae
2827 4910 3011 4965 meae,
3035 4888 3341 4956 leomiues
3372 4892 3556 4959 estis.

2335 5228 2371 5270 ι
2405 5205 2500 5271 Et
2526 5201 2847 5272 videbunt
2875 5209 3060 5276 recti.
3092 5205 3286 5298 »ζῐῐίο
3325 5213 3427 5273 est
3481 5210 3784 5278 secunda

3990 771 4162 816 multa.

3915 5220 4043 5288 Δ,

2241 5331 2399 5399 pars
2428 5311 2632 5400 hujus
2673 5309 2950 5382 Psalmi.
3010 5312 3387 5404 Postquam
3446 5316 3631 5385 enim
3681 5320 3783 5386 in·
3808 5319 4130 5433 ”⁸¹:⁶me

2240 5417 2482 5486 vitavit
2538 5418 2624 5487 ad
2687 5417 2953 5488 laudem
2991 5418 3118 5488 Dei
3154 5429 3430 5514 propter
3465 5424 3682 5494 multa
3711 5434 3780 5494 et
