5008 6329
1890 267 2601 338 COMMENTARIUS
2649 267 2745 333 ΙΝ
2796 266 3224 336 PSALMUM
3277 270 3725 337 CXXXVIII.

1208 433 1495 524 fugiam,
1532 438 1671 505 imo
1724 466 1758 502 α
1791 441 2160 529 confitebor
2197 442 2348 519 tibi,
2386 466 2419 506 ι»
2488 439 2760 507 confes-

1209 544 1403 611 sione
1434 569 1615 616 verae
1646 549 1828 631 fidei,
1865 559 1931 618 et
1960 551 2201 619 laudis.

1310 782 1338 818 ι(
1373 758 1557 841 Quia
1606 760 2008 828 terribiliter
2064 760 2553 849 rnaqnificatus
2593 781 2680 825 es.
2725 785 2755 819 υ

1209 863 1336 930 Hic
1402 868 1624 957 tangit
1679 867 1899 934 laudis
1931 889 2206 934 causam
2261 866 2754 933 universaliter.

1208 971 1291 1038 Et
1331 974 1582 1061 primo,
1616 973 1742 1040 Dei
1785 973 2364 1062 magnificentiam
2404 975 2474 1041 in
2512 996 2606 1041 se.
2644 973 2762 1041 Se-

1206 1078 1455 1156 cundo,
1513 1081 1582 1146 in
1631 1079 1773 1146 suis
1830 1080 2174 1167 operibuS,
2220 1079 2337 1158 ibi,
2395 1105 2428 1146 α
2470 1079 2762 1148 Mirabi-

1211 1187 1336 1255 lia.
1380 1213 1414 1252 »

1298 1294 1414 1362 Ait
1481 1294 1714 1361 enim:
1764 1293 1879 1360 Sic
1934 1295 2338 1373 confitebor,
2382 1304 2448 1363 et
2495 1297 2761 1383 justum

1207 1407 1356 1472 est:
1411 1428 1443 1461 α
1483 1399 1664 1482 Quia
1696 1400 2186 1489 maqnificatus
2224 1425 2313 1477 es,
2350 1430 2379 1461 υ
2419 1399 2529 1467 vel
2573 1429 2604 1462 «
2642 1402 2759 1466 mi·

1209 1509 1534 1592 riticatus,
1563 1532 1597 1572 n
1640 1508 1775 1575 alia
1816 1508 2079 1577 littera:
2117 1533 2255 1576 non
2297 1510 2477 1577 enim
2516 1530 2764 1598 possu-

1208 1637 1361 1683 mus
1394 1625 1457 1683 te
1486 1616 1943 1696 considerare,
1980 1619 2145 1709 quin
2178 1640 2503 1708 magnum
2537 1625 2603 1685 et
2644 1619 2763 1684 mi-

1210 1722 1475 1790 rificum
1515 1724 1970 1792 inveniamus,
2000 1724 2439 1815 Magnificum
2481 1733 2548 1792 et
2571 1725 2763 1791 miri-

1211 1830 1415 1897 ficum
1457 1832 1817 1899 invenerat
1851 1831 2119 1909 Daniel,
2155 1833 2270 1923 qui
2301 1831 2590 1914 dicebat,
2624 1832 2764 1899 Da-

1213 1938 1369 2006 niel.
1434 1962 1506 2020 x,
1540 1940 1665 2006 16:
1710 1941 2009 2007 Domine
2045 1941 2166 2015 mi,
2205 1940 2274 2007 in
2333 1942 2590 2008 visione
2641 1951 2762 2008 tua

1207 2046 1560 2114 dissolutae
1585 2059 1751 2115 sunt
1780 2070 2143 2139 compaqes
2172 2070 2361 2127 meae,
2397 2059 2459 2115 et
2488 2046 2678 2115 nilzil
2693 2049 2762 2115 in

1202 2178 1308 2222 me
1336 2157 1669 2222 remansit
1707 2156 1988 2223 virium.
2031 2157 2302 2226 Denter.
2340 2180 2408 2235 Χ,
2462 2158 2536 2223 17
2575 2179 2590 2224 :
2631 2159 2765 2224 Do·

1200 2267 1432 2333 minus
1469 2267 1654 2332 Deus
1686 2275 1898 2333 vester
1927 2268 2070 2356 ipse
2106 2276 2204 2333 est
2232 2270 2417 2334 Deus
2448 2266 2758 2345 deorum,

1199 2385 1264 2440 et
1306 2374 1648 2441 Dominus
1686 2373 2223 2452 dominantium,
2256 2378 2443 2444 Deus
2473 2396 2767 2465 maqnus

1202 2491 1265 2547 et
1284 2493 1553 2571 potens,
1578 2491 1643 2548 et
1668 2480 2159 2559 terribilis‚etc.
2187 2481 2452 2550 Daniel.
2486 2505 2604 2558 vn,
2637 2482 2715 2548 11
2745 2502 2760 2547 :

1204 2589 1517 2655 Potestas
1553 2587 1710 2677 ejus
1729 2598 2036 2679 potestas
2063 2598 2338 2655 aeterna.
2384 2587 2767 2678 Magnifica-

1204 2702 1314 2762 tus
1373 2706 1736 2785 potestate.
1785 2695 1894 2763 Ad
1963 2695 2216 2786 Philip.
2261 2719 2331 2773 11,
2380 2698 2465 2764 8:
2513 2699 2767 2764 Factus

1203 2812 1324 2880 est,
1361 2802 1548 2869 Patri
1578 2802 1858 2880 scilicet,
1893 2803 2208 2871 obediens
2238 2826 2450 2893 usque
2476 2803 2576 2870 od
2592 2825 2768 2870 mor-

1210 2924 1369 2992 tem,
1400 2924 1689 2981 mortem
1720 2923 1954 2982 autem
1983 2917 2226 2983 crucis,
2265 2917 2559 3006 Propter
2580 2913 2773 3005 quod

1209 3030 1273 3087 et
1326 3023 1514 3089 Deus
1551 3021 1895 3090 exaltavit
1943 3022 2177 3100 illum,
2221 3030 2349 3090 etc.
2402 3022 2507 3089 Ad
2546 3021 2760 3091 llebr.

1209 3149 1280 3206 n,
1310 3129 1389 3196 9:
1433 3128 1749 3196 Videmus
1782 3130 2044 3208 lesum,
2071 3138 2355 3221 propter
2374 3130 2764 3219 passionem

1207 3237 1476 3312 mortiS,
1519 3235 1757 3328 yloria
1815 3246 1879 3303 et
1907 3235 2162 3303 honore
2214 3246 2641 3305 coronatum.
2679 3236 2762 3304 Et

1201 3348 1484 3435 propter
1512 3341 1671 3426 hoc,
1707 3342 1871 3435 quia
1901 3343 2376 3435 magnificatus
2427 3345 2558 3412 isto
2619 3367 2764 3414 mo-

1199 3448 1313 3527 de,
1374 3448 1632 3519 scilicet
1687 3472 1814 3541 per
1880 3452 2298 3542 passionem,
2367 3449 2762 3520 terribiliter

1204 3554 1687 3648 magnificatus
1754 3564 1859 3624 est
1920 3555 2378 3636 doemonibus,
2446 3565 2513 3625 et
2563 3556 2760 3626 melis

1201 3663 1601 3733 hominibus
1652 3687 1668 3731 ε
1751 3665 1939 3756 quia,
1991 3662 2152 3733 Luc.
2213 3687 2404 3745 xxm,
2490 3667 2567 3734 31
2612 3689 2627 3735 :
2677 3668 2762 3737 Si

1198 3775 1267 3840 in
1336 3772 1550 3840 viridi
1614 3772 1808 3862 liqno
1846 3773 1990 3842 liaec
2059 3773 2358 3862 jaciunt,
2421 3774 2493 3841 in
2559 3774 2757 3843 arido

1198 3878 1377 3968 quid
1398 3876 1523 3966 fiet
1547 3875 1590 3945 5'

1289 4010 1323 4052 ι
1366 3984 1764 4054 Mirabilia.
1796 4011 1832 4047 n
1876 3984 2087 4065 Quasi
2129 3985 2419 4055 diceret:
2453 3986 2612 4055 Non
2638 4009 2758 4055 so-

1196 4093 1341 4161 lum
1387 4095 1455 4161 in
1522 4101 1587 4162 te
1628 4092 2115 4185 magnificatus
2145 4117 2217 4162 es
2273 4103 2342 4162 et
2398 4096 2751 4174 mirificus„

1193 4199 1311 4269 sed
1368 4202 1577 4269 etiam
1630 4226 1663 4265 ι
1707 4222 1918 4293 opera
1976 4212 2125 4280 tuo,
2161 4230 2193 4263 n
2269 4203 2533 4294 supple,
2596 4209 2759 4271 sunt

1198 4335 1232 4371 α
1266 4307 1652 4377 mirabilia.
1692 4334 1726 4374 ι
1766 4308 1929 4391 Job,
1970 4331 2039 4391 v,
2080 4312 2165 4379 9:
2216 4311 2354 4396 Qui
2386 4312 2566 4402 lacit
2600 4334 2759 4379 ma-

1191 4440 1362 4509 yno,
1398 4427 1464 4485 et
1512 4417 2033 4498 inscrutabilia,
2068 4428 2132 4486 et
2160 4418 2548 4499 mirabilia,
2580 4443 2757 4511 quo-

1194 4546 1358 4591 rum
1409 4547 1547 4592 non
1602 4533 1703 4593 est
1745 4547 2095 4595 numeru&
2126 4524 2411 4614 Apocal.
2473 4548 2588 4606 xv,
2667 4528 2750 4596 3:

1194 4633 1461 4722 Alaqna
1488 4642 1555 4700 et
1589 4630 1954 4700 mirabilia
1974 4641 2138 4700 sunt
2166 4655 2374 4724 opera
2424 4643 2575 4713 tua,
2611 4636 2759 4703 Do-

1197 4738 1380 4807 mine
1406 4740 1595 4807 Deus
1632 4740 2083 4831 omnipotens.
2123 4738 2269 4808 Sub
2308 4742 2522 4809 veteri
2579 4741 2754 4834 lege,

1198 4844 1385 4914 fuere
1430 4846 1705 4938 proprie
1750 4846 1973 4938 signa.
2020 4847 2048 4913 1
2080 4846 2167 4916 ad
2196 4833 2507 4918 Corinth.
2541 4872 2590 4927 1,
2624 4850 2753 4919 22:

1193 4954 1431 5023 Judaei
1469 4956 1677 5045 siqna
1703 4964 1978 5047 petunt.
2017 4953 2155 5022 Sed
2193 4956 2264 5024 in
2301 4979 2508 5036 nova,
2552 4960 2762 5027 mira-

1199 5061 1366 5130 bilia
1397 5063 1575 5132 iacta
1613 5070 1799 5131 sunt.
1843 5061 2048 5132 Eccli.
2082 5084 2322 5146 xxxvi,
2356 5066 2440 5133 6:
2500 5066 2762 5134 Innova

1199 5171 1432 5259 siyna,
1466 5180 1532 5239 et
1564 5171 1861 5237 immuta
1893 5169 2279 5238 mirabilia.

1304 5410 1338 5444 «
1369 5383 1468 5452 Et
1534 5380 1775 5449 anima
1830 5403 2009 5449 mea.
2046 5405 2081 5446 ι
2150 5379 2280 5450 Hic
2333 5382 2636 5463 tertium,
2696 5378 2767 5448 in

1213 5510 1351 5581 quo
1419 5486 1768 5579 specificat
1827 5486 1959 5556 Dei
2004 5486 2442 5580 magnificam
2494 5487 2771 5556 bonita-

1215 5607 1381 5676 tem,
1414 5618 1537 5688 per
1565 5617 1776 5705 opera
1833 5595 2050 5665 multa
2089 5616 2241 5687 quae
2293 5604 2650 5664 enumerat
2686 5594 2772 5664 ad

4290 267 4414 334 451γ

2868 437 3183 525 pietatem
3219 439 3336 505 Dei
3395 441 3846 528 pertinentia:
3882 448 3951 507 et
3999 436 4307 527 loquitur
4346 437 4414 501 in

2870 564 3154 630 persona
3196 545 3402 611 totius
3459 546 3764 635 corporis
3804 544 4144 611 Ecclesiae.
4181 543 4415 608 Primo

2869 671 3029 738 ergo
3088 652 3383 741 tangitur
3439 649 4027 719 illustratio'fidei.
4074 648 4415 728 Secundo,

2870 759 3320 847 quorumdam
3378 763 3445 828 in
3540 759 3838 827 Ecclesia
3907 759 3976 824 in
4044 760 4420 825 constantia

2871 864 3214 953 perfec-tic,
3249 867 3365 945 ibi,
3409 875 3471 943 y.
3519 870 3634 935 15:
3678 894 3709 931 c
3754 868 3908 934 Non
3958 876 4056 932 est
4110 865 4420 931 occulta-

2872 980 3043 1038 tum.
3091 998 3122 1037 »
3178 974 3429 1054 Terti0,
3485 974 3921 1040 intirmorum
3974 974 4088 1062 pia
4135 995 4423 1062 suppor-

2872 1078 3060 1155 tatio,
3109 1079 3221 1156 ibi,
3254 1087 3315 1155 y.
3349 1082 3430 1147 16
3458 1102 3471 1145 z
3505 1104 3538 1145 α
3572 1080 4066 1170 Imperfectum
4099 1101 4351 1144 meum.
4379 1106 4410 1139 »

2873 1183 3154 1263 Quart0,
3181 1186 3265 1253 ad
3283 1189 3497 1255 vitam
3528 1187 4061 1277 praedestinatio,
4098 1194 4236 1253 tam
4271 1210 4422 1278 per-

2873 1290 3194 1359 fectorum
3246 1316 3448 1384 quam
3480 1293 4062 1383 imperfectorum,
4097 1293 4216 1370 ibi,
4260 1318 4293 1359 α
4326 1296 4421 1361 Et

2873 1399 2943 1464 in
3002 1398 3175 1467 libro
3215 1411 3356 1467 tuo.
3418 1427 3451 1465 i>
3510 1401 3791 1481 QuintO,
3864 1402 4418 1491 imperfectorum

2870 1509 3214 1598 perfectio,
3254 1519 3320 1577 et
3351 1511 3740 1577 informatio
3776 1510 3862 1577 ad
3902 1510 4419 1578 similitudinem

2871 1619 3002 1701 sui,
3049 1619 3164 1696 ibi,
3230 1645 3262 1685 ιι
3330 1621 3496 1687 Dies
3542 1617 4139 1708 formabuntur.[»
4202 1618 4418 1709 Sexto

2870 1733 2937 1792 et
2999 1725 3265 1806 ultimo,
3332 1726 3784 1818 perfectorum
3861 1726 4209 1805 exaltatiO,
4298 1726 4415 1805 ibi,

2869 1840 2932 1908 5.
2984 1835 3061 1900 17
3099 1855 3113 1899 ε
3151 1859 3184 1897 ι
3216 1835 3398 1900 Mihi
3425 1844 3656 1902 autem
3685 1836 3917 1901 nimis,
3967 1861 3999 1895 ι»

2962 1940 3136 2009 Dicit
3180 1965 3342 2032 ergo
3380 1965 3394 2008 ε
3450 1941 3566 2010 Sic
3606 1941 3932 2010 mirificus
3982 1944 4051 2009 in
4101 1951 4191 2019 te,
4238 1950 4304 2009 et
4350 1944 4419 2009 in

2872 2050 3005 2116 tui's
3034 2050 3352 2139 operibus
3385 2071 3401 2117 z
3450 2078 3482 2113 α
3517 2060 3581 2118 et
3611 2052 3850 2118 anima
3889 2071 4067 2129 mea,
4107 2076 4142 2113 ιι
4187 2051 4420 2118 infun-

2870 2156 3071 2225 dente
3104 2166 3163 2225 te
3206 2157 3354 2226 fidei
3399 2158 3645 2235 lucem,
3709 2186 3742 2221 α
3775 2169 4127 2249 coynoscet
4183 2160 4417 2238 nimis,

2873 2266 2940 2333 id
2969 2275 3092 2343 est,
3144 2266 3360 2333 valde.
3411 2266 3435 2331 1
3467 2266 3553 2333 ad
3605 2266 3915 2334 Corinth.
3953 2290 4097 2349 xm,
4137 2269 4215 2333 12
4252 2290 4267 2335 :
4313 2268 4424 2332 Vi-

2871 2375 3109 2441 demus
3134 2397 3314 2442 nunc
3335 2398 3463 2465 per
3514 2376 3874 2466 speculum
3926 2378 3996 2441 in
4026 2377 4417 2464 eeniqmate.

2873 2481 3235 2561 Quomodo
3293 2481 3454 2549 dicit
3523 2505 3592 2548 se
3661 2483 3870 2549 m'mis
3964 2482 4425 2572 coynoscere?

2874 2589 3300 2681 Respondeo.
3369 2591 3516 2658 lioc
3581 2590 3744 2658 «licit
3785 2592 4297 2682 comparatione
4339 2593 4424 2660 ad

2872 2697 3495 2788 cognitiones‘alias
3527 2697 3906 2776 infcrioreS,
3942 2723 4094 2789 qum
4125 2710 4280 2767 sunt
4307 2724 4425 2791 per

2873 2826 3096 2870 rerum
3144 2806 3427 2893 species,
3482 2803 3715 2894 quales
3772 2815 3931 2871 sunt
3983 2806 4293 2883 scic-ntia,
4355 2816 4421 2875 ct

2869 2912 3126 3000 opinio.
3191 2910 3312 2978 Vel
3379 2910 3513 2979 hoc
3563 2911 3750 2987 dicit,
3786 2914 3947 3002 quia
4005 2913 4234 2980 nullus
4292 2916 4418 2982 scit

2870 3029 3120 3111 quanta
3157 3022 3244 3086 sit
3276 3020 3606 3088 certitudo
3670 3021 3850 3098 tielci,
3894 3022 4022 3089 nisi
4077 3024 4190 3113 qni
4237 3024 4417 3089 intus

2868 3127 3093 3195 sentit.
3166 3126 3447 3217 Apocal.
3511 3147 3586 3204 ιι,
3655 3128 3777 3194 17:
3833 3128 4049 3196 Nemo
4089 3130 4238 3202 scit.
4283 3131 4418 3198 nisi

2866 3235 2990 3326 qui
3051 3236 3320 3325 accipit.
3394 3233 3523 3302 lsa.
3594 3256 3783 3318 xxiv,
3859 3237 3981 3302 16:
4062 3239 4412 3306 Secretum

2866 3364 3092 3410 meum
3121 3342 3316 3425 milti,
3347 3352 3679 3410 secretum
3710 3365 3937 3411 meum
3969 3344 4167 3411 milii.

2952 3689 2984 3720 «
3028 3660 3180 3728 Non
3236 3669 3332 3725 est
3386 3659 3837 3730 occultatum.
3884 3686 3918 3727 »
3979 3662 4109 3732 Hic
4160 3686 4410 3733 secun-

2861 3769 3025 3837 dum
3073 3768 3505 3846 beneficium,
3559 3769 3881 3860 perfectio
3945 3772 4408 3864 quorumdam

2860 3879 2929 3945 in
2992 3879 3372 3947 constantia
3436 3875 3640 3946 fidei:
3685 3887 3752 3946 et
3817 3881 4121 3971 tangitur
4187 3883 4409 3972 primo

2856 3982 3200 4075 perfectio.
3257 3981 3601 4063 Secundo,
3637 3994 4059 4053 monstratur
4096 3986 4404 4059 beneticii

2860 4086 3282 4179 magnitudo,
3326 4087 3447 4168 ibi,
3485 4115 3518 4149 «ι
3560 4089 3656 4155 Et
3680 4088 4074 4159 substantia
4104 4115 4278 4161 meo.
4329 4124 4360 4156 »ι

2945 4194 3125 4264 Dicit
3160 4217 3363 4286 ergo:
3403 4193 3519 4263 Sic
3563 4196 3795 4266 anima
3839 4220 3993 4266 mea
4029 4206 4406 4291 cognoscit,

2859 4311 2949 4383 et,
2983 4325 3026 4372 o
3058 4303 3374 4389 Domine,
3412 4331 3445 4366 α
3481 4325 3557 4371 os
3594 4325 3822 4372 meum
3850 4333 3883 4367 n
3941 4307 4049 4396 (os
4079 4309 4306 4392 ossis),
4343 4312 4407 4379 id

2857 4420 2983 4490 est,
3015 4409 3222 4480 fortes
3260 4411 3330 4478 in
3358 4434 3645 4502 corpore
3675 4435 3859 4498 meo,
3892 4413 4053 4482 dicit
4078 4414 4405 4498 Ecclesia,

2863 4547 2897 4582 α
2938 4517 3128 4609 quod
3174 4519 3401 4608 fecisti
3427 4518 3501 4586 in
3548 4518 3840 4598 occulto,
3882 4547 3914 4582 ι»
3961 4520 4174 4590 latent
4222 4526 4408 4594 enim

2858 4632 3245 4694 constantes
3316 4632 3384 4693 et
3450 4624 3659 4693 fortes
3718 4625 3787 4692 in
3838 4626 3999 4710 tide,
4032 4630 4149 4719 qui
4191 4632 4408 4700 occidi

2859 4741 3169 4825 possunt,
3237 4733 3416 4802 ssecti
3465 4743 3838 4825 nequeunt.
3922 4735 4029 4804 Ad
4109 4738 4403 4809 Roman.

2861 4862 3004 4918 vm,
3038 4840 3122 4909 33
3161 4847 3225 4907 et
3264 4839 3393 4907 38:
3440 4840 3611 4924 Quis
3635 4862 3759 4908 nos
3783 4843 4135 4933 separabit
4163 4869 4208 4914 α
4245 4848 4414 4915 clm-

2864 4948 3069 5015 ritote
3091 4944 3345 5016 Christi
3366 4942 3490 5013 ?...
3519 4946 3762 5017 Certus
3785 4969 3970 5032 sum,
4002 4953 4173 5042 quia
4200 4976 4418 5046 neque

2867 5077 3072 5133 mors,
3138 5076 3353 5145 neque
3417 5055 3586 5137 vita,
3655 5064 3786 5126 etc.
3846 5056 4035 5125 Inter
4081 5060 4413 5142 carnales,

2870 5186 2904 5228 ι
2938 5183 3071 5229 non
3131 5170 3229 5228 est
3299 5159 3723 5229 occultatum
3782 5185 3825 5229 α
3899 5172 3996 5230 te:
4032 5193 4064 5226 ι»
4112 5173 4183 5232 tu
4232 5170 4416 5237 enim

2867 5268 3103 5336 omnia
3147 5267 3351 5337 nosti.
3384 5267 3548 5337 Haec
3590 5276 3752 5336 sunt
3790 5290 3972 5349 ossa,
4016 5270 4100 5340 de
4140 5274 4415 5364 quibus,

2864 5375 3024 5463 Job,
3066 5399 3187 5457 vu,
3228 5379 3304 5446 15
3334 5399 3351 5447 ε
3386 5378 3627 5470 Elegit
3680 5379 4134 5469 suspendium
4183 5387 4422 5454 anima

2874 5511 3053 5569 meo,
3119 5488 3567 5579 suspendium
3636 5491 4262 5582 contemplationis,
4359 5507 4425 5566 et

2874 5602 3162 5664 mortem
3208 5616 3360 5662 ossa
3421 5616 3598 5676 mea,
3665 5617 3807 5664 non
3873 5597 4147 5689 fugiunt
4179 5604 4417 5692 ipsam.

4540 3689 4663 3758 ¹6
