5008 6329
736 4266 1054 4366 Ρτίιιξιιιῶιη

1796 424 2500 494 COMMENTARIUS
2554 425 2644 491 lN
2694 424 3129 495 PSALMUM
3180 425 3565 497 CXXXIX.

1078 589 1184 658 lus
1217 594 1380 660 satis
1410 591 1678 685 planuS,
1704 596 1956 664 scilicet
1986 596 2094 665 hic
2128 621 2141 663 z
2191 622 2223 662 α
2265 598 2349 663 In
2384 596 2620 682 finem,

1078 699 1410 769 Psalmus
1464 703 1716 771 David.
1779 731 1812 766 n
1863 702 1949 769 Et
2007 713 2113 793 est·
2155 724 2392 769 sensus
2436 723 2451 767 ε
2498 700 2625 766 Hic

1082 808 1465 876 «Psalmus
1492 835 1522 872 »
1550 811 1873 877 ordinans
1895 833 2019 875 nos
2063 839 2092 869 «
2121 810 2190 874 in
2227 807 2458 895 finem,
2491 833 2522 867 n
2560 805 2626 872 id

1075 925 1202 991 est,
1237 913 1613 996 Christum,
1673 918 1787 1005 qui
1828 924 1950 992 est,
2007 916 2178 981 sicut
2233 915 2499 997 dicitur,
2542 912 2627 981 ad

1076 1021 1370 1090 Roman.
1407 1047 1476 1106 x,
1512 1024 1577 1099 4,
1627 1023 1789 1109 finis
1830 1021 2076 1111 ἱερὰς...
2123 1024 2311 1090 omni
2360 1022 2628 1090 creden-

1077 1130 1132 1195 ti
1165 1135 1212 1208 ¹,
1263 1137 1366 1197 est
1447 1157 1479 1191 «
1527 1129 1776 1207 David,
1821 1158 1850 1189 ι»
1917 1131 2460 1221 congregationis
2518 1131 2628 1219 ju-

1078 1244 1368 1314 storum,
1414 1237 1482 1302 in
1547 1235 1847 1304 Ecclesia
1894 1239 1978 1305 ad
2037 1237 2257 1306 Deum
2316 1239 2627 1306 claman-

1078 1345 1276 1421 tium,
1336 1346 1452 1433 qui
1511 1344 1682 1412 bene
1747 1344 1994 1413 dicitur
2057 1345 2274 1412 David
2348 1353 2625 1436 propter

1075 1453 1547 1521 fortitudinem
1599 1461 1665 1523 et
1703 1454 2121 1546 spiritualem
2170 1454 2626 1545 pulchritudi-

1078 1587 1260 1631 nem.
1325 1563 1747 1634 Fortitudine
1812 1575 1944 1634 stat
2000 1574 2233 1633 contra
2298 1566 2626 1633 adversa-

1076 1673 1283 1752 rium,
1329 1671 1835 1762 pulchritudine
1871 1674 2084 1762 placet
2124 1674 2292 1740 Deo.

1165 1899 1509 1967 Dividitur
1538 1908 1764 1966 autem
1811 1897 2118 1965 Psalmus
2149 1898 2220 1963 in
2268 1895 2437 1963 duas
2465 1919 2626 1985 par-

1074 2016 1174 2075 tes
1204 2004 1692 2097 principaliter.
1738 2005 1813 2071 In
1873 2005 2091 2095 prima
2144 2005 2308 2094 petit
2364 2003 2451 2070 ab
2490 2004 2628 2070 ini-

1074 2115 1228 2204 quis
1259 2122 1327 2182 et
1360 2113 1555 2180 malis
1585 2113 1873 2202 perfecte
1909 2111 2201 2179 liberari.
2251 2109 2327 2177 In
2379 2132 2626 2178 secun-

1077 2222 1189 2303 da,
1226 2220 1546 2289 describit
1590 2221 1981 2311 diligentius
2039 2218 2217 2286 mala
2287 2219 2624 2285 malorum

1075 2328 1299 2397 bonos
1338 2330 1923 2420 persequentium,
1970 2335 2033 2395 ct
2082 2328 2256 2393 bona
2279 2327 2624 2415 justorum

1074 2461 1249 2529 quos
1280 2439 1405 2529 ipsi
1442 2446 1964 2529 persequuntur,
1989 2437 2110 2520 ibi,
2140 2444 2204 2512 ᾗ.
2244 2437 2325 2503 10
2361 2459 2376 2503 ;
2416 2461 2449 2500 ι
2487 2436 2630 2504 Ca-

1064 2557 1200 2637 put
1228 2546 1558 2613 circuitus
1588 2567 1846 2612 eorum.
1905 2569 1938 2609 ι

1162 2653 1240 2721 Iu
1299 2655 1519 2744 prima
1558 2663 1784 2721 autem
1824 2651 2140 2720 dicuntur
2184 2650 2346 2718 duo.
2396 2649 2626 2717 Primo

1074 2766 1258 2832 enim
1318 2766 1486 2855 petit
1542 2765 1709 2854 eripi
1786 2787 1824 2831 a
1890 2785 2114 2854 poena,
2183 2770 2248 2829 et
2324 2760 2623 2837 miseria,

1073 2894 1282 2961 quam
1353 2871 1672 2962 infligunt
1719 2870 1904 2937 mali.
1954 2868 2292 2944 Secundo,
2347 2868 2432 2935 ab
2484 2869 2631 2957 ipsa

1072 2978 1301 3068 culpa,
1336 2979 1405 3045 in
1454 3002 1662 3069 quam
1703 2978 1990 3066 dejicere
2038 2976 2422 3057 intendunt,
2506 2976 2623 3052 ibi,

1069 3092 1133 3161 ὴ.
1171 3086 1210 3153 7
1249 3108 1267 3153 ε
1309 3113 1342 3148 α
1374 3087 1551 3153 Dixi
1587 3087 1890 3153 Domino
1923 3108 1945 3151 :
1984 3086 2193 3152 Deus,
2243 3109 2276 3149 ι

1163 3194 1239 3262 lu
1270 3195 1493 3286 prima
1525 3194 1688 3262 duo.
1736 3193 1998 3274 Primo,
2033 3194 2221 3285 petit.
2280 3190 2625 3267 Secundo,

1068 3306 1571 3385 necessitatem,
1644 3326 1778 3393 qua
1861 3304 2052 3393 petit,
2136 3301 2456 3382 ostendit,
2503 3300 2627 3372 ibi,

1068 3420 1131 3490 ς’.
1161 3415 1201 3482 3
1239 3438 1255 3483 :
1297 3440 1330 3479 ι
1372 3416 1512 3500 Qui
1528 3415 2022 3505 cogitaverunt.
2074 3443 2102 3472 ι»

1159 3519 1240 3588 In
1306 3521 1530 3611 prima
1587 3519 1748 3589 duo.
1795 3519 2053 3598 Primo,
2126 3521 2295 3609 petit
2371 3519 2542 3611 eripi
2591 3539 2630 3585 a

1072 3629 1258 3697 malo
1298 3627 1731 3721 generaliter,
1776 3629 1887 3719 qui
1925 3636 2122 3696 nocet
2166 3627 2293 3695 sibi
2334 3626 2443 3695 vel
2482 3626 2625 3694 alii.

1076 3735 1423 3816 Secundo,
1444 3735 1530 3803 ab
1560 3735 1796 3825 iniquo
1844 3734 2245 3825 specialiter,
2290 3734 2404 3824 qui
2431 3741 2630 3802 nocet

1074 3844 1189 3913 alii
1221 3845 1519 3936 proprie,
1547 3844 1666 3921 ibi,
1700 3850 1767 3919 5.
1822 3844 1862 3910 2
1897 3864 1914 3909 ε
1945 3870 1977 3908 ιι
2022 3847 2080 3911 Α
2113 3843 2258 3910 viro
2292 3843 2556 3933 iniquo.
2592 3870 2624 3903 ι»

1172 4171 1357 4241 Dicit
1398 4191 1561 4261 ergo
1620 4191 1636 4238 ε
1695 4166 1836 4249 Sic,
1895 4167 2212 4246 Domine,
2273 4167 2506 4260 fugere
2564 4177 2629 4237 te

1085 4302 1224 4348 non
1255 4300 1564 4371 possum,
1599 4277 1775 4346 inter
1801 4275 2017 4344 malos
2054 4273 2286 4345 habito
2316 4298 2627 4367 corpore,

1082 4526 1140 4584 le
1171 4529 1530 4600 rapportent
1556 4524 1591 4581 ὰ
1625 4530 1780 4581 cette
1810 4525 2079 4597 epoque3
2120 4523 2248 4579 rien
2307 4523 2630 4582 n'uutorise

1081 4615 1381 4674 vraiment
1405 4613 1441 4671 u
1480 4613 1537 4671 le
1576 4612 1829 4680 reculer,
1861 4629 1998 4669 avec
2050 4612 2362 4682 Deliusch,
2384 4612 2631 4687 jusqu’u

1080 4706 1141 4764 la
1195 4702 1421 4761 revolte
1478 4701 1820 4758 d’Absulon.
1876 4702 1963 4759 On
2020 4718 2336 4775 remurque
2394 4703 2538 4775 qu'it
2597 4719 2633 4761 a

1081 4796 1394 4867 beaucoup
1424 4790 1790 4861 d'uuulogies
1816 4807 1957 4850 avec
1988 4792 2074 4850 les
2098 4808 2380 4866 psaumes
2401 4793 2543 4850 Lvn
2572 4798 2633 4849 et.

1082 4888 1282 4954 Lxut,
1313 4893 1375 4944 et.
1401 4884 1443 4941 il
1467 4890 1636 4958 porte
1666 4883 1716 4939 si
1773 4883 2122 4941 clairement
2163 4884 2216 4940 le
2268 4885 2476 4942 cuchet
2525 4884 2631 4942 des

1081 4995 1315 5039 oeuvres
1343 4976 1419 5033 de
1448 4973 1654 5043 David,
1694 4980 1824 5030 taut
1861 4991 2012 5047 pour
2055 4975 2110 5031 le
2151 4977 2303 5048 style
2332 4993 2448 5050 que
2479 4994 2633 5050 pour

1083 5068 1174 5124 les
1203 5066 1480 5140 pensees,
1514 5059 1699 5134 qu'on
1729 5074 1803 5115 ue
1832 5065 1975 5132 peut
2012 5059 2206 5116 eles-er
2224 5077 2419 5118 aucun
2451 5062 2632 5118 doute

1083 5156 1324 5214 serieux
1380 5167 1485 5208 sur
1539 5150 1594 5206 le
1649 5147 1784 5205 titre
1828 5148 1932 5222 qui
1991 5149 2287 5209 l'uttribue
2328 5167 2407 5209 uu
2453 5152 2634 5225 pieux

1083 5267 1195 5308 roi.

1156 5332 1338 5393 David
1378 5336 1472 5389 est
1523 5327 1585 5385 lu
1640 5328 1828 5397 ngare
1878 5324 1960 5381 du
2018 5326 2225 5383 Hessie
2272 5330 2581 5402 persecute
2613 5346 2634 5388 .·

1083 5428 1230 5485 c'est.
1254 5417 1547 5499 pom-quoi
1579 5415 1815 5490 l'Eglise
1835 5431 1872 5470 a
1895 5414 2092 5472 insere
2115 5414 2172 5474 le
2201 5433 2450 5490 psaume
2480 5417 2633 5475 dans

1083 5519 1172 5576 les
1199 5517 1410 5590 vepres
1461 5510 1541 5567 du
1568 5506 1737 5566 leudi
1783 5511 1845 5562 et
1892 5505 1972 5562 du
2019 5506 2525 5565 vendredi·⁸aint.
2559 5509 2633 5565 Le

1085 5610 1351 5665 Sauveur
1379 5601 1674 5660 soutrrunt
1700 5619 1730 5647 κ
1762 5594 2027 5669 loquitur
2068 5594 2131 5652 iu
2173 5597 2404 5669 psalmo
2443 5614 2517 5654 ex
2546 5598 2634 5654 iu·

1093 5719 1116 5750 ι
1147 5691 1452 5754 firmitatis
1493 5694 1716 5747 nostro
1744 5701 1924 5759 quum
1968 5685 2293 5759 assumpsit
2335 5687 2551 5743 affectu
2577 5710 2629 5744 n.

1088 5788 1147 5847 S.
1206 5783 1392 5842 nitur.
1458 5779 1534 5836 Le
1590 5776 1898 5851 psalmiste
1957 5778 2303 5849 represeute
2357 5778 2518 5835 aussi
2575 5777 2632 5835 le

4165 427 4292 492 439

2730 614 2853 679 etsi
2887 617 3014 679 sim
3064 623 3417 703 separatus
3476 622 3705 681 mente
3765 636 3779 680 :
3842 612 3961 680 sed
4001 633 4041 678 o
4080 640 4111 674 «
4142 614 4285 681 Do-

2730 722 2935 798 mine,
2976 745 3007 782 w
3045 743 3239 811 rogo,
3278 750 3311 784 α
3343 723 3534 813 eripe
3572 744 3681 787 me
3710 720 3798 787 ab
3829 722 4104 787 homine
4133 743 4284 786 ma-

2735 825 2824 902 lo,
2864 851 2895 891 »
2941 829 3283 918 singulare
3315 830 3510 918 ponit.
3558 851 3680 918 pro
3728 828 4001 918 plurali,
4054 829 4122 895 id
4165 837 4287 905 est,

2732 938 2815 1004 ab
2900 938 3295 1007 hominibus
3385 939 3586 1006 malis
3630 962 3645 1006 :
3708 939 3885 1006 sicut
3965 939 4034 1003 in
4103 936 4285 1004 Psal.

2730 1067 2861 1121 civ,
2905 1047 2988 1113 34
3035 1070 3049 1112 :
3086 1047 3292 1113 Dia-it
3329 1059 3394 1112 ec
3432 1046 3616 1112 venit
3658 1044 3949 1121 locusta,
4010 1052 4073 1110 et
4122 1041 4291 1109 bru-

2729 1153 2916 1219 chus.
2962 1153 3187 1219 Homo
3220 1155 3467 1230 malus,
3512 1153 3721 1221 etiam
3782 1153 3923 1242 ipse
3977 1150 4285 1218 diabolus

2730 1269 2947 1350 potest
3017 1260 3171 1338 dici,
3236 1263 3411 1327 sicut
3463 1259 3613 1327 vult
3658 1259 3772 1327 hic
3833 1257 4075 1326 Glossa
4118 1280 4132 1324 :
4171 1258 4285 1347 qui

2729 1368 2930 1434 homo
2971 1367 3242 1446 dicitur,
3278 1366 3521 1434 Matth.
3558 1391 3706 1445 xm,
3743 1367 3829 1434 28
3884 1392 3900 1433 z
3954 1366 4286 1433 Inimicus

2729 1476 2931 1542 homo
2967 1474 3297 1564 hocfecit.
3345 1473 3479 1554 Qui
3512 1474 3762 1543 dicitur
3788 1474 4020 1555 home,
4062 1472 4169 1540 vel
4204 1471 4287 1539 ab

2732 1580 3010 1649 homine
3051 1605 3255 1673 quem
3297 1581 3552 1670 dejicit,
3596 1582 3772 1649 sicut
3832 1578 4061 1670 Scipio
4109 1579 4292 1646 Afri-

2730 1712 2963 1756 canus.
2998 1687 3151 1766 Vel,
3198 1691 3360 1780 quia
3390 1712 3558 1757 voce
3589 1688 3949 1757 articulata
3997 1710 4145 1778 quae
4184 1695 4286 1755 est

2732 1795 3030 1863 hominis
3074 1797 3379 1886 propria,
3429 1805 3668 1864 contra
3713 1797 4018 1887 primum
4065 1793 4288 1861 homi·
4370 1814 4374 1817 ⁴

2732 1928 2887 1971 nem
2921 1927 3083 1972 usus
3105 1915 3227 1972 est.
3279 1904 3429 1984 vet,
3474 1907 3636 1995 quia
3665 1904 3794 1971 sub
3844 1902 4286 1971 similitudine

2731 2013 3011 2080 rationis
3042 2012 3326 2102 decepit.
3364 2012 3464 2081 De
3506 2011 3639 2080 hoc
3686 2011 3937 2080 dicitur
3984 2012 4054 2078 in
4103 2009 4281 2077 Psal.

2732 2143 2825 2199 ix,
2861 2122 2945 2188 20
2999 2143 3013 2187 :
3061 2123 3405 2210 Exsurqe,
3458 2121 3779 2196 Domine,
3837 2141 3975 2186 non
4023 2119 4289 2208 consor-

2732 2237 2912 2294 !elur
2964 2228 3189 2295 homo.
3246 2228 3330 2295 Et
3368 2226 3453 2295 ub
3522 2228 3655 2296 hoc
3713 2227 4052 2295 Dominus
4128 2248 4288 2293 suos

2732 2337 2930 2425 eripit
2987 2344 3348 2425 ‚tamquam
3388 2335 3614 2403 bonus
3667 2343 3903 2426 pastor
3947 2332 4285 2402 oviculam

2732 2467 2773 2510 a
2845 2442 3225 2509 saevissimo
3316 2442 3539 2511 leone.
3623 2443 3892 2534 Amos,
3935 2463 4034 2522 ιιι,
4113 2440 4189 2506 12
4264 2461 4280 2507 :

2739 2550 3091 2634 Quomodo
3125 2553 3190 2618 si
3242 2561 3445 2619 eruat
3494 2560 3740 2642 pastor
3775 2549 3860 2618 de
3915 2571 4031 2616 ore
4078 2547 4288 2615 leonis

2736 2660 2873 2726 duo
2910 2681 3139 2733 crura.
3191 2670 3315 2727 aut
3360 2669 3747 2727 extremum
3787 2656 4144 2736 auriculae,
4194 2657 4293 2722 sic

2734 2777 3058 2834 eruentur
3124 2766 3270 2853 filii
3332 2766 3579 2835 Israel.
3649 2765 3804 2844 vet,
3866 2765 3951 2833 ab
4010 2764 4288 2831 homine

2737 2875 2916 2941 malo
2941 2874 3234 2965 proprie,
3280 2896 3719 2965 quocumque
3759 2871 4015 2940 scilicet
4053 2891 4293 2960 pecca-

2735 2990 2907 3063 tore,
2967 2982 3083 3072 qui
3152 2980 3376 3049 malus
3443 2989 3547 3049 est
3603 2979 3734 3048 sibi
3788 2978 4125 3056 nocendo,
4161 2977 4285 3045 etsi

2737 3090 3010 3181 iniquus
3076 3110 3215 3156 non
3281 3090 3370 3156 sit
3425 3087 3542 3156 ulii
3637 3085 3898 3155 malum
3985 3084 4287 3153 inferen-

2735 3195 2848 3264 do.

2827 3405 2906 3473 Et
2942 3432 2975 3471 ι
3009 3428 3052 3476 α
3082 3407 3229 3473 viro
3271 3406 3537 3498 iniquo,
3585 3430 3619 3471 ι
3672 3405 3975 3487 diabolo,
4026 3407 4141 3496 qui
4187 3404 4292 3472 vir

2736 3516 2937 3581 etium
3007 3522 3232 3604 potest
3295 3513 3454 3593 dici,
3542 3521 3826 3605 propter
3896 3535 4284 3604 perversum

2735 3646 2939 3714 quam
2987 3622 3184 3692 habet
3276 3621 3771 3691 fortitudinem.
3843 3619 3996 3712 lpse
4044 3631 4143 3690 est
4207 3620 4290 3689 de

2735 3756 2872 3823 quo
2947 3730 3212 3808 dicitur,
3252 3729 3411 3798 Luc.
3483 3753 3579 3809 xi,
3646 3732 3727 3797 21
3807 3752 3823 3798 :
3878 3731 4053 3799 Cum
4088 3728 4295 3819 sortis

2734 3849 3048 3906 armatus
3073 3838 3374 3908 custodi!
3410 3840 3675 3907 atrium
3702 3859 3938 3920 suuni,
3973 3847 4098 3906 etc.
4133 3834 4287 3914 vel,

2738 3975 2771 4014 ι
2804 3971 2848 4015 α
2906 3948 3049 4014 ciro
3106 3946 3371 4038 iniquo,
3426 3973 3461 4009 n
3521 3944 3806 4016 homine
3863 3946 4120 4015 scilicet
4173 3943 4286 4013 ulii

2732 4066 3045 4140 nocente,
3074 4083 3107 4122 ι
3141 4058 3326 4148 eripe
3352 4079 3485 4136 me,
3526 4085 3557 4120 n
3601 4057 3779 4124 sicut
3806 4063 3875 4123 et
3910 4054 4094 4134 facit,
4125 4053 4285 4134 Job,

2733 4188 2965 4240 xxxvi,
3046 4167 3124 4234 ¹5
3186 4187 3201 4232 ε
3264 4164 3538 4255 Eripiet
3596 4162 3682 4230 de
3744 4163 4078 4253 unqu-etia
4156 4184 4287 4229 sua

2728 4295 3126 4366 pauperem.
3197 4272 3308 4354 Et,
3346 4269 3551 4340 Eccli.
3626 4294 3714 4353 m,
3771 4272 3853 4339 16
3888 4292 3905 4338 :
3940 4272 4293 4364 Eripuisti

2735 4523 3003 4580 cliretien
3029 4539 3104 4581 eu
3137 4522 3306 4581 butte
3359 4539 3478 4581 aux
3533 4528 3813 4597 uttaques
3870 4521 3977 4579 des
4017 4520 4291 4578 ennemis

2736 4613 2815 4672 du
2842 4615 2998 4672 salut
3039 4615 3223 4671 :c'est
3256 4616 3292 4672 ἱι
3320 4632 3387 4672 ce
3420 4614 3593 4689 point
3621 4613 3697 4670 de
3715 4629 3831 4670 vue
3870 4628 3987 4685 que
4027 4611 4117 4669 sut
4147 4610 4289 4668 suite

2734 4705 2793 4762 lu
2819 4706 3013 4779 priere
3042 4705 3312 4761 suit-unte
3365 4703 3617 4760 extruite
3672 4719 3783 4777 pur
3833 4700 4157 4759 Thalhoser
4211 4699 4290 4756 du

2736 4793 3021 4851 hves-inire
3080 4792 3437 4850 mozarabo:
3470 4816 3500 4842 «e
3548 4793 3801 4850 Domine
3871 4792 4050 4860 Deus,
4105 4790 4293 4847 virtus

2736 4908 2764 4931 «ι
2798 4882 3007 4940 salutis
3036 4887 3278 4949 nostrie,
3352 4880 3649 4939 obumbra
3690 4886 3873 4954 ceput
3920 4885 4192 4936 nostrum
4225 4880 4289 4936 iu

2737 4994 2764 5022 u
2798 4969 3008 5025 diebus
3030 4968 3196 5037 belli,
3227 4986 3304 5026 ne
3362 4969 3605 5026 insidiis
3635 4970 3982 5043 quatiamur
4038 4968 4290 5037 inimici,

2736 5084 2765 5110 ot
2800 5076 2910 5115 nec
2940 5059 3191 5117 latentia
3219 5060 3332 5117 sub
3363 5060 3703 5117 invidorum
3737 5058 3915 5116 labiis
3942 5058 4293 5116 hauriamus

2743 5171 2766 5200 ι
2815 5167 3078 5219 venenu
3130 5157 3188 5207 et
3246 5152 3390 5225 quia
3438 5157 3502 5208 tu
3549 5150 3700 5208 fucis
3749 5148 4049 5223 ⁸iudicium
4089 5149 4288 5223 inopis

2744 5259 2767 5288 ι
2801 5245 2863 5297 et
2890 5239 3209 5298 vindictum
3260 5241 3568 5315 pauperis,
3616 5245 4031 5313 contemptum
4074 5246 4295 5296 nostru

2739 5353 2766 5380 e«
2810 5330 3169 5404 abjectionis
3216 5329 3506 5387 bonitatis
3569 5334 3686 5385 tuae
3744 5345 4074 5403 compensa
4146 5329 4310 5405 dffl‘.

2742 5440 2771 5472 Ι
2810 5420 2931 5477 Uis.
2964 5443 2993 5471 ιο

3674 5508 3746 5566 a.
3778 5508 4043 5569 Lustrat.

2810 5694 2827 5729 ¹
2865 5690 2951 5747 Ad
2981 5692 3231 5748 noman.
3265 5707 3325 5755 x,
3347 5692 3382 5747 ι
3415 5705 3431 5746 2
3461 5691 3622 5748 ranis
3667 5694 3816 5749 enim
3841 5670 4001 5763 teve,
4032 5692 4304 5766 chrum,

2734 5779 3108 5853 adjustitiam
3137 5778 3299 5837 omni
3323 5778 3592 5839 credenti.
