5008 6329
1866 334 2576 403 COMMENTARiUS
2628 333 2719 400 ΙΝ
2772 331 3205 401 PSALMUM
3256 334 3570 403 CXXtX.

1117 508 1297 574 enim
1358 514 1455 573 est
1506 529 1729 584 mane,
1774 531 2053 600 vespere
2111 531 2274 576 vero
2324 512 2659 575 senectus.

1115 615 1176 681 A
1220 615 1578 703 juventute
1619 641 1780 708 ergo
1832 640 2048 709 usque
2098 617 2183 684 ad
2240 620 2660 683 senectutem

1118 723 1187 788 in
1252 721 1544 791 Domino
1607 726 2043 814 sperandum.
2116 723 2191 788 In
2254 720 2435 789 Psal.
2499 742 2655 803 Lxx,

1117 834 1183 909 5,
1219 854 1421 921 supra
1465 854 1481 900 z
1524 835 1839 917 Domine,
1879 856 2029 923 spes
2067 853 2219 898 mea
2259 852 2301 896 a
2333 828 2666 918 juventu-

1118 947 1182 1005 te
1223 962 1397 1019 mea,
1434 941 1505 1007 in
1552 951 1615 1008 te
1651 940 2096 1027 confirmatus
2140 958 2297 1003 sum
2328 959 2412 1003 e-z·
2441 945 2658 1004 utero.

1114 1045 1201 1115 Et
1241 1070 1492 1129 rursuS,
1555 1049 1624 1115 in
1673 1047 1805 1114 alio
1866 1044 2136 1112 Psalmo
2195 1068 2347 1123 Lxx,
2400 1048 2439 1113 9
2493 1068 2508 1111 ε
2565 1047 2666 1112 Ne

1108 1156 1447 1248 projicias
1487 1177 1592 1223 me
1631 1157 1699 1221 in
1740 1165 2039 1243 tempore
2073 1155 2455 1231 senectutis,
2510 1174 2665 1220 cum

1117 1265 1436 1355 defecerit
1487 1266 1703 1330 virtus
1769 1284 1943 1341 mea,
2006 1270 2131 1330 etc.
2207 1261 2360 1341 Vel,
2432 1260 2666 1351 vigilia

1117 1373 1472 1448 matutina,
1555 1370 1825 1438 collatio
1902 1374 2138 1462 gratiae
2209 1394 2224 1437 ε
2297 1391 2436 1437 nox
2501 1391 2662 1436 vero

1118 1481 1616 1552 consummatio
1659 1481 1728 1547 in
1769 1490 2012 1549 morte.
2056 1480 2238 1571 Ergo
2284 1477 2371 1546 ab
2411 1479 2666 1545 instan-

1118 1591 1166 1658 ti
1202 1592 1269 1656 in
1308 1610 1440 1679 quo
1473 1587 1815 1655 confertur
1860 1591 2078 1679 gratia
2108 1611 2322 1678 usque
2373 1586 2456 1653 ad
2488 1609 2662 1653 mor·

1117 1703 1255 1762 tem
1286 1692 1718 1784 sperandum.
1755 1693 1917 1761 Haeo
1948 1702 2047 1759 est
2095 1691 2330 1783 vigilia
2381 1692 2664 1758 matuti-

1120 1816 1235 1882 na,
1281 1801 1362 1868 de
1396 1823 1554 1892 qua,
1594 1801 1807 1867 Exod.
1854 1823 1994 1879 xiv,
2040 1801 2123 1866 24
2151 1824 2165 1867 ε
2197 1803 2495 1889 Jamque
2535 1799 2668 1865 ad-

1119 1918 1390 1976 venerat
1442 1907 1690 1998 viqilia
1747 1909 2118 1989 matutina,
2160 1919 2223 1975 et
2263 1930 2404 1975 ecce
2458 1907 2666 1998 respi-

1115 2019 1296 2085 ciens
1345 2018 1687 2085 Dominus
1733 2039 1940 2108 super
1998 2027 2226 2084 castra
2291 2017 2662 2106 .quptio-

1121 2147 1273 2191 rum
1316 2147 1442 2215 per
1477 2124 1869 2191 columnam
1917 2125 2097 2213 iqnis
2136 2133 2198 2189 et
2236 2121 2463 2201 nubis,
2509 2144 2669 2213 gra-

1118 2234 1212 2300 tia
1297 2230 1700 2298 accendente
1745 2231 1826 2297 ad
1894 2230 2179 2309 bonum,
2234 2238 2300 2296 et
2354 2229 2671 2318 concupi-

1118 2342 1441 2410 scentiam
1474 2340 1933 2430 refrigerante.
1969 2338 2076 2416 ΕΙ,
2121 2336 2358 2405 Mauh.
2386 2360 2452 2417 x,
2488 2338 2572 2402 22
2603 2342 2668 2401 et

1120 2471 1309 2533 xxtv,
1367 2450 1443 2517 13
1490 2470 1506 2515 t
1554 2449 1691 2532 Qui
1745 2448 2271 2540 perseveraverit
2330 2469 2542 2538 usque
2597 2445 2665 2511 iu

1118 2559 1351 2648 finem,
1413 2555 1522 2622 laic
1567 2555 1802 2622 salvus
1846 2557 1997 2621 erit.
2053 2554 2266 2622 Levit.
2324 2577 2394 2622 ιιι
2452 2563 2519 2622 et
2571 2576 2662 2630 tv,

1120 2673 1315 2755 caput
1358 2662 1593 2731 hostiae
1635 2672 1696 2730 et
1744 2663 1955 2730 cauda
1997 2661 2511 2754 prmcipiebatur
2557 2661 2666 2728 of-

1120 2772 1273 2842 ferri
1308 2772 1626 2840 Domino.

1217 3127 1248 3168 «
1288 3098 1468 3186 Quia
1507 3095 1703 3190 apud
1750 3095 2151 3162 Dominum.
2188 3118 2219 3157 ιι
2256 3091 2379 3158 llic
2419 3113 2667 3157 secun-

1124 3210 1314 3285 dum,
1359 3206 1528 3272 ratio
1579 3226 1785 3295 quare
1832 3199 2245 3292 sperandum
2305 3197 2536 3267 lsi-aeli
2597 3200 2663 3264 in

1120 3320 1294 3411 ipso.
1346 3315 1600 3390 Prim0‚
1648 3310 2049 3378 beneficium
2083 3311 2230 3398 jam
2283 3316 2659 3400 acceptum.

1123 3424 1463 3500 Secundo,
1526 3421 2019 3513 accipiendum.
2075 3420 2196 3502 ibi,
2253 3427 2316 3495 ἵ.
2373 3422 2540 3486 8:11
2576 3420 2667 3486 Et

1122 3540 1264 3629 ipse
1293 3534 1597 3602 redimet.
1638 3560 1671 3594 n

1213 3646 1582 3732 Acceptum
1631 3637 1878 3729 duplex
1919 3636 2355 3716 beneficium,
2414 3632 2667 3703 scilicet

1124 3747 1609 3819 incarnationis
1656 3746 1905 3836 primo,
1949 3752 2012 3812 et
2052 3741 2459 3812 beneficium
2510 3765 2665 3833 pas-

1122 3858 1336 3930 sionis
1364 3855 1689 3935 secundo,
1743 3853 1861 3931 ibi,
1902 3855 2051 3921 «Et
2078 3853 2378 3945 copiosa.
2415 3875 2450 3917 ι

1213 3965 1394 4034 Dicit
1438 3986 1601 4054 ergo
1655 3985 1670 4030 ε
1726 3963 1839 4030 Sic
1878 3967 2390 4053 perseveranter
2443 3966 2668 4049 speret

1122 4072 1328 4144 Israel
1359 4072 1429 4139 in
1478 4069 1774 4137 Domino
1819 4091 1834 4135 t
1878 4077 1944 4136 et
1974 4070 2238 4159 justum
2269 4076 2396 4149 est,
2432 4092 2465 4131 ι
2499 4066 2668 4157 quia

1122 4182 1313 4277 apud
1378 4180 1752 4249 Dominum
1826 4175 2318 4256 misericordia,
2395 4199 2429 4239 ιι
2508 4173 2669 4265 quia

1119 4290 1339 4361 voluit
1376 4287 1711 4357 incarnari
1758 4294 1825 4354 et
1870 4284 2081 4353 homo
2121 4285 2292 4351 fieri.
2346 4280 2528 4364 Joel,
2569 4304 2664 4367 w,

1122 4403 1162 4469 2
1218 4423 1236 4468 :
1291 4397 1603 4468 Clemens
1666 4404 1731 4463 et
1766 4394 2145 4463 misericors
2206 4401 2329 4460 est.
2391 4390 2496 4459 Ad
2533 4390 2660 4459 Tit.

1120 4510 1221 4591 iu,
1276 4507 1316 4575 5
1379 4526 1398 4575 ε
1452 4504 1607 4573 Non
1664 4525 1750 4570 ea·
1800 4499 2118 4594 operibus
2158 4498 2464 4590 justitie
2518 4519 2671 4589 quae

1121 4615 1413 4707 fecimus
1457 4634 1603 4688 nos,
1651 4609 1775 4676 sed
1804 4606 2175 4677 secundum
2210 4628 2414 4674 suam
2462 4606 2670 4674 mise-

1125 4718 1492 4793 ricordiam
1537 4716 1770 4786 salros
1796 4738 1919 4783 nos
1972 4716 2159 4804 fecit.
2217 4712 2397 4781 Psal.
2439 4736 2665 4793 axum,

1132 4832 1158 4898 1
1207 4836 1274 4898 et
1310 4829 1394 4895 2:
1428 4825 1770 4893 Dominus
1825 4825 2011 4890 Deus
2061 4845 2360 4900 meus,...
2408 4822 2670 4888 miseri-

1128 4937 1362 5008 cordia
1392 4958 1564 5003 mea.

1223 5076 1257 5111 «
1293 5049 1383 5115 Et
1429 5045 1701 5137 copiosa
1739 5041 1935 5135 apud
1976 5064 2131 5109 eum
2182 5039 2579 5133 redemptio.
2636 5066 2672 5103 n

1136 5157 1487 5248 Sanguine
1522 5155 1589 5220 in
1620 5151 1933 5244 passione
1964 5150 2203 5218 efl'uso.
2238 5150 2316 5217 ln
2350 5147 2532 5216 Psal.
2565 5171 2674 5230 cx,

1134 5269 1205 5350 9,
1275 5285 1479 5355 supra
1549 5283 1565 5329 t

1142 5372 1371 5441 minus
1410 5368 1675 5462 populo
1719 5390 1870 5435 suo.
1938 5363 2042 5432 Ad
2107 5361 2352 5455 Ephes.
2443 5385 2490 5442 1,
2553 5363 2592 5430 Ἰ
2660 5386 2676 5432 :

4208 337 4334 404 387

2769 502 2947 590 ejus.
3003 503 3031 570 I
3081 503 3165 569 ad
3224 501 3533 569 Corinth.
3588 527 3657 586 ιι,
3715 507 3798 572 30
3864 528 3877 571 :
3928 507 4183 572 Factus
4240 514 4337 571 est

2768 610 2961 678 nobis
2991 635 3033 677 a
3072 613 3216 678 Deo
3259 613 3474 678 Patre
3507 614 3875 701 sapientia,
3919 624 3982 680 et
4002 613 4329 703 justitia,

2767 731 2828 785 et
2866 720 3349 808 sanctificatio,
3404 730 3466 786 et
3523 721 3984 811 redemptio}
4047 723 4233 789 Petr.
4281 745 4327 800 1,

2773 828 2852 895 18
2896 836 2963 894 et
3001 830 3117 894 19:
3155 829 3455 895 Scientes
3493 829 3685 919 quod
3737 852 3872 895 non
3923 830 4334 920 corruptibi-
4402 908 4405 912 Α

2771 936 2953 1003 libus
3019 959 3191 1003 auro
3255 935 3369 1003 vel
3421 948 3705 1028 arqento
3776 939 4111 1028 redempti
4177 941 4336 1005 estis

2768 1045 2850 1113 de
2914 1056 3133 1112 vestra
3199 1069 3381 1113 vana
3460 1048 3970 1113 conversatione
4020 1059 4335 1139 paternae

2768 1153 3189 1235 traditionis,
3232 1153 3357 1220 sed
3402 1157 3704 1245 pretioso
3753 1158 4094 1245 sanquine
4131 1157 4337 1246 quasi

2767 1264 2952 1352 Aqui
3002 1262 3442 1330 immaculati
3502 1264 3781 1343 Christi,
3827 1275 3888 1330 et
3930 1267 4336 1332 incontami-

2767 1370 2938 1438 nati.
2979 1394 3012 1434 α
3045 1371 3139 1436 Et
3196 1372 3498 1460 copiosa,
3551 1396 3583 1436 n
3637 1371 3982 1439 sufficiens
4023 1395 4145 1461 pro
4186 1379 4331 1441 toto

2769 1475 3050 1543 mundo,
3142 1475 3437 1568 Copiosa
3524 1478 3647 1545 fuit
3731 1478 3844 1545 illa
3921 1478 4327 1568 redempti0‚

2771 1592 3047 1674 propter
3102 1585 3198 1650 rei
3265 1583 3512 1652 oblatae
3573 1588 4053 1675 quantitatem,
4123 1586 4327 1655 Joan.

2771 1715 2864 1771 ιιι,
2926 1693 3003 1757 16
3050 1715 3063 1759 :
3108 1692 3226 1759 Sic
3281 1694 3469 1759 Deus
3528 1693 3777 1760 dilexit
3829 1694 4195 1778 mundum,
4260 1703 4336 1759 ut

2769 1799 3038 1867 Filium
3078 1822 3284 1867 suum
3339 1802 3775 1892 uniqenitum
3846 1801 4066 1869 daret.
4133 1801 4329 1880 Item,

2771 1915 3051 1998 propter
3114 1905 3446 1975 offerendi
3522 1908 3947 1999 qualitatem,
4024 1908 4330 1999 Sapient.

2771 2039 2843 2093 ιι,
2897 2017 2980 2083 20
3028 2038 3044 2080 2
3097 2017 3320 2083 Morte
3349 2019 3757 2108 turpissima
3811 2018 4335 2085 condemnemus

2774 2146 2952 2190 eum.
3027 2123 3223 2203 ltem,
3281 2132 3559 2215 propter
3620 2124 3994 2191 oblationis
4070 2124 4338 2192 utilita-

2774 2239 2910 2298 tem
2960 2231 3138 2298 :fuit
3191 2234 3378 2299 en-im
3439 2254 3578 2300 non
3638 2231 3862 2299 solum
3925 2232 4331 2324 redemptio,

2773 2338 2891 2406 sed
2923 2346 2988 2405 et
3018 2337 3212 2406 lotio.
3248 2339 3533 2431 Apocal.
3573 2364 3620 2419 ι,
3656 2343 3694 2407 6
3731 2362 3747 2405 t
3783 2342 4055 2409 Detexit
4094 2365 4241 2420 noS‚
4276 2349 4340 2407 et

2778 2446 2951 2515 lavit
2989 2470 3110 2515 nos
3157 2471 3200 2516 a
3250 2451 3550 2539 peccatis
3588 2452 3840 2517 nostris
3881 2452 3950 2517 in
3997 2450 4340 2540 sanquine

2771 2576 2921 2622 suo.
2970 2552 3047 2620 Et
3082 2554 3383 2623 refectiO.
3427 2555 3884 2623 Ambrosius:
3928 2582 3959 2622 α
3992 2556 4086 2623 De
4129 2556 4336 2624 latere

2777 2686 2810 2726 α
2847 2658 3091 2727 Christi
3143 2683 3322 2751 aqua
3372 2670 3434 2728 et
3486 2663 3765 2752 sanguis
3809 2663 4015 2729 exivit
4053 2685 4067 2732 ε
4109 2662 4221 2729 illa
4264 2670 4337 2729 ut

2777 2796 2808 2833 ι
2856 2769 3094 2853 diluat,
3139 2770 3261 2837 iste
3303 2779 3377 2838 ut
3413 2769 3696 2838 redimat
3744 2794 3759 2839 ε
3804 2771 4122 2839 bibamus
4172 2795 4334 2865 ergo

2778 2904 2809 2941 ι
2844 2879 3140 2967 pretium
3192 2887 3534 2959 nostrum,
3579 2886 3646 2947 et
3683 2878 3981 2948 bibendo
4035 2881 4336 2950 redima-

2775 3014 2810 3049 α
2846 3009 3023 3057 mur.
3078 2985 3388 3056 Christus
3432 2988 3617 3057 enim
3663 3012 3785 3080 pro
3861 2991 4154 3082 peccatis
4206 3015 4340 3060 no-

2785 3121 2814 3158 «
2852 3096 3008 3162 stris
3038 3095 3248 3164 semel
3280 3106 3591 3164 mortuus
3622 3099 4059 3189 est‚quotidie
4089 3124 4338 3191 pecea-

2777 3229 2810 3269 α
2846 3212 2910 3271 ta
2942 3202 3175 3294 populi
3210 3204 3713 3295 redempturus.
3754 3233 3785 3269 ιι
3829 3206 4123 3298 Propter
4161 3207 4337 3277 libe-

2776 3320 3076 3379 ratorum
3134 3309 3679 3403 generalitatem,
3742 3312 3771 3380 Ι
3827 3312 4030 3382 Joan.
4080 3338 4152 3396 ιι,
4211 3319 4250 3383 2
4314 3339 4330 3386 :

2773 3420 2925 3512 Ipse
2962 3430 3059 3486 est
3089 3421 3503 3511 propitiatio
3530 3445 3662 3512 pro
3691 3426 3988 3513 peccatis
4027 3427 4277 3493 nostris
4308 3450 4331 3494 .·

2775 3553 2908 3595 nou
2952 3552 3083 3619 pro
3140 3530 3394 3596 nostris
3434 3539 3734 3608 tantum,
3765 3530 3890 3598 sed
3941 3533 4146 3598 etiam
4203 3556 4333 3623 pro

2777 3638 2988 3705 totius
3027 3636 3298 3704 mundi.
3346 3637 3635 3729 Propter
3691 3639 4132 3707 inimicorum
4173 3640 4339 3709 sub-

2777 3745 3164 3813 versionem
3206 3751 3274 3813 et
3299 3743 3776 3833 dejectionem,
3806 3745 3935 3813 isa.
3973 3769 4059 3828 ιι,
4107 3751 4146 3813 9
4184 3770 4199 3814 :
4241 3750 4338 3816 Tu

2766 3852 3174 3944 percussisti
3244 3851 3646 3942 superbum,
3720 3854 4101 3923 vulnerasti
4182 3855 4343 3923 dra-

2775 3981 3030 4027 conem.
3087 3958 3307 4027 Exod.
3359 3982 3477 4039 xv,
3536 3961 3957 4052 12Equu1n,
4004 3971 4069 4029 et
4117 3986 4343 4031 ascen-

2772 4091 2991 4136 sorem
3016 4067 3173 4159 ejus
3202 4068 3456 4160 dejecit
3491 4071 3561 4137 in
3594 4093 3805 4138 mare.
3853 4070 4144 4163 Propter
4175 4097 4343 4165 prae-

2778 4176 2897 4242 mii
2931 4175 3505 4267 magnitudinem,
3552 4175 3680 4245 lsa.
3725 4199 3909 4257 ωιιν,
3938 4178 3979 4244 4
4024 4201 4039 4245 :
4078 4179 4341 4248 Oculus

2776 4305 2910 4349 non
2941 4283 3141 4362 vidit,
3175 4286 3388 4362 Deus,
3414 4283 3674 4376 absque
3699 4295 3788 4364 te,
3811 4308 3967 4376 quoe
3988 4308 4343 4378 praepara·

2775 4393 2871 4458 sti
2906 4391 3459 4485 exspectantibus
3489 4401 3554 4460 te
3580 4389 3626 4461 ¹.

2873 4735 2906 4772 α
2950 4710 3046 4776 Et
3095 4710 3239 4798 ipse
3275 4699 3585 4777 redimet.
3625 4738 3658 4772 »ι
3707 4709 3832 4777 nic
3863 4710 4220 4803 subjungit
4257 4713 4341 4784 de

2785 4814 3112 4884 beneticio
3166 4817 3237 4884 in
3276 4816 3506 4885 futuro
3538 4817 3944 4887 exhibendo.
3980 4818 4193 4899 Quasi
4236 4821 4344 4890 di-

2785 4935 2967 4996 ceret
3009 4949 3028 4996 ε
3074 4925 3191 4996 Sic
3244 4926 3742 5007 confitendum,
3797 4932 3956 5021 quia
4023 4931 4348 5001 incarna-

2787 5044 2923 5118 tus,
2967 5035 3127 5127 quia
3166 5058 3410 5127 passus
3455 5059 3471 5104 ε
3519 5062 3553 5104 ι
3599 5047 3665 5105 et
3710 5063 3744 5103 ιι
3797 5039 4002 5105 etiam
4048 5067 4081 5101 α
4125 5040 4269 5130 ipse
4309 5064 4344 5106 ι

2795 5170 2829 5205 κ
2868 5141 3154 5209 redimet
3182 5141 3431 5225 Israel,
3464 5171 3497 5205 n
3532 5142 3864 5235 populum
3897 5143 4028 5212 tide
4055 5143 4353 5215 formata

1646 5259 2200 5350 Redemptionem
2272 5257 2462 5325 misit
2533 5254 2682 5324 Do-
2791 5246 3135 5316 videntem
3177 5271 3276 5330 se,
3313 5278 3345 5309 «
3392 5272 3479 5317 ea:
3516 5248 3834 5316 omuibus
3863 5250 4353 5341 iniquitatibus

2795 5357 2976 5448 ejuS,
3024 5382 3057 5422 s
3092 5358 3276 5449 quod
3308 5357 3424 5427 fiet
3468 5357 3669 5450 plene
3697 5358 3764 5424 in
3785 5359 4089 5449 generali
4121 5384 4356 5430 resur-

1141 5476 1479 5549 Habentes
1534 5475 2060 5566 redemptionem
2099 5495 2230 5564 per
2271 5471 2681 5563 sanquinem
2799 5468 3120 5539 rectione.
3194 5468 3509 5538 Redemit
3569 5466 3847 5559 quidem
3912 5492 4036 5559 per
4088 5472 4359 5562 passio-

1209 5713 1226 5749 ¹
1258 5706 1346 5765 Cf.
1388 5707 1412 5763 1
1443 5704 1516 5765 ad
1546 5704 1810 5764 Corinth.
1843 5721 1907 5774 ιι,
1947 5707 2000 5761 9.
