5008 6329
719 252 847 317 224

799 423 882 490 Et
921 424 988 490 in
1029 424 1245 513 prima
1284 421 1419 487 duo
1467 428 1866 511 tanguntur.
1918 422 2261 493 Liberatio

1712 249 1796 316 D.
1852 250 2054 318 ALB.
2105 252 2325 322 MAG.
2381 254 2585 323 ORD.
2640 258 2936 328 PRAED.

2358 429 2605 517 jutoris
2684 436 2985 518 potestas
3075 449 3159 494 ex
3223 427 3584 494 securitate
3666 425 3897 514 adjuti.

715 533 897 598 enim
953 530 1161 619 exigit
1223 528 1521 618 aliquam
1599 534 2172 620 praeparationem
2230 557 2270 600 a
2374 535 2713 618 Secundo,
2758 559 2843 604 ex
2872 541 3271 624 contemptu
3309 532 3731 600 adversantis
3789 532 3924 597 ini-

714 650 901 732 parte
949 637 1208 704 liberati
1263 659 1277 703 ε
1322 636 1499 704 unde
1539 638 1861 706 dicuntur
1900 640 2061 706 duo.
2113 640 2270 706 Pri-
2369 648 2551 724 mici,
2604 648 2722 727 ibi,
2764 657 2826 725 y.
2881 650 2919 716 ’Ἰ
2966 670 2981 714 :
3041 672 3075 712 ι
3110 646 3453 713 Dominus
3509 643 3685 709 milii
3713 642 3923 729 adju·
4017 712 4023 718 ,

714 770 853 829 m0,
882 744 1437 836 praeparatorium
1478 744 1563 812 ad
1594 745 2102 827 liberationem,
2146 768 2268 812 seu
2372 764 2501 819 tor.
2543 777 2574 817 ι

713 856 1050 922 invocatio
1090 853 1210 921 Dei
1262 854 1328 919 in
1380 852 1844 921 tribulatione.
1915 851 2263 938 Secundo,

709 962 1016 1029 liberatio
1046 964 1141 1030 sic
1170 962 1552 1052 praeparati‚
1588 958 1708 1041 ibi,
1748 984 1780 1023 α
1828 962 1922 1026 Et
1961 962 2264 1028 exaudi-

708 1073 805 1139 vit
834 1096 960 1141 me.
1001 1098 1033 1139 π

795 1180 973 1248 Dicit
1002 1201 1163 1268 ergo
1207 1198 1222 1242 ε
1271 1175 1384 1243 Sic
1423 1176 1662 1242 monui
1710 1176 2050 1260 confiteri,
2086 1201 2265 1270 quo-

707 1290 891 1354 niam
930 1286 1147 1353 bonus
1181 1285 1248 1350 in
1279 1306 1376 1365 se,
1412 1284 1800 1352 misericors
1839 1285 1927 1352 ad
1957 1308 2085 1354 nos
2131 1309 2153 1352 .·
2194 1294 2261 1353 et

707 1394 837 1463 hoc
874 1392 1012 1460 dixi
1060 1400 1409 1482 tamquam
1459 1400 1811 1481 expertuS,
1868 1393 2033 1483 quia
2083 1420 2117 1456 α
2178 1394 2262 1461 de

706 1499 1149 1568 tribulatione
1214 1522 1390 1579 mea,
1465 1527 1498 1560 »
1557 1500 1626 1564 in
1695 1520 1832 1588 qua
1900 1499 2256 1581 anxiabar,

708 1634 741 1673 a
786 1607 1092 1674 invocavi
1119 1607 1522 1674 Dominum.
1568 1632 1600 1665 υ
1642 1602 1845 1689 Osee,
1878 1628 1974 1686 vl,
2016 1609 2044 1672 l
2105 1629 2120 1673 :
2174 1608 2259 1673 ln

707 1718 1154 1785 tribulatione
1168 1739 1299 1782 sua
1331 1738 1531 1782 mane
1551 1726 1966 1805 consument
1995 1716 2094 1783 ad
2122 1739 2251 1784 me.

707 1824 888 1892 l‘sal.
924 1845 1085 1906 xvn,
1128 1823 1166 1888 7
1200 1843 1215 1889 ε
1251 1822 1334 1888 In
1374 1820 1826 1888 tribulatione
1853 1844 2009 1889 mea
2062 1824 2260 1890 invo-

703 1934 854 2002 cavi
891 1931 1265 1999 Dominum
1309 1932 1355 1997 ¹.
1400 1929 1550 1997 Iloc
1588 1930 1776 1998 enim
1828 1932 2141 2022 praecipit
2187 1932 2256 2000 in

703 2041 882 2110 l‘sal.
926 2063 1104 2119 xcix,
1143 2043 1220 2109 15
1256 2062 1271 2106 :
1306 2040 1556 2107 Invoco
1603 2062 1711 2107 me
1749 2041 1820 2106 in
1862 2040 1978 2107 die
2029 2040 2260 2108 tribu-

705 2149 1010 2217 lationis.

792 2286 824 2320 «
867 2260 961 2325 Et
1014 2255 1370 2325 exaudivit
1416 2256 1785 2324 Dominus.
1840 2280 1873 2321 ι
1930 2254 2062 2323 Isa.
2106 2279 2250 2336 xix,

700 2369 784 2435 20
830 2390 845 2435 :
907 2362 1328 2435 Clamabunt
1381 2363 1479 2430 ad
1522 2364 1907 2431 Dominum
1966 2389 2009 2433 a
2070 2367 2255 2456 facie

697 2474 1123 2553 tribulantis,
1157 2482 1221 2540 et
1261 2472 1484 2539 mittet
1512 2472 1632 2553 eis,
1679 2471 2062 2540 exaudiens
2104 2495 2248 2552 eOS,

698 2582 1126 2652 Salvatorem
1156 2589 1219 2646 et
1249 2588 1871 2671 propuqnatorem,
1913 2580 2039 2670 qui
2086 2579 2254 2648 libe·

697 2701 796 2758 ret
824 2713 956 2758 eos.
977 2689 1228 2757 Jerem.
1256 2709 1442 2771 xxix,
1483 2686 1560 2752 12
1605 2708 1621 2753 :
1671 2685 2094 2755 Invocabitis
2121 2709 2251 2764 me,

696 2809 759 2866 et
779 2797 1004 2866 ibitis:
1035 2806 1097 2864 et
1117 2794 1554 2873 orabitisme,
1590 2803 1654 2861 et
1698 2817 1822 2885 eqo
1864 2795 2255 2864 exaudiam

698 2927 834 2971 vos.
880 2901 1010 2970 lsa.
1054 2924 1233 2978 cxm,
1267 2904 1309 2967 9
1353 2922 1369 2967 ε
1438 2901 1697 2968 Factus
1737 2909 1834 2966 est
1873 2900 1973 2967 eis
2016 2900 2258 2968 salva-

696 3023 806 3082 tor
859 3014 928 3080 in
984 3012 1171 3079 omni
1226 3009 1675 3077 tribulatione
1702 3031 1949 3077 eorum
1979 3009 2028 3081 ⁸.
2070 3037 2101 3074 n
2170 3012 2253 3080 In

703 3120 1097 3200 latitudine,
1160 3143 1193 3185 ι
1255 3139 1516 3209 ponens
1575 3143 1609 3180 α
1668 3139 1801 3199 me,
1874 3143 1911 3182 a
1976 3125 2054 3185 ut
2109 3118 2256 3208 jam

704 3253 841 3298 non
880 3235 1172 3297 arctatus
1230 3248 1499 3295 curram
1555 3223 1642 3293 ad
1695 3225 2006 3316 praemia.
2067 3224 2250 3293 Psal.

707 3361 873 3417 xvii,
915 3339 1024 3414 20,
1067 3356 1270 3425 supra
1309 3357 1332 3402 .·
1358 3334 1632 3402 Eduxit
1662 3356 1768 3400 me
1802 3335 1872 3400 in
1927 3331 2258 3401 latitudi-

709 3471 882 3517 nem.
947 3447 1028 3514 Εἰ
1074 3445 1261 3528 alibi,
1305 3442 1485 3512 Psal.
1538 3466 1702 3522 xxx,
1755 3444 1797 3511 9
1860 3465 1877 3510 ε
1927 3444 2260 3513 Statuisti

710 3558 780 3625 in
815 3556 958 3622 loco
985 3555 1282 3645 spatioso
1305 3552 1512 3644 pedes
1547 3573 1752 3619 meos.
1788 3550 2125 3620 Proverb.
2160 3574 2253 3632 tv,

715 3665 844 3731 11:
887 3664 1153 3730 Ducam
1210 3669 1273 3727 te
1302 3682 1429 3752 per
1487 3659 1770 3727 semitas
1823 3659 2178 3750 aequitatis
2233 3682 2256 3726 .·

709 3793 883 3861 quas
927 3791 1079 3836 cum
1137 3769 1481 3859 inqressus
1514 3764 1765 3856 fueris,
1825 3790 1964 3833 non
2021 3775 2259 3834 arcta-

710 3876 966 3946 buntur
987 3897 1258 3967 qressus
1286 3874 1414 3941 tui.

794 4223 832 4266 a
859 4200 1197 4269 Dominus
1225 4195 1398 4265 mihi
1423 4193 1740 4285 adjutor.
1777 4221 1814 4259 a
1848 4194 1980 4264 nic
2016 4217 2258 4264 secun·

706 4308 898 4387 dum,
953 4307 1025 4374 in
1077 4326 1213 4395 quo
1277 4311 1641 4396 postquam
1714 4310 1819 4370 est
1885 4309 2118 4370 actum
2170 4301 2254 4370 de

705 4414 1081 4483 invocantis
1135 4408 1564 4490 liberatione,
1631 4410 1772 4499 agit
1829 4405 1946 4477 bic
2008 4431 2255 4478 conse-

702 4530 992 4616 quenter
1024 4519 1109 4588 de
1147 4516 1530 4586 liberatoris
1558 4513 1918 4585 excellenti
1951 4524 2255 4606 potesta-

699 4641 791 4700 te.
832 4630 988 4699 Duo
1024 4649 1189 4718 ergo
1228 4631 1624 4714 tanguntur.
1675 4622 1947 4704 Primo,
1998 4621 2254 4693 libera-

698 4737 864 4806 toris
936 4741 1258 4827 potestas.
1319 4731 1663 4810 Secundo,
1697 4728 2130 4810 excellentia,
2184 4738 2254 4799 et

697 4840 1327 4933 incomparabilitas
1381 4838 1469 4906 ad
1518 4838 1941 4927 adjutorium
1998 4837 2253 4929 angeli-

695 4973 855 5018 cum
895 4958 962 5017 et
1007 4946 1413 5026 humanum,
1455 4944 1673 5036 ibid.
1716 4946 1758 5012 8
1795 4966 1813 5011 :
1878 4967 1916 5010 ι
1974 4946 2251 5011 Bonum

694 5067 820 5126 est.
856 5081 889 5122 ι

785 5161 863 5230 In
905 5161 1127 5252 prima
1171 5160 1334 5229 duo.
1388 5158 1646 5241 Primo,
1705 5158 2094 5227 ostenditur
2139 5157 2255 5227 ad-

771 5432 994 5498 nonan,
1025 5444 1086 5495 n,
1108 5429 1140 5483 :³
1171 5444 1188 5484 z
1222 5425 1469 5484 clamavi
1493 5427 1562 5484 de
1608 5425 1975 5484 tribulatione
2028 5445 2150 5485 mea
2175 5429 2251 5486 ad

705 5522 1025 5586 Dominum,
1054 5522 1166 5575 etc.

768 5611 792 5646 ¹
824 5606 987 5682 vulg.
1035 5603 1234 5672 habet,
1295 5604 1403 5661 lsa-
1431 5620 1590 5673 mn,
1619 5606 1655 5661 8
1692 5609 1754 5661 et
1800 5606 1835 5662 9
1862 5621 1880 5661 :
1910 5607 2115 5663 Factus
2166 5612 2248 5663 cst

2457 859 2533 925 In
2572 863 2793 950 prima
2830 860 2992 929 duo.
3046 862 3308 940 Primo,
3347 859 3684 929 confessio
3723 857 3912 944 adju-

2365 967 2544 1035 torii.
2584 965 2926 1048 Secundo,
2961 968 3325 1056 promissio
3377 966 3783 1041 securitatiS,
3830 986 3913 1031 ex

2365 1075 2772 1143 confidentia
2798 1076 2966 1143 tanti
2999 1074 3343 1163 adjutorii,
3392 1073 3511 1153 ibi,
3550 1098 3584 1138 α
3623 1073 3780 1140 Νοη
3820 1072 3913 1138 ti-

2364 1182 2577 1249 mebo.
2627 1207 2659 1247 »

2455 1289 2630 1356 Dicit
2658 1311 2820 1379 ergo
2858 1312 2872 1355 ε
2913 1288 3028 1356 Sic
3065 1288 3406 1366 invocavi,
3442 1295 3509 1355 et
3552 1285 3913 1353 exauditus

2360 1397 2480 1475 fui,
2518 1405 2581 1462 et
2612 1418 2749 1462 non
2789 1420 2940 1463 sum
2973 1420 3095 1486 per
3133 1395 3343 1463 alium
3383 1394 3738 1476 liberatuS‚
3773 1393 3911 1459 imo

2360 1503 2504 1592 ipse
2546 1528 2578 1568 α
2610 1504 2954 1570 Dominus
2982 1504 3158 1570 mihi
3192 1502 3513 1591 adjutor,
3560 1527 3593 1566 »
3646 1500 3908 1591 supple,

2358 1611 2504 1680 suit.
2552 1609 2798 1702 Supra,
2839 1612 2910 1678 in
2952 1610 3133 1679 Psal.
3179 1634 3274 1692 lx,
3316 1611 3397 1679 10
3433 1632 3449 1678 ε
3493 1608 3804 1697 Adjutor
3842 1609 3911 1673 in

2358 1719 3014 1811 opportunitatibus,
3058 1720 3127 1786 in
3179 1717 3653 1786 tribulatione.
3697 1715 3906 1783 Eccli.

2358 1852 2445 1909 m,
2479 1830 2519 1895 2
2562 1851 2577 1894 :
2618 1827 3000 1917 Confitebor
3028 1826 3296 1895 nomini
3321 1835 3468 1907 tuo,
3501 1825 3673 1917 quia
3702 1822 3913 1912 adju-

2360 1948 2467 2004 tor
2510 1946 2573 2004 et
2616 1945 2958 2027 protector
3004 1936 3237 2025 factus
3288 1957 3356 2001 es
3392 1934 3592 2001 mihi.
3625 1933 3904 2000 Deuter.

2359 2067 2596 2120 xxxin,
2631 2045 2669 2110 7
2706 2066 2722 2110 ;
2759 2042 3068 2131 Adjutor
3098 2043 3295 2109 illius
3324 2049 3561 2110 contra
3589 2039 3913 2107 adversa-

2358 2154 2496 2219 rios
2553 2152 2703 2219 erit.
2777 2149 2893 2218 Sic
2957 2172 3121 2240 ergo
3182 2148 3293 2217 ille
3360 2148 3657 2238 adjutor,
3704 2156 3770 2216 et
3836 2156 3907 2215 tu

2359 2261 2523 2353 quid
2543 2263 2577 2328 ¹?
2611 2287 2642 2326 ι
2675 2262 2828 2330 Non
2860 2258 3110 2327 timebo
3141 2259 3319 2350 quid
3340 2259 3564 2349 saciat
3592 2257 3769 2324 milei
3794 2257 3912 2324 leo-

2359 2393 2493 2449 mo,
2543 2395 2575 2436 π
2620 2368 2738 2436 sed
2765 2390 3047 2436 securus
3085 2389 3226 2435 ero.
3263 2366 3394 2434 Isa.
3433 2388 3523 2445 u,
3558 2369 3638 2433 12
3675 2388 3691 2433 ε
3742 2366 3911 2451 Quis

2359 2488 2457 2554 tu,
2531 2478 2644 2569 qui
2703 2476 2976 2564 adjutus
3031 2498 3103 2559 es
3142 2498 3181 2543 a
3219 2474 3548 2552 Domino,
3584 2482 3661 2540 ut
3711 2474 3913 2540 time-

2360 2609 2462 2653 res
2510 2585 2596 2652 ab
2651 2585 2926 2652 homine
2970 2583 3281 2666 mortali,
3315 2592 3380 2650 et
3418 2606 3462 2650 a
3497 2581 3654 2670 filio
3694 2581 3913 2648 homi-

2359 2693 2467 2759 nis
2495 2692 2619 2782 qui
2671 2691 2873 2781 quasi
2897 2693 3164 2779 loetzum
3186 2689 3286 2756 ita
3318 2697 3572 2756 arescet
3599 2686 3906 2756 ?Jerem.

2360 2821 2408 2883 1,
2442 2800 2482 2866 8
2528 2799 2676 2866 :Ne
2731 2799 2974 2864 timeas
3021 2820 3064 2863 a
3111 2795 3295 2887 jacie
3330 2816 3591 2863 eorum.
3642 2793 3908 2885 Quippe

2361 2928 2446 2974 ex
2474 2927 2611 2996 quo
2651 2904 2835 2973 Deus
2883 2913 2983 2973 est
3012 2903 3307 2994 adjutor,
3344 2924 3483 2970 uon
3531 2910 3634 2970 est
3667 2902 3910 2969 timen-

2361 3014 2551 3082 dum.
2580 3012 2690 3080 Ad
2728 3012 3019 3080 Roman.
3064 3034 3210 3095 vni,
3245 3012 3321 3079 31
3381 3032 3398 3078 ε
3435 3011 3517 3079 Si
3553 3011 3741 3077 Deus
3780 3030 3910 3099 pro

2360 3120 2577 3199 nobis.
2632 3120 2788 3212 quis
2825 3129 3062 3189 contra
3116 3116 3309 3188 nos?
3361 3116 3448 3186 Et
3487 3117 3632 3209 ipse
3697 3113 3909 3183 homo

2363 3226 2531 3295 nihil
2581 3237 2707 3306 est,
2759 3248 2969 3318 quare
3025 3248 3192 3317 ergo
3236 3225 3641 3294 timeretur?
3688 3220 3716 3288 Ι
3765 3220 3908 3315 Ma·

2362 3335 2562 3415 chab,
2598 3360 2668 3415 n,
2704 3339 2789 3404 62
2821 3346 2889 3405 et
2927 3338 3011 3406 63
3057 3358 3072 3403 :
3106 3339 3164 3405 A
3200 3333 3418 3404 verbis
3447 3334 3584 3401 viri
3598 3342 3912 3425 peccato-

2363 3446 2457 3512 ris
2484 3468 2568 3511 ne
2594 3445 2987 3525 timueritis,
3056 3443 3224 3534 quia
3257 3441 3493 3533 qloria
3541 3439 3699 3532 ejus
3735 3450 3912 3507 ster-

2361 3574 2479 3619 cus
2533 3563 2597 3620 et
2654 3553 2898 3620 vermis
2935 3561 3034 3619 est
3088 3576 3112 3620 .·
3167 3549 3371 3618 ltodie
3424 3548 3814 3629 extollitur,
3847 3554 3911 3611 et

2362 3683 2514 3728 cras
2540 3684 2674 3729 non
2715 3660 3117 3729 invenietur.

2453 4001 2488 4043 ι
2529 3975 2871 4044 Dominus
2922 3972 3097 4040 milii
3140 3969 3456 4061 adjutor.
3524 3993 3560 4035 n
3620 3967 3748 4037 llic
3800 3991 3913 4036 se-

2360 4083 2687 4161 cundum,
2755 4081 2827 4149 in
2893 4101 3032 4171 quo
3090 4085 3510 4147 monstratur
3581 4075 3910 4167 adjutoris

2362 4200 2684 4287 potestas,
2717 4212 2799 4257 ex
2855 4192 3252 4276 contemptu
3297 4184 3695 4269 adversarii,
3725 4184 3911 4276 quod

2363 4304 2513 4397 plus
2553 4308 2654 4370 est
2693 4320 2902 4391 quam
2943 4317 3083 4363 non
3129 4296 3395 4362 timere.
3444 4291 3681 4360 Primo
3746 4315 3908 4383 ergo

2361 4412 2647 4503 repetito
2710 4406 3075 4476 confitetur
3145 4399 3567 4472 dominicum
3634 4400 3912 4490 adjuto-

2360 4520 2564 4589 rium.
2644 4513 2989 4591 Secundo,
3050 4508 3491 4579 inimicorum
3553 4515 3907 4599 contemp·

2361 4637 2533 4706 tum,
2565 4624 2687 4704 ibi,
2730 4649 2766 4687 α
2806 4623 2904 4690 Et
2939 4641 3064 4710 eqo
3092 4615 3492 4709 despiciam.
3536 4643 3571 4680 u

2449 4735 2628 4804 Dicit
2662 4753 2826 4822 ergo
2860 4750 2878 4801 ε
2910 4728 3028 4796 Sic
3073 4748 3214 4795 non
3250 4723 3535 4806 timebo,
3577 4722 3908 4817 quidquid

2359 4850 2519 4934 agat
2547 4839 2784 4921 bomo,
2808 4845 2877 4905 et
2906 4834 3117 4905 etiam
3148 4857 3186 4900 ι
3219 4833 3561 4901 Dominus
3587 4831 3759 4900 milti
3785 4831 3912 4900 ad-

2348 4950 2579 5041 jutor.
2637 4973 2670 5014 t
2731 4944 2937 5016 Color
2974 4942 3354 5012 rhetoricus
3410 4952 3515 5011 est
3571 4941 3641 5008 in
3694 4940 3909 5030 capite

2361 5057 2786 5126 diversorum
2817 5072 3140 5121 versuum
3182 5047 3363 5118 idem
3392 5047 3641 5117 dicere.
3685 5046 3902 5116 Exod.

2363 5188 2432 5243 n,
2493 5166 2579 5232 22
2622 5185 2640 5232 z
2681 5163 2871 5231 Deus
2920 5158 3147 5250 patris
3183 5156 3320 5224 mei
3371 5152 3668 5244 adjutor
3720 5175 3910 5222 meus

2358 5426 2441 5484 eis
2466 5424 2728 5483 salvator.
2795 5423 2858 5480 tn
2895 5417 3056 5478 omni
3082 5413 3448 5475 tribulatione
3474 5430 3664 5474 eorum
3691 5430 3805 5473 nou
3830 5419 3912 5472 est

2361 5515 2689 5584 tribulatus,
2713 5517 2828 5569 etc.
