5008 6329
694 219 819 288 178

692 393 989 463 terribile
1029 404 1094 465 et
1131 405 1438 466 sanctum
1479 415 1730 462 nomen
1761 401 1885 477 est,
1919 415 2074 461 cum
2105 415 2228 460 su-

692 502 903 571 mitur
930 505 1001 572 in
1030 503 1257 582 calice,
1302 511 1366 570 et
1397 508 1691 591 potatur.

784 859 818 896 «
853 830 1142 899 Initium
1171 825 1547 914 sapientiae.
1594 852 1624 886 ι)
1664 825 1792 892 Hic
1821 824 2218 893 secundum.

689 934 898 1015 Quasi
928 933 1175 1000 diceret
1208 952 1223 995 :
1264 928 1375 997 Sic
1414 939 1515 998 est
1551 939 1883 1010 sanctum,
1917 939 1985 998 et
2026 930 2226 998 terri-

688 1043 848 1125 bile,
882 1049 949 1109 et
1006 1049 1282 1130 propter
1327 1038 1457 1107 hoc
1508 1066 1541 1106 α
1609 1041 1890 1107 initium
1944 1040 2223 1129 sapien-

687 1148 824 1224 tiae,
861 1169 895 1210 n
939 1144 1009 1212 id
1048 1152 1173 1225 est,
1206 1144 1490 1234 saporiS,
1561 1151 1626 1210 et
1673 1142 2216 1209 illuminationis,

688 1253 864 1321 Vere
893 1253 964 1321 in
1002 1251 1118 1320 illo
1160 1260 1261 1320 est
1306 1254 1513 1319 timor
1546 1249 1853 1317 Domini.
1890 1247 2220 1314 Proverb.

685 1386 733 1446 1,
767 1363 805 1430 7
844 1383 859 1428 ε
907 1362 1134 1429 Timor
1159 1359 1445 1427 Domini
1493 1357 1914 1447 principium
1961 1357 2226 1445 sapien-

684 1473 819 1539 tiae.
863 1471 949 1537 Et
976 1469 1278 1559 loquitur
1339 1466 1448 1534 hic
1498 1466 1580 1533 de
1643 1463 1883 1533 initiali
1950 1466 2216 1540 timore,

684 1581 802 1668 qui
832 1575 1108 1645 inchoat
1144 1596 1457 1663 saporem
1496 1596 1512 1640 ε
1563 1573 1679 1640 sed
1709 1572 1931 1640 filialis
1988 1579 2054 1640 et
2109 1593 2225 1639 ca-

683 1691 854 1762 stuS,
888 1682 999 1749 hic
1029 1688 1481 1749 consummat.
1530 1679 1811 1748 Servilis
1849 1680 2032 1746 enim
2062 1685 2224 1744 tan-

681 1803 830 1862 tum
869 1789 1145 1882 expellit
1181 1788 1382 1856 mala.
1432 1786 1637 1855 Eccli.
1680 1808 1726 1865 1,
1789 1788 1872 1854 27
1908 1805 1925 1854 z
1991 1786 2219 1853 Timor

683 1900 968 1971 Domini
994 1897 1278 1989 expellit
1297 1904 1679 1989 peccatum.
1742 1892 1878 1961 Sed
1945 1891 2222 1960 initialis

683 2009 842 2078 facit
917 2005 1123 2084 bona,
1198 2012 1264 2073 et
1333 2010 1606 2093 saporat
1710 1998 2219 2092 quodammodo

682 2120 1126 2184 sacramenta.
1202 2109 1403 2179 Eccli.
1455 2132 1573 2193 xv,
1639 2110 1667 2174 1
1729 2132 1744 2176 ε
1829 2108 1966 2192 Qui
2030 2106 2222 2173 timet

678 2227 931 2302 Deum,
978 2223 1188 2312 saciet
1227 2219 1426 2300 bona,
1473 2222 1543 2285 in
1583 2216 2039 2285 inchoatione.

769 2331 964 2401 Unde
1003 2329 1113 2399 hic
1141 2337 1242 2397 est
1274 2327 1538 2395 initium
1571 2324 1732 2393 boni
1772 2322 2045 2415 proprie
2111 2323 2224 2388 in-

678 2440 1073 2518 trinsecum,
1126 2433 1308 2527 quod
1338 2432 1627 2502 ostendit
1667 2429 2051 2521 praecedens
2106 2426 2223 2496 lit-

678 2557 824 2616 tera
878 2567 995 2613 aas
1032 2546 1176 2639 (Ἴ),
1219 2541 1403 2634 quod
1464 2540 1939 2630 interpretatur
1987 2544 2216 2628 caput.

681 2655 892 2737 Quasi
922 2656 1171 2724 diceret
1206 2676 1221 2721 :
1275 2652 1450 2732 Quia
1490 2658 1799 2719 sanctum
1839 2656 1907 2717 et
1961 2647 2220 2716 terribi-

680 2763 743 2832 le
799 2771 902 2832 est
950 2761 1132 2854 quod
1170 2768 1446 2851 potatur
1518 2766 1586 2825 et
1638 2757 1957 2839 sumitur,
2016 2766 2222 2845 caput

678 2870 840 2939 boni
870 2870 1093 2960 operis
1132 2866 1336 2936 habet
1373 2867 1715 2941 timorem,
1783 2861 2039 2932 scilicet
2096 2862 2221 2930 ini·

677 2978 936 3050 tialem.

767 3224 803 3263 α
868 3195 1264 3266 Intellectus
1329 3191 1565 3261 bonus.
1625 3220 1658 3253 a·
1722 3190 1851 3260 llic
1912 3192 2219 3282 sequitur

675 3301 977 3372 effectus.
1012 3299 1220 3381 Quasi
1249 3298 1539 3367 diceret:
1578 3296 1690 3366 Sic
1719 3304 2031 3364 sumatur
2058 3317 2212 3364 cum

674 3410 943 3489 timore,
992 3408 1048 3476 si
1124 3429 1436 3498 saporem
1505 3406 1609 3472 vis
1672 3402 1921 3473 habere
1974 3421 1991 3471 ε
2056 3404 2215 3495 quia

677 3543 712 3583 ι
772 3513 1087 3586 omnibus
1126 3540 1162 3578 n
1220 3515 1315 3581 sic
1379 3544 1411 3575 «
1475 3509 1890 3602 facientibus
1950 3533 2130 3589 eum,
2178 3536 2210 3575 ι

672 3624 925 3695 scilicet
992 3621 1408 3692 intellectum
1477 3622 1687 3712 ipsius
1762 3619 2210 3699 Secu-amenti,

671 3742 777 3805 est
806 3760 842 3799 α
870 3731 1255 3802 intellectus
1283 3729 1519 3799 bonus.
1551 3754 1581 3794 ι
1635 3727 1842 3810 Quasi
1900 3728 2151 3798 diceret
2190 3750 2208 3796 :

672 3836 749 3907 Si
795 3838 893 3908 sic
920 3836 1235 3930 intelligit
1264 3836 1532 3928 aliquis,
1574 3844 1641 3905 et
1678 3837 1732 3903 si
1771 3843 2096 3928 operatur
2143 3836 2212 3905 in

666 3945 818 4038 ipso
853 3952 1303 4022 sacramento,
1343 3942 1566 4011 bonus
1595 3951 1696 4012 est
1733 3942 1879 4033 ejus
1941 3943 2212 4015 intelle-

665 4062 841 4141 ctus,
870 4052 978 4122 vel
1009 4053 1077 4121 in
1107 4051 1406 4121 bonitate
1435 4062 1721 4144 augetur
1747 4059 1814 4121 et
1840 4075 2212 4144 promove-

666 4168 803 4232 tur.
837 4156 912 4228 Si
941 4160 1125 4229 enim
1156 4159 1281 4228 scit
1307 4168 1373 4227 et
1422 4158 1734 4249 intelligit
1784 4159 1882 4226 sic
1954 4157 2209 4227 tacien-

665 4266 858 4348 dum,
897 4274 965 4337 et
1000 4287 1140 4336 non
1167 4264 1346 4343 facit,
1393 4265 1504 4335 vel
1556 4264 1692 4333 alio
1755 4264 1964 4334 modo
2020 4263 2201 4343 facit,

664 4382 938 4468 peccat:
972 4396 1113 4443 non
1142 4383 1244 4444 est
1271 4374 1333 4442 ei
1365 4373 1451 4442 ad
1488 4372 1746 4443 bonum
1794 4372 2200 4443 intellectus.

665 4480 902 4552 Jacob.
935 4503 1030 4564 tv,
1067 4483 1188 4551 17:
1221 4482 1479 4552 Scienti
1551 4480 1804 4551 bonum
1856 4484 2110 4574 facere,
2140 4493 2205 4551 et

661 4612 801 4660 non
850 4590 1165 4682 facienti,
1239 4600 1592 4682 peccatum
1645 4599 1743 4658 est
1817 4589 1956 4659 illi.
2034 4589 2197 4659 Luc.

660 4720 783 4779 ιιι,
815 4696 901 4767 Π
953 4718 971 4766 :
1033 4698 1284 4770 Servus
1335 4700 1460 4791 qui
1513 4698 1825 4790 coguovit
1877 4697 2205 4766 volunta-

660 4816 795 4875 tem
844 4804 1110 4874 domini
1130 4806 1268 4884 sui,
1322 4815 1389 4873 et
1440 4830 1572 4874 nou
1608 4808 1776 4898 [ecit
1827 4807 2198 4877 secundum

1699 221 1785 290 D.
1841 221 2036 290 ALB.
2088 221 2305 290 MAG.
2358 222 2561 289 ORD.
2620 221 2915 291 PRAED.

2327 393 2748 460 voluntatem
2851 395 3035 482 ejus,
3154 397 3521 487 vapulabit
3615 399 3882 466 multis.

2327 499 2615 590 Propter
2663 499 2791 568 hoc
2857 500 3126 580 dicitur,
3189 502 3519 570 Proverb.
3592 529 3783 582 xxm,
3851 509 3879 573 1

2327 616 2394 676 et
2430 611 2469 674 2
2516 630 2532 675 :
2599 609 2891 694 Quando
2942 608 3197 676 sederis
3263 620 3340 676 ut
3385 612 3700 677 comedas
3730 635 3884 680 cum

2320 717 2615 808 pincipe,
2680 717 2821 784 imo
2877 718 3264 807 principum
3335 717 3667 807 principe,
3712 718 3888 785 dili-

2323 835 2556 916 qenter
2612 826 2883 892 attende
2938 848 3091 917 quae
3148 825 3277 893 tibi
3342 828 3660 916 apposita
3724 837 3885 892 sunt

2328 944 2484 999 ante
2518 934 2771 1023 faciem
2801 942 3022 1012 tuam,
3056 942 3120 998 et
3152 942 3383 1000 statue
3427 934 3735 1000 cultrum
3813 933 3884 998 in

2322 1047 2605 1129 qutture
2633 1048 2775 1115 tuo,
2808 1038 2879 1104 id
2918 1045 3041 1115 est,
3077 1039 3360 1106 comede
3399 1061 3556 1106 cum
3608 1040 3878 1119 timore,

2328 1152 2394 1212 et
2432 1144 2762 1211 utstatim
2828 1145 3229 1223 moriturus,
3294 1154 3359 1213 et
3434 1144 3694 1213 accidet
3756 1145 3881 1213 tibi

2325 1252 2594 1320 facienti
2632 1251 2815 1320 hunc
2854 1251 3276 1320 intellectum
3316 1252 3604 1320 bonum.

2413 1357 2613 1437 Quod
2676 1358 2937 1426 bonum
3003 1359 3201 1427 litera
3283 1360 3637 1449 praemissa
3720 1360 3886 1428 dicit

2324 1489 2424 1533 sm
2456 1467 2607 1562 (w)
2639 1488 2653 1533 :
2690 1466 3175 1555 interpretatur
3204 1467 3388 1534 enim
3420 1469 3712 1558 cyressio
3745 1477 3884 1534 ten-

2324 1577 2650 1644 tationis:
2681 1577 2873 1667 fugat
2897 1578 3079 1644 enim
3110 1576 3542 1656 mirabiliter,
3592 1586 3660 1645 et
3724 1579 3883 1646 facit

2324 1685 2728 1750 tentationes
2797 1683 3028 1774 egredi
3085 1684 3292 1774 digna
3333 1684 3632 1773 sumptio
3663 1706 3885 1752 sacra-

2325 1792 2533 1859 menti
2563 1789 2817 1858 altariS.

2413 2137 2447 2174 α
2487 2110 2835 2178 Laudatio
2863 2111 3045 2201 ejus.
3078 2139 3108 2177 »ι
3153 2113 3283 2183 llic
3339 2117 3616 2185 tertium
3673 2119 3881 2186 totius
3909 2143 4229 2244 repa-1:131·-

2321 2218 2524 2308 hujus
2563 2217 2845 2300 Psalmi,
2905 2220 3081 2287 sicut
3125 2243 3165 2288 a
3221 2223 3555 2314 principio
3623 2225 3879 2294 dictum

2323 2323 2470 2404 ruit,
2507 2326 2575 2391 in
2616 2348 2753 2415 quo
2803 2334 3171 2418 postquam
3225 2331 3559 2419 praemisit
3605 2332 3883 2400 confes-

2324 2433 2587 2502 sionem
2625 2433 2871 2517 laudis,
2905 2434 3092 2503 addit
3120 2435 3203 2504 de
3245 2440 3786 2529 perpetuatione.

2410 2540 2527 2608 Ait
2566 2541 2751 2609 enim
2807 2562 2826 2608 ε
2910 2539 3025 2610 Sic
3079 2553 3359 2635 propter
3411 2546 3885 2617 antecedentia

2324 2646 2649 2714 beneficia
2677 2645 2995 2728 laudabo,
3038 2649 3160 2718 sed
3221 2673 3361 2718 non
3420 2652 3507 2720 ad
3563 2661 3877 2744 tempus:

2324 2754 2481 2844 quia
2540 2782 2573 2819 α
2638 2753 2956 2823 laudatio
3021 2756 3202 2846 ejus,
3270 2784 3301 2822 ιο
3378 2759 3678 2848 passiva,
3749 2783 3885 2852 qua

2323 2859 2700 2929 laudandus
2729 2869 2856 2941 est,
2902 2886 2937 2926 ι
2981 2872 3214 2931 manet
3244 2865 3314 2931 in
3354 2865 3687 2933 saeculum
3752 2890 3885 2934 sa·-

2321 2969 2466 3036 culi
2504 2996 2538 3030 n
2581 2972 3122 3050 consecutivum,
3155 2969 3291 3040 hoc
3338 2980 3468 3053 est,
3511 2974 3584 3041 in
3640 2983 3880 3044 nostro

2322 3085 2599 3145 aeterno.
2646 3076 2852 3146 Eccli.
2893 3100 2984 3159 m,
3026 3080 3111 3149 8:
3143 3078 3499 3147 Laudabit
3547 3103 3762 3174 usque
3789 3083 3887 3150 ad

2323 3194 2606 3253 mortem
2635 3187 2874 3254 anima
2902 3209 3080 3256 mea.
3127 3185 3284 3273 vel,
3317 3188 3388 3256 in
3455 3192 3875 3260 aeternitate:

2323 3292 2500 3362 unde
2555 3292 2646 3360 ibi
2719 3293 2925 3362 etiam
3011 3292 3335 3365 laudabo.
3428 3295 3697 3366 Daniel.
3780 3322 3875 3377 nn,

2322 3403 2446 3469 57:
2489 3402 2829 3481 Laudatc,
2890 3411 2956 3470 et
3006 3404 3526 3495 superea-allate
3588 3428 3745 3474 eum
3805 3409 3875 3475 iu

2316 3509 2595 3578 saecula.
2663 3508 2740 3578 ln
2793 3507 2926 3579 hoc
2981 3512 3111 3579 erit
3177 3511 3333 3580 finis
3378 3535 3599 3593 meus,
3632 3515 3706 3582 in
3745 3513 3877 3584 lioc

2321 3618 2629 3684 omnium
2697 3639 2850 3709 quae
2917 3640 3050 3709 ago
3124 3621 3656 3690 consummatio.
3725 3622 3878 3690 Au-

2317 3725 2685 3818 gustinus:
2744 3755 2779 3789 «
2840 3724 3274 3807 Videbimus,
3334 3727 3747 3810 amabimus,
3807 3739 3874 3801 et

2320 3830 2849 3901 «laudabimus.
2911 3831 3083 3902 Eece
3142 3832 3330 3925 quod
3403 3835 3534 3905 erit
3587 3836 3659 3906 in
3734 3838 3873 3907 fine

2319 3965 2355 4004 α
2387 3939 2534 4007 sine
2582 3938 2742 4008 fine.
2772 3964 2810 4003 n

2407 4048 2576 4118 Ecce
2610 4047 2805 4117 Thau
2843 4048 3003 4149 (Π)
3025 4046 3252 4118 littera
3268 4048 3538 4135 ultima,
3571 4073 3727 4145 quae
3760 4052 3871 4124 hic

2314 4155 2754 4246 praeponitur,
2796 4163 2864 4226 et
2894 4158 3378 4249 interpretatur
3414 4164 3873 4232 'consumma-

2313 4263 2432 4343 tio,
2465 4262 2553 4330 ad
2590 4283 2799 4355 quam
2837 4285 2967 4333 nos
3004 4264 3356 4357 perducat,
3412 4269 3530 4360 qui
3587 4275 3692 4337 est
3756 4269 3872 4338 be·

2311 4368 2619 4440 nedictus
2676 4393 2798 4462 per
2841 4372 3076 4440 omnia
3121 4371 3371 4442 saecula
3424 4373 3865 4448 saeculorum.

2310 4478 2557 4548 Amen.

2398 4695 2642 4768 Glossa
2670 4696 2837 4767 alias
2880 4696 3172 4769 lecturas
3218 4700 3386 4770 satis
3443 4702 3649 4795 plane
3703 4727 3867 4798 per-

2308 4806 2637 4897 sequitur,
2679 4827 2805 4875 nec
2833 4805 3184 4876 immorari
3215 4816 3510 4901 oportet.
