5008 6329
689 313 811 378 156

685 479 820 548 Sed
849 484 1031 573 quod
1061 494 1161 553 est
1189 484 1356 552 illud
1385 508 1637 553 nomen
1661 487 1695 554 ’Β
1729 485 1907 554 Illud
1930 488 2012 556 de
2060 512 2225 579 qu0,

682 589 900 659 Exod.
944 616 1055 671 xv,
1101 595 1181 661 3:
1234 592 1677 684 Omnipotens
1741 619 1988 663 nomen
2047 597 2225 685 ejus.

679 699 943 769 Daniel.
1028 724 1121 778 111,
1211 702 1295 768 43
1333 723 1346 767 ε
1408 703 1521 769 Da
1584 703 1895 795 qloriam
1962 704 2231 771 nomini

682 819 824 888 tuo,
859 809 1111 877 scilieet
1140 807 1518 889 liberando,
1552 820 1628 879 ut
1658 813 1954 880 videaris
1995 812 2230 878 omni-

676 926 941 1008 potens,

767 1149 799 1189 α
838 1127 1016 1210 Quia
1060 1130 1295 1196 suavis
1332 1138 1451 1198 est.
1507 1153 1539 1192 ιο
1593 1128 1762 1196 Ecce
1814 1132 2118 1209 tertium,
2161 1139 2229 1199 et

673 1233 842 1301 ratio
900 1234 1216 1302 secunda.
1271 1233 1479 1313 Quasi
1538 1235 1789 1304 diceret
1850 1260 1866 1305 ε
1942 1237 2059 1307 Sic
2121 1237 2229 1308 fac

673 1349 950 1432 propter
978 1363 1228 1410 nomen
1265 1350 1461 1409 tuum
1498 1365 1512 1409 :
1549 1344 1652 1411 fac
1699 1346 1932 1428 etiarn,
1980 1374 2013 1412 α
2058 1349 2227 1438 quia

673 1448 1138 1516 misericordia
1223 1460 1346 1516 tua
1428 1460 1525 1517 est
1594 1455 1852 1519 suavis,
1949 1481 1980 1518 n
2073 1454 2228 1545 Ipsa

672 1559 853 1626 enim
894 1556 1071 1624 idem
1102 1565 1201 1624 est
1232 1559 1415 1649 quod
1435 1567 1508 1627 tu
1544 1583 1559 1627 ε
1596 1569 1663 1629 et
1711 1561 1792 1628 de
1833 1570 1922 1643 te,
1988 1586 2218 1654 supra,

672 1670 738 1734 in
769 1666 1230 1747 Psal.1.xx>;V,
1275 1671 1314 1738 5
1361 1694 1376 1737 ε
1425 1672 1768 1755 Quoniam
1819 1683 1922 1756 tu,
1968 1674 2223 1740 Domi-

670 1797 775 1854 ne,
824 1777 1058 1843 suavis
1085 1786 1149 1843 et
1178 1778 1388 1873 mitis.
1446 1775 1694 1844 Suavis
1733 1801 1898 1869 ergo
1939 1788 2042 1847 est
2089 1781 2223 1847 mi-

670 1883 1058 1962 sericordia,
1124 1885 1298 1953 sieut
1352 1883 1463 1953 hie
1528 1885 1798 1955 dieitur.
1864 1886 2219 1979 Speciosa,

671 1990 875 2061 Eecli.
911 2015 1121 2071 xxxv,
1150 1993 1235 2059 26
1278 2015 1294 2059 :
1339 1994 1660 2083 Speciosa
1681 2006 1782 2063 est
1831 1998 2224 2065 misericor-

670 2099 789 2165 dia
819 2100 949 2166 Dei
988 2099 1059 2167 in
1114 2110 1414 2192 tempore
1460 2101 1965 2182 tribulationis,
2017 2106 2223 2195 quasi

665 2202 874 2272 nubes
890 2205 1153 2296 plueiae
1195 2208 1265 2274 in
1314 2215 1613 2298 tempore
1647 2210 2001 2278 siccitatis.
2050 2210 2224 2279 Uni-

665 2312 969 2392 versalis,
1006 2314 1183 2383 l'sal.
1228 2338 1446 2394 cxmv,
1489 2319 1528 2384 9
1565 2340 1580 2383 :
1633 2319 1890 2387 Suavis
1927 2330 2026 2387 est
2070 2324 2223 2389 Do-

666 2424 893 2490 minus
950 2424 1304 2501 universis,
1411 2435 1475 2492 et
1531 2427 2007 2495 miserationes
2061 2427 2220 2518 ejus

661 2553 866 2622 super
893 2531 1125 2597 omnia
1145 2553 1351 2622 opera
1380 2531 1562 2621 ejus.
1603 2532 1684 2601 Et
1712 2542 1996 2612 aeterna,
2033 2534 2214 2604 Psal.

666 2660 775 2716 cn,
817 2638 892 2705 17
929 2660 945 2704 :
988 2639 1463 2707 Misericordia
1503 2640 1662 2730 ejus
1708 2640 1796 2709 ab
1834 2653 2113 2727 aeterno,
2157 2656 2221 2712 et

671 2768 883 2836 usque
912 2746 982 2814 in
1006 2755 1359 2827 aetemum,
1391 2771 1601 2840 snper
1630 2750 1943 2820 timentes
1970 2774 2152 2822 eum.

763 2999 796 3039 α
832 2972 1076 3042 Libera
1122 2997 1250 3052 me,
1306 2976 1498 3065 quia.
1555 3000 1590 3040 ιι
1645 2975 1772 3046 Πὶο
1809 2978 2217 3063 seeundum,

673 3079 740 3146 in
771 3100 908 3170 quo
946 3078 1169 3170 agitur
1207 3077 1287 3145 de
1317 3080 1609 3169 peccatis
1655 3080 1726 3147 in
1756 3081 2036 3172 speciali
2086 3104 2105 3150 :
2156 3093 2225 3152 et

669 3187 989 3256 dicuntur
1014 3187 1175 3257 due.
1220 3186 1480 3266 Primo,
1514 3191 1683 3280 petit
1713 3191 2004 3260 miseriae
2034 3215 2226 3261 amo·

671 3299 951 3366 tionem.
997 3294 1339 3377 Secundo,
1374 3294 1811 3366 collationem
1852 3297 2046 3380 boni,
2081 3323 2225 3369 ma-

669 3401 852 3470 xime
886 3398 1419 3469 Resurrectionis
1445 3399 1790 3491 gloriosae,
1826 3400 1947 3483 ibi,
1979 3412 2044 3481 5.
2080 3407 2167 3473 26
2200 3428 2216 3472 ε

671 3535 706 3575 ι
745 3507 1027 3598 Adjuva
1055 3530 1184 3591 me,
1218 3510 1534 3578 Domine.
1581 3536 1615 3573 s

762 3615 838 3685 In
877 3617 1095 3708 prima
1133 3615 1450 3685 dicuntur
1504 3617 1665 3686 duo.
1728 3618 1987 3700 Primo,
2047 3622 2227 3713 peti-

670 3727 790 3794 tio.
864 3725 1203 3804 Secundo,
1246 3728 1421 3795 ratio
1478 3751 1689 3819 quare
1753 3731 2227 3801 exaudiendus

674 3835 786 3909 sit,
826 3831 946 3909 ibi,
986 3833 1241 3912 statim,
1282 3841 1349 3911 ἵ.
1383 3835 1469 3901 22
1504 3857 1520 3903 :
1569 3859 1602 3899 α
1640 3837 1826 3920 Quia
1872 3861 2147 3929 egenus.
2181 3867 2215 3903 ο

762 3939 938 4007 Dicit
1002 3962 1166 4031 ergo
1225 3961 1243 4010 ε
1317 3939 1456 4019 Sic,
1529 3940 1849 4020 Domino,
1919 3946 2083 4036 petii
2149 3952 2227 4014 ut

671 4069 937 4115 meeum
995 4045 1223 4115 facias.
1270 4045 1345 4113 Si
1403 4070 1667 4138 qua-ras
1714 4049 1936 4139 quid?
1978 4049 2150 4119 Ecca
2201 4073 2218 4119 ε

675 4179 708 4219 α
743 4151 988 4223 Libera
1016 4176 1145 4230 me,
1190 4183 1224 4214 ιο
1258 4176 1300 4220 a
1328 4154 1526 4221 malis
1557 4165 1624 4222 et
1656 4155 1933 4224 miseria
1973 4165 2228 4225 morta-

669 4262 898 4331 litatis.
930 4259 1089 4338 Job,
1121 4283 1286 4339 xvn,
1317 4264 1359 4332 3
1393 4284 1410 4331 :
1453 4262 1704 4333 Libera
1733 4287 1863 4341 me,
1897 4266 2218 4345 Domine,

669 4380 733 4439 et
767 4392 946 4462 pone
990 4392 1096 4437 me
1128 4369 1352 4459 justa
1392 4379 1477 4449 te,
1520 4381 1588 4439 et
1622 4370 1938 4461 cujusvis
1974 4398 2225 4444 manus

664 4484 925 4569 puqnet
950 4483 1187 4543 contra
1215 4497 1342 4542 me.

772 4820 803 4857 ι
843 4791 1024 4876 Quia
1078 4813 1348 4879 egenus.
1386 4816 1421 4856 n
1473 4789 1602 4860 llic
1645 4793 1973 4883 supponit
2011 4791 2225 4862 ratio-

672 4921 793 4969 nes
855 4920 1064 4990 quare
1103 4895 1570 4966 exaudiendus
1616 4906 1740 4978 est,
1786 4897 2045 4967 seilicet
2085 4921 2227 4968 ma-

672 5006 737 5076 la
800 5029 951 5099 quae
1010 5006 1334 5075 sustinuit
1395 5015 1674 5098 propter
1723 5006 2092 5096 justitiam,
2157 5015 2226 5077 et

674 5112 906 5181 mundi
956 5111 1520 5205 redemptionem.
1568 5112 1655 5184 Et
1700 5114 1954 5207 primo,
2006 5115 2226 5207 tangit

674 5220 852 5288 mala
898 5242 1049 5311 quae
1106 5222 1428 5290 sustinuit
1472 5221 1546 5290 in
1589 5220 1808 5292 Iactis.
1874 5221 2220 5301 Secundo,

671 5351 824 5423 quae
852 5328 923 5397 in
960 5330 1212 5413 verbis,
1255 5331 1375 5411 ibi,
1416 5340 1481 5409 5.
1515 5332 1602 5401 25
1635 5352 1653 5402 ε
1702 5357 1737 5397 ι
1778 5334 1876 5402 Et
1939 5354 2063 5423 eqo
2100 5334 2228 5422 sa-

671 5447 817 5507 ctus
897 5460 1077 5507 snm.
1107 5463 1138 5500 ι
1185 5437 1441 5519 Tertio,
1478 5462 1630 5532 quae
1698 5440 1769 5509 in
1809 5440 2054 5533 signis,
2099 5438 2220 5518 ibi,

672 5573 707 5613 ι
753 5543 1076 5615 Viderunt
1110 5568 1240 5614 me.
1275 5572 1310 5610 ι

759 5652 843 5722 Et
898 5654 966 5721 in
1020 5652 1240 5747 prima
1284 5652 1447 5724 duo.
1499 5653 1763 5737 Primo,
1806 5679 1957 5749 quoe
2015 5655 2224 5723 susti-

1682 313 1763 379 D.
1820 314 2018 381 ΑΕΒ.
2076 316 2293 384 MAG.
2346 316 2552 383 ORD.
2607 316 2899 382 PRAED.

2343 487 2488 553 nuit
2518 487 2587 552 in
2618 487 2862 575 seipso.
2904 485 3246 566 Secundo,
3293 509 3439 579 quae
3474 488 3540 553 in
3571 487 3734 565 suis,
3765 483 3882 563 ibi,

2341 597 2411 661 in
2443 593 2666 662 medio
2703 603 2767 670 ιζ’.
2812 595 2894 662 23
2929 615 2944 663 :
2993 623 3027 658 α
3060 599 3156 663 Et
3194 618 3512 664 excussus
3539 616 3715 659 snm.
3757 617 3789 656 ιο

2429 697 2506 763 In
2552 700 2768 788 prima
2810 697 2968 765 duo.
3021 700 3281 780 Primo,
3334 698 3631 768 carentia
3688 695 3874 763 boni.

2343 804 2685 886 Secundo,
2728 806 2886 874 mali
2945 811 3330 897 praesentia,
3392 807 3509 885 ibi,
3569 836 3597 866 ιι
3635 807 3731 873 Et
3769 826 3881 870 cor

2339 936 2589 982 meum.
2627 937 2659 977 1>

2426 1020 2504 1086 ln
2538 1022 2752 1110 prima
2790 1019 2949 1088 duo.
2990 1019 3248 1104 Primo,
3289 1022 3583 1087 carentia
3613 1015 3871 1085 auxilii.

2341 1128 2679 1205 Secunde,
2736 1130 3094 1196 necessarii
3156 1129 3239 1196 ad
3287 1130 3872 1201 sustentationem,

2335 1237 2454 1317 ibi,
2503 1264 2536 1302 a
2568 1240 2663 1304 Et
2693 1260 2960 1328 pauper
2984 1261 3162 1305 sum.
3202 1263 3234 1302 ιο

2423 1347 2603 1413 Dicit
2634 1368 2794 1436 ergo
2830 1369 2843 1411 :
2885 1345 2997 1414 Sie
3028 1345 3266 1424 libera,
3301 1354 3367 1414 et
3386 1345 3618 1425 debes,
3650 1372 3680 1405 «
3720 1365 3876 1433 quo·

2336 1454 2525 1520 niam
2566 1475 2835 1543 eqenuS,
2878 1479 2908 1516 »
2954 1454 3020 1519 id
3060 1462 3186 1532 est,
3229 1455 3373 1520 sine
3412 1452 3873 1543 generatione,

2335 1571 2400 1630 et
2429 1569 2657 1653 gente,
2714 1584 2865 1652 quae
2916 1584 3026 1630 me
3073 1563 3295 1651 juvet,
3335 1589 3367 1627 ι
3417 1585 3539 1651 eqo
3589 1582 3770 1641 sum,
3813 1566 3877 1625 ct

2326 1692 2619 1761 pauper,
2668 1695 2698 1731 ι»
2752 1691 2985 1736 carens
3046 1670 3246 1736 rebus
3304 1668 3389 1736 ad
3437 1666 3871 1736 sustentatio-

2332 1800 2488 1844 nem
2541 1777 2954 1844 necessariis.
2993 1777 3054 1844 11
3105 1776 3190 1844 ad
3231 1774 3540 1844 Corinth.
3584 1797 3725 1852 vm,
3768 1776 3808 1841 9
3853 1796 3867 1838 ε

2329 1885 2538 1954 Scitis
2564 1885 2869 1973 qratiam
2897 1885 3187 1952 Domini
3216 1885 3436 1952 nostri
3477 1886 3642 1952 Jesu
3677 1882 3873 1952 Clari·

2327 1998 2441 2074 sti,
2475 1996 2803 2087 qnoniam
2851 2006 3134 2087 propter
3188 2018 3303 2063 vos
3358 2017 3605 2085 eqenus
3640 1995 3873 2083 sactus

2328 2115 2450 2182 est,
2527 2126 2680 2172 cum
2738 2113 2901 2171 esset
2957 2104 3167 2182 dives,
3233 2113 3308 2170 ut
3375 2102 3570 2170 illius
3635 2102 3870 2192 inopia

2329 2235 2444 2280 vos
2499 2212 2742 2278 divites
2797 2213 3045 2280 essetis.
3107 2210 3358 2278 Thren.
3413 2233 3506 2287 ιιι,
3558 2213 3581 2277 1
3644 2232 3659 2276 :
3715 2211 3867 2299 qu

2326 2322 2435 2388 vir
2494 2320 2728 2388 videns
2789 2328 3197 2410 paupertem
3252 2340 3498 2386 meam.
3561 2316 3645 2385 Et
3700 2314 3868 2383 tales

2326 2425 2500 2495 solet
2558 2426 2904 2515 adjuvare,
2958 2424 3088 2491 lsa.
3135 2447 3298 2502 xxv,
3340 2425 3431 2492 -tz
3476 2425 3726 2491 Factus
3771 2431 3869 2489 est

2323 2533 2666 2625 fortitudo
2717 2533 3038 2623 pauperi,
3079 2541 3145 2599 et
3182 2553 3388 2621 eqeno
3446 2531 3517 2597 in
3563 2527 3869 2596 tribula-

2328 2644 2509 2710 tione
2544 2664 2696 2708 sua.
2751 2639 2929 2709 Psal.
2999 2663 3043 2708 x
3090 2637 3464 2708 seeundum
3508 2637 3861 2715 llebraeoS,

2329 2751 2370 2818 4
2403 2771 2418 2816 ε
2458 2747 2606 2817 Tibi
2647 2748 3005 2816 derelictus
3052 2757 3150 2814 est
3176 2768 3451 2839 pauper
3486 2769 3509 2813 .·
3557 2744 3861 2836 orphano

2329 2869 2405 2927 tu
2433 2860 2565 2927 eris
2610 2857 2921 2948 adjutor.

2420 3103 2454 3138 α
2523 3077 2618 3143 Et
2688 3097 2801 3140 cor
2854 3093 3104 3140 meum.
3175 3097 3210 3134 »
3275 3069 3445 3139 Eece
3510 3068 3867 3160 praesentia

2330 3185 2517 3267 mali,
2566 3179 2890 3272 simplicis
2945 3177 3402 3248 tribulationis
3449 3178 3670 3268 primo
3724 3198 3740 3243 :
3804 3183 3871 3244 et

2329 3293 2568 3364 mortis
2591 3289 2913 3373 secundo,
2954 3287 3072 3364 ibi,
3107 3295 3173 3365 ἵ.
3216 3288 3302 3355 23
3351 3309 3367 3354 :
3406 3314 3439 3351 ιι
3488 3287 3682 3360 Sicut
3712 3307 3870 3352 nm-

2332 3401 2481 3471 bra.
2518 3427 2552 3463 a

2420 3510 2594 3579 Dicit
2610 3506 2795 3598 'ergo
2838 3527 2853 3572 :
2892 3503 3007 3573 Sic
3034 3525 3291 3596 egenus
3328 3509 3395 3571 et
3432 3523 3687 3594 pauper
3714 3523 3866 3568 sum

2327 3616 2543 3685 sactus
2576 3637 2591 3681 :
2630 3641 2663 3677 ιι
2712 3621 2778 3680 et
2804 3634 2918 3680 cor
2964 3632 3216 3688 meum,
3253 3634 3288 3674 ιι
3343 3611 3517 3677 intra
3562 3630 3669 3676 tue
3699 3630 3871 3676 eon-

2328 3723 2673 3796 turbatum
2722 3729 2846 3790 est.
2905 3716 3147 3788 Mauh.
3190 3740 3376 3797 xxvi,
3418 3718 3502 3786 38
3560 3739 3577 3785 ε
3634 3717 3870 3785 Tristis

2324 3843 2424 3903 est
2452 3831 2687 3899 anima
2716 3850 2866 3896 mea
2897 3848 3112 3917 usque
3138 3824 3239 3893 ad
3271 3833 3577 3893 mortem.
3606 3822 3862 3892 Jerem.

2327 3959 2523 4014 xxm,
2580 3937 2621 4005 9
2664 3957 2679 4002 ε
2726 3934 3112 4004 Contu-itum
3167 3941 3265 4000 est
3317 3954 3433 4000 eor
3493 3951 3717 3998 meum
3794 3929 3866 3996 in

2326 4041 2551 4113 medio
2580 4041 2736 4108 mei.
2766 4038 2967 4107 Joan.
3011 4060 3131 4118 xn,
3163 4038 3248 4106 27
3284 4059 3301 4105 ε
3359 4038 3581 4111 Nunc,
3618 4035 3864 4125 inquit,

2328 4152 2566 4220 anima
2605 4170 2754 4217 mea
2806 4144 3087 4215 turbata
3136 4155 3234 4214 est
3274 4141 3657 4212 turbatione
3705 4164 3870 4234 pro-

2330 4260 2690 4353 passionis..
2748 4279 2903 4349 quae
2958 4278 3098 4324 non
3157 4251 3452 4321 turbavit
3506 4254 3868 4330 rationem,

2329 4369 2438 4440 vel
2482 4366 2929 4438 contristavit.
2992 4362 3124 4431 lsa.
3168 4384 3329 4441 xm,
3379 4361 3420 4429 4
3482 4381 3498 4429 ε
3541 4360 3695 4428 Non
3743 4357 3874 4426 erit

2331 4479 2571 4557 tristis,
2602 4497 2816 4567 neque
2850 4470 3315 4542 turbulentus.

2422 4821 2456 4856 ι
2506 4792 2701 4861 Sient
2747 4786 3017 4857 umbra.
3063 4813 3098 4851 ι
3141 4785 3272 4856 Πίο
3319 4786 3613 4856 secunda
3661 4786 3872 4855 mise-
3990 4793 4118 4861 28

2333 4901 2433 4969 ria
2471 4901 2540 4968 in
2579 4897 2932 4990 praesentia
2961 4893 3151 4978 mali,
3184 4894 3435 4964 scilicet
3464 4916 3672 4961 mors.

2421 5007 2535 5075 Ait
2563 5005 2746 5074 enim
2781 5027 2796 5073 :
2825 5003 2939 5073 Sic
2968 5002 3315 5072 turbatum
3339 5009 3438 5069 est
3456 5024 3574 5070 cor
3594 5022 3823 5069 meum
3851 5019 3867 5067 ε

2333 5124 2398 5187 et
2434 5116 2640 5185 etiam
2679 5137 2809 5205 ego
2850 5142 2884 5178 α
2926 5110 3208 5181 ablatus
3233 5132 3415 5189 snm,
3457 5139 3489 5171 n
3548 5110 3628 5178 de
3667 5133 3877 5179 mun-

2333 5225 2421 5294 do
2468 5246 2590 5315 per
2630 5231 2946 5302 mortem,
2999 5248 3035 5285 α
3083 5219 3264 5288 sicut
3302 5216 3570 5300 umbra,
3625 5247 3659 5283 ι
3721 5242 3874 5312 quae

2331 5334 2468 5402 cito
2523 5331 2763 5399 transit
2819 5328 3038 5409 valde,
3101 5327 3262 5419 quia
3317 5323 3527 5394 homo
3568 5349 3748 5409 sum,
3807 5339 3877 5399 et

2330 5438 2691 5509 hominum
2742 5433 3117 5508 conditioni
3188 5454 3298 5501 me
3363 5430 3643 5523 subjeci.
3707 5435 3869 5520 Job,

2333 5570 2480 5627 vin,
2530 5547 2571 5615 9
2641 5566 2660 5612 ε
2718 5545 2915 5614 Sicut
2970 5539 3218 5610 umbra
3283 5538 3425 5608 dies
3477 5544 3695 5611 nostri
3753 5564 3872 5610 su-

2328 5680 2457 5751 per
2509 5665 2785 5725 terram.
2838 5651 2970 5723 Isa.
3019 5672 3160 5733 ιιιι,
3195 5650 3235 5718 8
3295 5671 3312 5719 :
3372 5648 3723 5722 Ale-scissus
3778 5658 3877 5719 est
