5008 6329
614 224 741 292 346

611 419 787 463 rum.
862 398 951 467 Ut
1002 422 1236 467 corum
1281 401 1598 491 exemplo
1684 403 1866 471 mala
1924 405 2159 472 mundi

611 504 1104 573 conculcemus.
1157 506 1411 574 Jerem.
1459 533 1613 591 xm,
1658 512 1698 577 4
1739 520 1806 579 et
1844 514 1883 579 5
1931 537 1943 579 :
1994 515 2165 580 Ecce

609 635 779 702 quos
840 612 1203 699 aedificavi,
1263 618 1628 686 virtutibus
1698 619 1978 700 scilicet,
2037 643 2159 708 eqo

610 718 908 798 destruo,
943 728 1271 807 quantum
1307 724 1389 790 ad
1421 748 1667 815 corpus
1704 749 1718 790 :
1758 736 1822 792 et
1861 748 2053 814 quos,
2091 726 2160 788 in

610 824 888 901 divitiis,
917 825 1262 915 plantavi,
1299 854 1420 920 eqo
1462 831 1702 907 evell0,
1739 831 1823 896 ab
1863 830 1997 896 illis
2027 831 2162 897 sci-

608 929 788 1008 licet,
850 942 912 999 et
962 937 1350 1003 universam
1400 948 1657 1002 terram
1705 937 1929 1003 lianc:
1978 947 2041 1003 et
2080 947 2155 1003 tu

606 1042 856 1130 quaeris
894 1042 1022 1111 tibi
1071 1042 1441 1132 yrandia?
1510 1045 1598 1113 Ut
1656 1068 1738 1112 ex
1789 1045 1896 1112 his
1962 1045 2159 1113 bonis

609 1170 761 1236 quae
814 1148 945 1216 illis
1010 1150 1371 1218 contulerit
1418 1153 1628 1233 Deus,
1692 1156 1945 1245 gratias
2010 1154 2157 1223 Deo

608 1277 916 1345 agamus,
951 1256 1231 1346 Apocal.
1268 1284 1361 1340 ιν,
1402 1264 1476 1329 11
1518 1286 1534 1330 ε
1570 1265 1846 1354 Diqnus
1883 1285 1950 1330 es
1977 1265 2159 1331 acci-

600 1383 763 1451 pere
780 1361 1109 1453 yloriam,
1152 1376 1216 1435 et
1252 1367 1601 1448 honorem,
1663 1380 1727 1435 et
1769 1372 2093 1439 virtutem
2134 1393 2156 1436 .·

608 1471 769 1560 quia
825 1479 987 1541 tunc
1035 1482 1217 1542 casta
1257 1479 1513 1555 omnia,
1577 1486 1642 1544 et
1699 1486 1974 1569 propter
2043 1500 2159 1545 vo·

606 1577 937 1648 luntatem
992 1589 1176 1648 tuam
1237 1593 1451 1650 erant.
1494 1583 1774 1663 Ultimo,
1837 1593 1917 1653 ut
1965 1584 2158 1653 abiis

606 1686 938 1754 auxilium
1012 1698 1510 1779 exspectemuS,
1582 1692 1755 1760 sicut
1813 1692 1923 1760 hic
1985 1693 2158 1760 dici-

604 1800 764 1861 tur:

700 1928 736 1965 «
773 1903 986 1984 Unde,
1034 1928 1066 1968 ιι
1104 1905 1167 1972 id
1198 1915 1322 1984 est,
1368 1931 1406 1974 n
1474 1908 1722 1997 quibus
1778 1911 2152 1992 montibuS,

610 2036 646 2076 α
680 2010 1033 2079 azexilium
1086 2014 1302 2080 veniet
1358 2016 1555 2083 milzi.
1608 2042 1641 2082 ιι
1708 2015 1942 2085 Sancti
1973 2021 2157 2087 enim

606 2117 748 2185 suis
790 2140 916 2186 nos
972 2119 1300 2207 adjuvant
1355 2123 1808 2193 orationibus.
1867 2125 2153 2216 Apocal.

605 2247 675 2304 v,
710 2225 802 2292 8:
863 2226 1203 2296 Habentes
1255 2230 1527 2319 sinquIi
1572 2232 1860 2322 phialas
1914 2257 2160 2301 aureas

598 2331 850 2425 plenas
903 2334 1531 2420 odoramentorum,
1591 2363 1746 2430 quae
1796 2352 1960 2410 sunt
1999 2365 2162 2409 ora-

609 2441 823 2508 tiones
849 2453 1265 2513 sanctorum.
1302 2445 1361 2512 ΙΙ
1397 2445 1711 2515 Machub.
1747 2472 1864 2531 xv,
1915 2449 2019 2529 14,
2055 2449 2158 2517 di-

607 2548 782 2616 citur
834 2548 917 2617 de
973 2559 1204 2620 sancto
1242 2552 1594 2623 Jercmia:
1664 2557 1797 2623 llic
1843 2567 1940 2622 est
2002 2558 2163 2646 sra-

609 2663 794 2723 trum
832 2667 1127 2742 amator,
1170 2668 1235 2725 et
1279 2660 1534 2750 populi
1565 2661 1783 2729 lsrael
1821 2685 1843 2728 .·
1889 2663 2002 2729 hic
2064 2674 2162 2731 est

606 2763 731 2852 qui
767 2762 1067 2831 multum
1098 2775 1252 2833 orat
1271 2790 1401 2858 pro
1434 2769 1727 2858 populo,
1788 2778 1854 2836 et
1893 2771 2159 2837 univer-

603 2889 682 2934 so
718 2878 956 2938 sancta
992 2872 1287 2940 civitate.
1322 2873 1419 2939 lv
1461 2874 1627 2966 Reg.
1672 2899 1765 2955 vi,
1806 2878 1884 2943 17
1926 2899 1950 2944 .·
1990 2879 2160 2969 Ape-

608 2978 751 3043 ruit
773 2979 1111 3046 Dominus
1179 2982 1414 3049 oculos
1444 2984 1674 3073 pueri,
1727 2984 1930 3053 Elisei
1970 2980 2158 3054 sc‘ili-

608 3092 736 3160 cet.
769 3093 833 3151 ct
859 3085 1056 3164 vidit,
1090 3096 1155 3154 et
1194 3111 1338 3156 ecce
1387 3113 1582 3156 mons
1649 3091 1903 3184 plenus
1959 3117 2161 3185 equo-

606 3214 762 3259 rum
821 3203 886 3260 et
948 3217 1279 3265 curruum
1329 3198 1688 3289 iqncorum
1747 3201 1817 3267 in
1865 3202 2159 3269 circuitu

602 3297 845 3367 Elisci.

698 3650 731 3691 ι
794 3625 1165 3695 Auxilium
1223 3649 1450 3694 meum
1506 3650 1550 3694 α
1587 3628 1913 3696 Domino.
1954 3652 1987 3693 ιι
2030 3625 2156 3695 llic

604 3731 982 3801 secundum
1018 3755 1034 3801 ε
1067 3741 1342 3802 ostenso
1374 3733 1559 3802 enim
1602 3735 1670 3802 in
1720 3734 1969 3825 quibus
2026 3732 2157 3802 lia-

601 3840 759 3908 bent
794 3839 1278 3909 confidentiam
1306 3841 1737 3926 secundario,
1776 3840 1888 3909 hic
1920 3842 1990 3910 in
2022 3863 2156 3933 quo

599 3946 1085 4039 principaliter.
1123 3948 1204 4016 Et
1231 3950 1481 4041 primo,
1517 3951 1884 4019 confitetur
1912 3950 1980 4017 in
2011 3948 2155 4018 Deo

599 4055 974 4124 auxiliandi
1023 4058 1523 4126 auctoritatem.
1563 4058 1910 4143 Secundo,
1956 4067 2155 4149 potc-

599 4172 871 4248 statem,
907 4164 1025 4243 ihi,
1063 4190 1096 4230 α
1136 4166 1277 4251 Qui
1310 4166 1502 4255 fecit.
1551 4191 1584 4232 ι

689 4273 870 4342 Dicit
907 4297 1072 4365 ergo
1105 4296 1121 4341 ε
1158 4272 1273 4342 Sic
1302 4273 1653 4342 conlidens
1698 4274 1924 4343 levavi
1984 4297 2154 4344 ocu-

600 4382 705 4451 los
762 4404 952 4451 meos
1008 4380 1090 4449 ad
1133 4379 1446 4460 Sanctus,
1520 4405 1644 4474 per
1697 4405 1818 4452 eos
1894 4381 2152 4452 auxilia

602 4490 1053 4581 impetrando,
1123 4490 1239 4558 sed
1301 4518 1336 4556 α
1396 4491 1753 4559 auxilium
1823 4514 2077 4575 meum,
2115 4519 2148 4555 a·

599 4600 936 4692 praecipue
976 4606 1040 4667 et
1080 4600 1331 4690 primo,
1377 4629 1410 4663 «
1444 4623 1489 4666 α
1544 4600 1870 4668 Domino.
1904 4628 1933 4664 ι
2020 4599 2147 4668 lsa.

599 4733 660 4786 1.‚
704 4711 743 4777 7
788 4731 804 4777 ε
847 4709 1179 4778 Dominus
1224 4711 1416 4777 Deus
1480 4708 1873 4776 auxiliator
1934 4730 2145 4778 meus.

600 4816 798 4901 Osee,
840 4838 985 4896 xm.
1016 4818 1058 4884 9
1102 4837 1119 4884 ι
1172 4815 1483 4883 Perditio
1512 4826 1661 4898 tua,
1694 4816 1938 4896 Israel,
1972 4839 2059 4885 ex
2089 4826 2152 4886 te

598 4927 912 4998 scilicet:
970 4925 1446 4995 tantummodo
1512 4926 1584 4993 in
1642 4947 1751 4993 me
1795 4925 2151 4993 aua-ilium

599 5041 822 5111 tuum,
891 5038 1242 5122 tamquam
1308 5051 1392 5098 ex
1432 5027 1788 5120 principali
1846 5035 2146 5098 auctore.

598 5139 877 5209 Denter.
910 5161 1149 5220 xxxin,
1182 5138 1314 5205 26:
1357 5137 1689 5205 Asccnsor
1743 5135 1898 5204 coeli
1951 5136 2154 5204 auxi·

602 5245 812 5314 tiator
872 5256 1058 5315 tuus.
1119 5245 1202 5313 Et
1238 5252 1463 5336 potest
1519 5245 1717 5323 hene,
1791 5271 1827 5308 α
1895 5245 2020 5336 qui
2051 5246 2153 5335 le-

595 5359 712 5436 cit,
749 5381 782 5422 ι
835 5355 904 5424 id
934 5348 1058 5433 es't,
1101 5356 1262 5448 quia
1312 5354 1426 5424 ille
1482 5354 1663 5433 fecit,
1709 5381 1741 5414 ιι
1787 5353 2063 5433 coelum,
2110 5380 2144 5416 u

596 5487 874 5536 omnem
929 5484 1319 5554 supremam
1379 5472 1725 5543 naturam,
1797 5487 1833 5527 α
1901 5474 1968 5531 et
2013 5472 2152 5530 ter-

595 5599 772 5657 ram,
812 5600 845 5641 ι
878 5594 1156 5642 onmem
1203 5571 1459 5642 scilicet
1497 5573 1832 5641 intimam.
1897 5572 2143 5641 (lenes,

1608 232 1692 296 D.
1746 231 1946 298 ΑΕΒ.
2000 229 2219 298 MAG.
2272 229 2475 298 ORD.
2528 231 2823 299 PRAED.

2267 427 2312 481 ι,
2354 407 2377 469 1
2431 427 2444 468 :
2480 404 2562 470 In
2586 404 2929 493 principio
2969 405 3220 469 creavit
3257 407 3447 471 Deus
3475 405 3720 473 coelum
3751 416 3813 473 et

2268 521 2541 577 terram.
2580 510 2896 590 1sa.x1,v‚
2948 511 3076 576 12:
3132 513 3281 601 qu
3336 513 3474 599 leci
3530 523 3807 592 terram,

2266 628 2329 682 et
2366 618 2705 684 hominem
2735 641 2942 709 super
2970 641 3120 685 eam
3152 620 3376 685 creavi
3430 642 3549 709 eqo
3583 644 3603 687 .·
3659 645 3813 688 mo-

2264 746 2393 788 nus
2419 747 2580 790 meae
2615 726 3059 793 eoetenderunt
3096 726 3318 793 coelos.
3380 725 3486 792 Ad
3545 725 3804 795 Coloss.

2264 855 2309 908 1,
2364 833 2437 898 16
2483 854 2497 897 τ
2568 833 2650 899 In
2709 835 2855 923 ipso
2933 835 3208 901 condita
3280 844 3442 902 sunt
3494 836 3810 903 universa

2266 944 2335 1008 iu
2369 943 2581 1025 coelis,
2616 952 2680 1009 et
2710 944 2782 1009 in
2815 953 3024 1011 terra.

2356 1283 2389 1322 α
2422 1259 2572 1325 Non
2604 1257 2716 1324 det
2763 1259 2834 1326 in
2872 1261 3410 1327 commotionem.
3450 1285 3482 1324 ι)
3534 1260 3660 1328 Hic
3699 1283 3809 1328 se-

2263 1478 2678 1538 monstratur
2724 1470 3132 1540 confidentia
3189 1496 3309 1563 per
3365 1475 3609 1541 nnimae
3655 1498 3810 1565 pro-

2262 1580 2423 1669 priae
2454 1577 2959 1647 allocutionem.
2984 1579 3378 1671 Alloquitur
3402 1590 3627 1649 autem
3659 1605 3805 1650 eam

2262 1687 2482 1775 primo
2523 1708 2645 1775 pro
2702 1707 2780 1752 ea
2816 1684 3286 1776 supplicandO.
3347 1696 3422 1755 ut
3478 1688 3547 1755 in
3595 1688 3809 1779 gradu

2264 1791 2334 1857 in
2383 1814 2517 1882 quo
2556 1799 2680 1871 est,
2724 1801 3166 1861 conservetur
3218 1817 3260 1861 a
3308 1793 3634 1864 Domino.
3678 1794 3811 1864 Se-

2265 1898 2512 1981 cundo,
2536 1906 2610 1966 ut
2637 1908 3034 1967 conservata
3065 1900 3502 1970 confirmetur
3532 1904 3600 1970 in
3626 1901 3810 1971 bono

2266 2007 2533 2094 majori,
2568 2015 2635 2075 ct
2686 2006 3007 2097 perfecto,
3044 2006 3160 2085 ibi,
3207 2009 3277 2076 in
3323 2009 3549 2078 medio
3588 2016 3651 2086 δ’.
3706 2010 3744 2077 7
3792 2032 3806 2077 :

2268 2139 2301 2178 «
2349 2114 2706 2182 Custodiot
2735 2115 3070 2182 animam.
3116 2141 3145 2177 n

2354 2221 2431 2291 In
2461 2225 2678 2314 primu
2717 2225 2868 2292 tria.
2912 2224 3174 2304 Primo,
3217 2227 3408 2316 petit.
3466 2226 3806 2312 SecundO,

2266 2332 2562 2401 ostendit
2587 2333 3196 2423 promptitudinem
3226 2333 3528 2417 Domini,
3564 2336 3650 2405 ad
3681 2337 3810 2406 hoc

2267 2439 2448 2530 quod
2486 2442 2675 2529 petit,
2734 2438 2852 2520 ibi,
2900 2447 2968 2517 ὴ.
3020 2441 3062 2507 4
3106 2464 3122 2509 ε
3173 2466 3206 2507 ι
3254 2444 3428 2510 Ecce
3468 2467 3602 2511 non
3644 2443 3811 2512 dor-

2266 2546 2562 2614 mitabit.
2600 2573 2632 2609 n
2660 2546 2912 2627 Tertio,
2947 2555 3299 2640 tamquam
3339 2558 3586 2635 certuS,
3628 2573 3813 2619 com·

2262 2653 2519 2746 pletum
2561 2678 2704 2724 esse
2735 2657 2975 2725 asserit
3002 2657 3189 2747 quod
3217 2659 3407 2748 petit,
3443 2657 3560 2738 ibi,
3592 2666 3658 2735 5.
3714 2663 3752 2728 5
3788 2681 3803 2727 ε

2271 2789 2303 2826 α
2340 2764 2677 2832 Dominus
2713 2764 3009 2831 custodit
3036 2774 3121 2831 te.
3160 2793 3191 2826 »

2356 2869 2432 2937 ln
2464 2871 2682 2961 prima
2711 2871 2873 2952 duo,
2908 2871 3282 2941 secundum
3312 2872 3449 2942 duo
3479 2897 3633 2966 quae
3660 2898 3809 2966 per·

2264 2978 2479 3046 tinent
2517 2978 2602 3047 ad
2622 2980 3213 3048 conservationem
3248 2980 3316 3049 in
3346 2979 3529 3050 bono
3571 2984 3640 3050 in
3670 3006 3806 3073 quo

2266 3098 2388 3158 est.
2434 3090 2693 3171 Primo,
2734 3112 2820 3158 ne
2876 3089 3132 3159 recidat
3171 3091 3241 3159 in
3294 3091 3564 3184 culpem
3631 3115 3810 3185 prae-

2264 3199 2560 3267 teritam.
2605 3198 2954 3280 Secunde,
2995 3222 3081 3269 ne
3146 3207 3437 3291 torpeat,
3471 3201 3655 3292 quod
3708 3209 3809 3271 est

2268 3306 2580 3399 quaedam
2663 3307 3065 3398 praeparatio
3132 3306 3220 3375 ad
3303 3308 3596 3387 ruinam,
3687 3308 3803 3390 ibi,

2271 3441 2304 3481 α
2336 3415 2570 3506 Neque
2596 3413 2941 3482 dormitet.
2988 3439 3021 3480 ι

2358 3522 2535 3590 Dicit
2569 3543 2732 3612 ergo
2777 3544 2792 3587 ε
2839 3520 2979 3601 Sic,
3013 3522 3242 3590 anima
3269 3544 3446 3602 mea,
3480 3522 3809 3591 auxilium

2265 3649 2495 3696 meum
2525 3648 2567 3696 a
2613 3626 2940 3708 Domino,
2990 3635 3059 3695 et
3103 3636 3383 3717 propter
3420 3626 3550 3698 hoc
3588 3629 3811 3719 ipsum

2266 3757 2458 3825 rogo,
2496 3759 2530 3799 α
2563 3757 2697 3801 non
2727 3732 2841 3801 det
2870 3733 3114 3826 pedem
3162 3745 3390 3816 tuum,
3427 3761 3460 3797 ιι
3495 3735 3813 3805 affectum

2264 3852 2485 3924 tuum,
2518 3871 2547 3907 n
2617 3845 2688 3910 in
2745 3845 3287 3925 commotionem,
3326 3872 3360 3909 »ι
3420 3868 3506 3914 ne
3564 3845 3816 3915 recidat

2265 3975 2386 4043 per
2412 3950 2708 4044 culpam,
2751 3953 2927 4021 sicut
2954 3974 3160 4043 supra
3189 3952 3493 4038 timebat,
3527 3952 3593 4021 in
3629 3951 3809 4022 psal.

2265 4084 2469 4140 mxxii,
2514 4063 2553 4129 2
2588 4084 2605 4128 :
2639 4062 2781 4130 Mei
2808 4070 3038 4129 autem
3069 4085 3244 4153 pene
3273 4064 3458 4130 'moti
3493 4074 3656 4132 sunt
3684 4086 3816 4155 pe-

2265 4169 2407 4253 des,
2445 4191 2644 4261 pene,
2697 4177 2826 4237 etc.
2878 4167 2982 4236 Ex
3020 4168 3193 4260 pede
3243 4170 3430 4238 enim
3478 4171 3578 4238 sic
3623 4180 3813 4239 moto

2264 4277 2528 4345 laetutur
2598 4273 2936 4356 diabolus,
3016 4283 3085 4344 et
3149 4276 3406 4347 irridet.
3478 4277 3560 4346 ln
3625 4278 3809 4348 l‘sal.

2261 4404 2522 4464 xxxvii,
2576 4381 2683 4463 17,
2733 4404 2941 4473 supra
2992 4407 3009 4450 ε
3064 4385 3253 4451 Dum
3307 4395 3818 4455 commoventur

2256 4491 2461 4584 pedes
2498 4490 2654 4574 mei,
2685 4512 2894 4581 super
2931 4512 3039 4558 me
3085 4513 3342 4582 moqna
3374 4490 3588 4562 locuti
3621 4504 3808 4562 sunt.

2264 4598 2395 4679 Qui
2429 4607 2654 4667 autem
2685 4597 2928 4690 pedem
2966 4597 3229 4668 fortiter
3258 4599 3503 4683 fixerit,
3537 4610 3605 4670 et
3634 4602 3816 4671 dire·

2264 4708 2433 4775 xcrit
2481 4705 2565 4774 ad
2603 4705 2889 4785 bonum,
2931 4704 3104 4773 nihil
3142 4707 3429 4777 timebit.
3480 4708 3810 4779 Proverb.

2266 4822 2358 4895 iv,
2391 4816 2476 4882 26
2520 4837 2536 4882 :
2579 4814 2823 4905 Diriqe
2863 4814 3146 4882 semitas
3184 4815 3480 4906 pedibus
3536 4819 3701 4898 tuis,
3751 4827 3814 4886 et

2264 4945 2493 4992 omnes
2537 4922 2662 4989 υἱέε
2698 4930 2833 4989 tuae
2867 4920 3333 4992 stabilientur.
3386 4923 3535 4994 Hoc
3582 4933 3814 4996 eutem

2264 5030 2452 5101 solus
2492 5036 2714 5121 potest
2747 5027 3108 5097 Dominus,
3139 5028 3491 5101 proverb.
3527 5054 3628 5113 m,
3670 5035 3756 5101 26
3790 5055 3809 5102 :

2263 5122 2606 5208 Dominus
2642 5138 2771 5205 erit
2808 5137 2878 5204 in
2941 5135 3152 5205 latere
3188 5146 3333 5219 tuo,
3382 5149 3447 5207 et
3482 5139 3814 5209 custodiet

2255 5245 2498 5337 pedem
2561 5255 2759 5317 tuum
2822 5267 2909 5312 ne
2959 5246 3286 5336 capiaris.
3340 5245 3630 5338 Propter
3680 5246 3813 5318 hoc

2263 5351 2532 5432 dicitur,
2564 5348 3032 5430 Proverb.xn,
3057 5351 3135 5417 3:
3170 5350 3406 5419 Radix
3417 5352 3808 5444 justorum,

2263 5460 2541 5530 affectus
2580 5459 2696 5553 qui
2752 5467 2857 5528 est
2910 5457 3104 5527 radix
3160 5459 3385 5530 omnis
3432 5460 3627 5552 boni,
3675 5488 3815 5535 non

2260 5566 2812 5637 commovebitur.

2263 1363 2482 1431 cunda
2520 1387 2675 1453 pars
2727 1365 2932 1433 totius
2984 1364 3188 1454 hujus
3238 1366 3515 1445 Psalmi,
3558 1369 3627 1434 in
3670 1390 3805 1458 quo
3838 1385 4144 1500 „sffss'i'a‘iini
