5008 6329
1001 3299 1118 3364 1²

2082 195 2792 263 COMMENTARIUS
2846 195 2932 261 IN
2990 193 3421 260 PSALMUM
3474 192 3613 261 CV.
4361 200 4441 264 91

1236 368 1311 433 ln
1341 366 1443 432 his
1486 366 1784 433 irritatur
1836 390 1955 456 per
2009 368 2268 457 gulam.
2324 370 2578 445 'sertim
2625 375 2784 434 suut

1235 484 1448 542 castra
1505 474 1768 559 mundi,
1821 476 1903 543 de
1971 478 2241 568 quibus,
2287 479 2376 544 tv
2446 479 2617 564 Reg.
2661 497 2776 550 vu,

1240 585 1316 650 10
1350 605 1362 648 :
1402 584 1663 649 luimus
1702 584 1797 651 ad
1827 596 2054 654 castra
2099 590 2345 677 Syriae,
2395 596 2461 652 et
2496 583 2780 652 nullum

1236 688 1483 756 ibidem
1521 694 1896 782 reperimus
1931 695 2302 771 hominem,
2363 693 2500 759 nisi
2547 713 2776 781 equos.

1229 794 1401 885 Equi
1443 807 1671 866 autem
1730 812 1888 870 sunt
1925 802 2198 892 superbi
2249 809 2315 867 et
2369 797 2620 888 gulosi,
2665 801 2780 888 qui

1231 914 1386 970 sunt
1442 905 1510 971 in
1571 910 1852 978 mundo.
1913 910 1988 976 [n
2047 909 2154 976 his
2213 915 2626 996 provocatur
2663 927 2784 997 per

1227 1011 1621 1080 vanitatem.
1651 1014 1934 1098 Quarto,
1983 1024 2141 1082 sunt
2180 1021 2240 1079 et
2290 1022 2510 1081 castra
2549 1012 2782 1080 diabo-

1229 1115 1300 1200 li,
1335 1119 1416 1186 «le
1457 1123 1730 1211 quibus,
1767 1125 1894 1192 lsa.
1942 1146 2225 1202 xxxviii,
2273 1123 2356 1190 36
2392 1134 2406 1190 t
2442 1125 2782 1212 Eqressus

1226 1239 1455 1296 autem
1496 1232 1808 1321 Anqelus
1835 1233 2124 1299 Domini
2154 1233 2493 1322 percussit
2549 1232 2621 1297 iu
2661 1252 2780 1297 ca-

1223 1338 1382 1403 stris
1417 1341 1861 1429 Assyriorum
1899 1349 2169 1407 centum
2194 1340 2542 1431 octoqinta
2572 1339 2781 1428 quin-

1224 1471 1353 1537 que
1397 1448 1656 1517 millia.
1693 1447 1769 1516 ln
1838 1448 1943 1516 his
2011 1451 2315 1517 irritatur
2379 1471 2502 1540 per
2549 1468 2782 1535 super·

1223 1552 1430 1621 biam.
1468 1553 1749 1634 Quinto,
1781 1566 1941 1624 sunt
1973 1567 2193 1626 eastra
2229 1556 2500 1635 deserti,
2525 1554 2781 1622 scilicet

1226 1660 1699 1751 religiosorum
1733 1665 1803 1731 iu
1848 1673 2244 1756 paupertate
2296 1673 2363 1732 et
2402 1663 2779 1753 dejectione

1226 1769 1629 1851 viventium,
1663 1773 1735 1839 in
1766 1773 2015 1864 quibus
2054 1784 2158 1843 est
2192 1795 2509 1840 murmur
2538 1781 2606 1839 et
2639 1793 2781 1838 am·

1226 1874 1417 1955 bitio,
1444 1877 1527 1944 de
1556 1878 1805 1969 quibus
1833 1878 1968 1946 hie.
2004 1879 2113 1961 Et,
2149 1879 2429 1946 Numer.
2469 1900 2610 1955 xvt,
2652 1879 2773 1945 13:

1224 1985 1601 2053 Ascendens
1684 1987 2032 2069 coturnix,
2099 1987 2448 2078 cooperuit
2515 1995 2775 2053 castra.

1230 2090 1303 2158 ln
1333 2090 1439 2158 his
1484 2093 1784 2161 irritatur
1820 2119 1940 2185 per
1982 2096 2506 2185 impatientiam,
2559 2102 2626 2161 et
2668 2093 2780 2160 in-

1229 2197 1710 2268 obedientiam.
1738 2202 1873 2269 Sed
1894 2213 2055 2270 sunt
2086 2201 2266 2269 bona
2296 2211 2541 2284 castra,
2568 2199 2779 2268 colle-

1230 2310 1362 2375 ctio
1399 2308 1874 2399 religiosorum
1920 2313 1991 2379 in
2034 2310 2419 2379 humilitate
2483 2308 2629 2377 Deo
2676 2307 2780 2376 fa-

1233 2415 1667 2493 mulantium,
1704 2419 1878 2485 inter
1929 2441 2103 2509 quos
2151 2428 2251 2485 est
2284 2418 2486 2485 Deus.
2525 2415 2774 2484 Genes.

1232 2546 1441 2604 xxxn,
1473 2528 1512 2591 2
1547 2548 1563 2592 :
1604 2527 1849 2594 Castra
1915 2528 2044 2593 Dei
2093 2535 2257 2595 sunt
2282 2527 2448 2596 leaec.
2480 2524 2589 2592 Ad
2633 2522 2779 2592 lioec

1233 2643 1641 2722 provocatur
1667 2635 1877 2717 Deus,
1922 2644 1994 2702 ut
2024 2635 2105 2701 ad
2150 2634 2262 2703 illa
2293 2634 2548 2713 veniat,
2580 2642 2650 2700 et
2684 2633 2778 2699 sic

1232 2740 1369 2817 tiat,
1405 2740 1535 2807 utl
1590 2741 1759 2832 Ileg.
1804 2765 1895 2820 w,
1927 2745 1967 2811 Ἰ
2014 2766 2028 2809 ;
2089 2744 2275 2810 Venit
2322 2745 2511 2811 Deus
2561 2742 2633 2808 in
2672 2763 2782 2807 ca·

1230 2859 1457 2916 stro...
1526 2850 1630 2918 Γᾷ·
1684 2850 1929 2918 nobis!
1991 2874 2129 2918 non
2171 2852 2351 2919 enim
2385 2851 2535 2941 luit
2583 2856 2780 2916 tanta

1232 2958 1604 3026 exsultatio
1641 2958 1791 3026 lieri
1825 2968 1889 3026 et
1926 2959 2454 3028 nudiustertius.

1320 3311 1352 3347 ιι
1383 3285 1644 3374 'Aperta
1681 3295 1779 3350 est
1834 3292 2042 3351 terra.
2109 3309 2140 3346 ι
2185 3279 2315 3348 llic
2370 3278 2775 3365 secundum,

1230 3390 1480 3458 scilicet
1519 3412 1715 3480 poena
1757 3412 1879 3480 pro
1917 3388 2119 3479 culpa
2155 3388 2271 3456 tali
2306 3410 2322 3454 :
2357 3394 2420 3455 et
2462 3387 2781 3456 dicuntur

1229 3496 1384 3564 duo.
1461 3495 1722 3579 Primo,
1783 3496 2084 3588 tangitur
2139 3518 2339 3586 pirna
2406 3494 2775 3584 majorum,

1227 3608 1606 3698 principum
1673 3605 1950 3674 scilicet.
2015 3604 2356 3684 Secundo,
2401 3606 2775 3682 minorum,

1228 3715 1343 3793 ibi,
1376 3725 1441 3794 ὰ.
1486 3718 1562 3783 18
1599 3740 1615 3785 :
1652 3745 1685 3780 σι
1738 3719 1835 3784 Et
1871 3718 2155 3785 exarsit.
2197 3743 2228 3780 ι

1317 3823 1468 3892 Duo
1515 3833 1743 3893 autem
1802 3824 2122 3892 dicuntur
2175 3823 2242 3891 in
2299 3826 2522 3915 prima
2558 3832 2774 3915 parte.

1232 3930 1488 4009 l’rimo,
1541 3930 1940 4022 pra-paratio
1990 3930 2306 4020 punitivi,
2347 3929 2603 4000 scilicet
2642 3941 2779 3999 ter·

1234 4064 1344 4109 rae.
1394 4041 1739 4118 Secundo.
1788 4041 2090 4111 conditio
2150 4044 2547 4132 punitorum
2586 4042 2774 4111 omni

1230 4146 1434 4216 modo
1479 4147 1830 4240 puniendi,
1869 4148 1989 4228 ihi,
2051 4173 2085 4214 ι
2126 4150 2222 4217 Et
2268 4147 2693 4239 deqluttivit.
2735 4176 2769 4210 n

1317 4255 1493 4325 Dicit
1549 4280 1714 4348 ergo
1748 4278 1765 4325 :
1801 4256 1916 4325 Sic
1961 4253 2350 4325 ambierunt
2388 4256 2457 4324 in
2510 4266 2777 4326 tantum

1231 4373 1300 4431 ut
1365 4364 1705 4432 irritarent
1772 4362 2052 4454 Moysen
2095 4370 2163 4431 et
2228 4362 2460 4430 Aaron
2523 4384 2543 4436 ε
2607 4389 2640 4428 ι
2683 4366 2779 4432 Et

1227 4483 1464 4564 aperto
1510 4483 1609 4541 est
1653 4483 1863 4553 terra,
1910 4500 1946 4536 ιι
1991 4481 2340 4564 tamquam
2384 4493 2779 4564 praeparans

1229 4608 1297 4652 se
1325 4582 1413 4651 ad
1451 4581 1726 4650 illorum
1767 4580 2304 4673 absorptionem,
2340 4608 2373 4647 ι
2414 4590 2482 4651 et
2509 4581 2784 4674 dcqlut·

1229 4692 1382 4760 tivit
1418 4690 1729 4767 Dotlean,
1775 4716 1809 4751 ιι
1845 4691 1960 4780 qui
2002 4698 2145 4757 erat
2187 4712 2364 4757 unus
2400 4689 2483 4758 de
2533 4690 2780 4782 princi·

1230 4800 1496 4891 palibus
1570 4802 1639 4868 in
1697 4799 2072 4868 irritatione
2130 4800 2268 4883 illa,
2304 4826 2339 4869 ι
2379 4813 2444 4872 et
2507 4804 2780 4896 operuit

1229 4907 1514 4986 Abit-on,
1561 4936 1595 4970 n
1628 4909 1743 5000 qui
1793 4914 1937 4976 erat
1966 4906 2167 4978 alius.
2201 4907 2373 4980 Ecce
2403 4910 2651 4980 modus
2707 4911 2777 4980 in

1232 5017 1575 5106 puniendo
1605 5017 1995 5094 existentes,
2038 5016 2302 5107 supple,
2338 5043 2371 5082 ι
2392 5041 2602 5111 super
2629 5044 2782 5087 con·

1227 5125 1689 5215 yreqationem
1733 5148 1768 5191 ι
1810 5121 1999 5192 illam
2029 5134 2599 5194 murmurantem.
2631 5126 2777 5194 Nu·

1234 5254 1397 5299 mer.
1450 5254 1591 5311 xvi,
1640 5232 1715 5301 31
1763 5240 1829 5301 et
1875 5255 2022 5324 seq.
2062 5254 2078 5299 :
2112 5232 2484 5323 Confestim
2535 5245 2612 5301 ut
2648 5257 2780 5302 ces-

1232 5342 1405 5409 savi!
1433 5341 1654 5431 loqui,
1694 5340 2016 5433 disrupto
2054 5351 2156 5410 est
2199 5352 2381 5411 terra
2424 5340 2556 5410 sub
2588 5343 2775 5434 pedi·

1306 5559 1324 5595 ¹
1352 5557 1441 5615 ct.
1469 5556 1522 5615 11
1551 5554 1811 5631 Paralip.
1840 5572 1995 5627 xxvi,
2032 5560 2098 5614 ¹0
2129 5563 2190 5615 et
2217 5575 2343 5631 seq.

2890 364 3015 431 bus
3058 387 3293 432 eorum
3327 388 3349 431 .·
3381 375 3445 431 et
3494 366 3805 454 aperiens
3852 387 3927 431 os
3966 387 4198 445 suum,
4242 367 4447 432 devo-

2888 474 3068 538 rarit
3099 472 3260 539 illos
3291 495 3447 540 cum
3481 471 3948 539 tabernaculis
3983 474 4130 539 suis
4189 482 4252 539 et
4295 475 4446 539 zmi-

2885 600 3078 648 versa
3133 581 3521 647 substantia
3584 603 3843 646 eorum.
3896 580 4445 647 Descenderam-

2885 705 3016 772 que
3081 685 3219 749 vivi
3292 686 3363 750 iu
3450 684 3825 772 infernum,
3907 685 4127 773 operti
4204 685 4436 750 Immo.

2889 793 3020 882 Ipsi
3054 794 3530 861 desiderabant
3582 803 3926 860 terrenum
3966 793 4331 872 honorem,
4380 805 4444 860 et

2886 902 3370 991 principatum,
3450 902 3657 969 modo
3738 912 3990 970 terram
4057 901 4445 969 habuerunt

2884 1012 3070 1076 satis,
3135 1008 3580 1077 Cassiodorus
3643 1034 3656 1076 :
3723 1037 3755 1074 α
3791 1008 4147 1100 Degluttiti
4207 1017 4443 1077 sunta

2889 1128 3159 1196 «terra,
3224 1121 3384 1210 quia
3436 1129 3687 1187 terram
3726 1130 4122 1209 sapuerunt,
4169 1129 4241 1188 ut
4300 1121 4443 1210 ipsa

2888 1256 2920 1290 «
2954 1250 3170 1318 poenae
3237 1228 3529 1318 qualitas
3596 1228 3850 1296 scelera
3917 1227 4091 1296 facta
4158 1237 4441 1296 atteste-

2888 1365 2920 1397 «
2957 1343 3088 1401 tur.
3127 1361 3159 1398 »
3199 1334 3504 1424 Sapient.
3548 1359 3645 1414 xi,
3694 1337 3771 1402 Π
3809 1357 3824 1401 :
3857 1337 3995 1402 Per
4024 1358 4180 1425 quae
4199 1345 4441 1426 peccat

2882 1444 3059 1533 quiS,
3097 1466 3224 1533 per
3258 1442 3398 1509 ltaec
3426 1453 3490 1509 et
3520 1452 3901 1532 torquetur.

2975 1799 3008 1837 «
3076 1776 3171 1841 Et
3235 1776 3495 1840 exarsit
3572 1774 3776 1862 iqnis.
3855 1800 3885 1834 »
3942 1773 4071 1840 llic
4135 1774 4436 1862 tangitur

2882 1903 3083 1970 poena
3131 1880 3479 1949 minorum
3542 1903 3558 1948 ε
3603 1889 3670 1948 et
3708 1879 4029 1948 dicuntur
4065 1879 4227 1948 duo.
4280 1879 4435 1946 Pri-

2884 2011 3024 2068 mo,
3086 1990 3385 2079 tangitur
3467 2012 3673 2056 causa
3740 1998 3806 2057 et
3863 1992 4034 2057 ratio
4111 1986 4434 2079 puniendi

2882 2119 3024 2174 eos,
3058 2097 3311 2164 scilicet
3357 2095 3797 2180 thurificatio,
3850 2105 3910 2164 et
3963 2096 4167 2164 oflicii
4225 2116 4441 2163 sacer-

2882 2205 3128 2273 dotalis
3158 2208 3535 2296 usurpatio.
3586 2206 3932 2288 Secundo,
3977 2206 4270 2295 puniti0,
4318 2202 4435 2280 ibi,

2886 2339 2919 2377 et
2954 2312 3279 2380 Flamma
3316 2313 3709 2381 combussit.
3759 2338 3794 2378 ι

2972 2422 3087 2488 Ait
3114 2423 3295 2488 enim
3343 2444 3358 2488 :
3405 2420 3644 2488 Sicini
3686 2445 3725 2487 a
3756 2430 3939 2488 terra
3990 2428 4151 2488 sunt
4209 2419 4442 2488 absor-

2883 2530 2976 2618 pti
3016 2549 3031 2595 :
3078 2557 3110 2592 α
3145 2540 3207 2596 et
3247 2531 3427 2618 iquis
3492 2530 3752 2596 etarsit
3798 2529 3867 2594 in
3922 2552 4281 2618 syriaqoqa
4328 2551 4443 2595 eo-

2881 2659 3064 2719 rnm,
3098 2664 3130 2698 n
3177 2638 3243 2703 in
3297 2635 3732 2705 multitudine
3789 2634 4042 2705 scilicet
4093 2635 4224 2702 illis
4278 2634 4441 2701 sub·

2873 2744 3077 2832 jecta,
3122 2746 3284 2835 quia
3311 2744 3485 2814 Coro
3524 2768 3682 2812 cum
3733 2744 4041 2812 ducentis
4094 2744 4441 2834 quinqua-

2882 2854 3073 2943 ginta
3127 2855 3387 2944 accepit
3460 2853 3950 2934 thruribulum,
4048 2861 4117 2920 et
4210 2853 4442 2943 posuit

2886 2961 3112 3051 ignem
3196 2971 3270 3030 ut
3355 2960 3848 3031 thurificarent.
3948 2958 4087 3027 Sed
4181 2959 4346 3050 quid
4405 2960 4443 3026 Ἰ

2891 3099 2922 3132 ιι
2982 3071 3310 3139 Flamma
3375 3068 3771 3148 combussit,
3844 3098 3878 3133 n
3948 3092 4033 3137 ex
4096 3066 4440 3160 praedictis

2883 3178 3255 3269 procedens
3283 3178 3678 3261 thuribulis,
3724 3204 3763 3244 c
3784 3187 4196 3270 peccatores.
4233 3202 4268 3240 ι
4300 3176 4442 3244 Nu·

2884 3309 3053 3354 mer.
3097 3309 3238 3362 xvi.
3291 3290 3376 3355 33
3409 3312 3424 3356 ε
3463 3289 3656 3377 tynis
3692 3309 4000 3379 egressus
4046 3308 4089 3353 α
4136 3286 4437 3354 Domino

2885 3396 3225 3484 interfecit
3251 3419 3385 3462 eos.

2978 3504 3396 3595 l'surpantes
3488 3504 4027 3573 tlnuriticantium
4128 3503 4431 3573 osticium
4478 3515 4762 3562 conmu-

2883 3621 3041 3680 sunt
3072 3612 3231 3679 mali
3283 3612 3692 3695 sacerdotes,
3725 3614 3839 3703 qui
3882 3612 4213 3682 accedunt
4253 3612 4435 3681 indi-

2882 3719 2996 3809 gni
3039 3742 3196 3787 cum
3228 3742 3384 3811 rege
3423 3718 3586 3787 Ozia
3633 3721 3681 3799 ¹,
3721 3721 3834 3811 qui
3867 3718 3957 3789 ob
3997 3717 4128 3788 hoc
4166 3743 4438 3812 porcus-

2881 3852 2996 3896 sus
3034 3836 3133 3897 est
3182 3829 3368 3919 lepra
3410 3830 3478 3896 in
3527 3829 3772 3899 fronte.
3818 3828 3900 3897 Et
3957 3830 4066 3898 isti
4113 3829 4437 3922 frequen-

2883 3945 2984 4004 ter
3031 3936 3505 4027 percutiuntur
3560 3937 3718 4026 igne
3784 3935 4099 4020 luxuriae,
4156 3944 4222 4005 et
4283 3961 4439 4027 per-

2881 4047 3248 4113 mittuntur
3285 4043 3524 4113 cadere
3570 4047 3640 4112 in
3689 4067 3867 4113 vana
3914 4047 4139 4113 carnis
4166 4044 4440 4113 deside-

2882 4154 3007 4233 ria,
3077 4174 3228 4244 quae
3284 4161 3445 4220 sunt
3514 4152 3715 4241 ignis.
3792 4150 3954 4231 Job,
4013 4174 4204 4231 xxxi,
4274 4153 4352 4219 ¹2
4416 4175 4432 4219 ε

2884 4261 3078 4349 anis
3103 4270 3201 4329 est
3232 4284 3447 4352 usque
3464 4260 3564 4327 ad
3580 4260 4042 4353 perditionem
4071 4260 4432 4340 devorans,

2882 4378 2946 4435 et
2990 4369 3226 4437 omnio
3286 4368 3645 4437 eradicans
3692 4369 4076 4458 qenimino.
4133 4367 4314 4448 Joel,
4383 4392 4433 4447 ι,

2890 4478 2968 4544 19
3039 4500 3055 4544 :
3128 4476 3320 4567 lyncis
3410 4474 3703 4543 comedit
3780 4477 4086 4567 specioso
4159 4474 4431 4543 deserti.

2884 4584 3150 4675 Quippe
3188 4585 3315 4674 ipsi
3355 4583 3746 4652 efficiuntur
3774 4583 3966 4674 quasi
3996 4591 4269 4674 stuppa,
4304 4581 4438 4651 Eo-

2883 4692 2992 4760 cli.
3026 4715 3167 4771 xxi,
3222 4694 3301 4760 10
3345 4717 3360 4761 :
3402 4693 3679 4784 δίαρμα
3724 4692 4035 4769 collecta,
4074 4715 4436 4784 synaqoqo

2877 4802 3308 4893 peccantium
3376 4810 3615 4868 contra
3689 4798 3932 4870 Deum.
4019 4799 4146 4869 llic
4211 4798 4435 4868 malus

2883 4909 3061 4997 ignis
3097 4917 3202 4978 est
3236 4906 3457 4976 valde.
3484 4908 3893 4976 Ambrosius
3926 4930 3944 4977 z
3991 4936 4023 4974 ι
4050 4906 4108 4977 Ο
4145 4907 4439 4977 admira-

2886 5044 2917 5081 «
2953 5016 3112 5085 bilis
3146 5017 3324 5109 ignis
3356 5015 3670 5093 luxuriae,
3703 5017 3897 5105 cujus
3926 5016 4087 5109 gula
4117 5017 4428 5096 materia,

2884 5155 2918 5189 κ
2951 5126 3229 5193 flamma
3258 5125 3830 5215 concupiscentia,
3865 5124 4095 5193 tumus
4120 5123 4429 5203 infamia,

2882 5260 2915 5297 ι
2950 5233 3121 5302 cinis
3189 5230 3663 5301 immunditia!
3697 5231 3755 5302 Ο
3803 5234 3860 5300 si
3898 5254 4257 5324 possemus
4307 5231 4433 5301 ho·

2884 5369 2918 5405 «
2962 5342 3183 5411 mines
3210 5340 3530 5419 excitare,
3574 5347 3639 5409 et
3677 5364 3835 5409 cum
3877 5339 4009 5408 illis
4039 5339 4292 5432 pariter
4321 5363 4436 5410 ex·

4500 3570 4725 3617 “moun
4733 3604 4739 3610 .
