5008 6329
906 2230 1096 2300 105

1954 427 2665 498 COMMENTARIUS
2714 428 2808 497 IN
2857 424 3300 495 PSALMUM
3351 426 3660 497 cxvln.

4290 421 4418 488 333

1292 622 1326 662 e
1359 599 1586 688 Super
1624 599 1909 689 judicia
1961 626 1995 665 ι
2056 622 2196 668 non
2234 621 2578 691 perversa,
2638 596 2757 663 sed
2865 597 3193 672 animam,
3230 595 3348 662 sed
3394 618 3535 662 non
3596 604 3931 685 quantum
3991 593 4072 660 ad
4114 613 4413 680 corpus:

1203 706 1587 794 «justitiae,
1636 735 1669 770 n
1706 731 1845 775 non
1873 706 2414 784 hominum‚'sed
2456 733 2488 766 «
2518 715 2677 783 tuae,
2718 727 2749 766 ¹⁹

1200 813 1359 902 quia
1387 836 1550 881 vera
1597 823 1778 881 sunt.
1833 813 2101 880 Daniel.
2162 835 2261 896 ιιι,
2306 813 2390 877 28
2428 810 2755 877 :ludicia

1199 944 1357 988 vera
1402 925 1632 1012 fecisti
1666 924 1890 1013 juxta
1949 922 2182 988 omnia
2221 943 2374 1011 quae
2414 919 2754 985 induxisti

1196 1053 1400 1121 super
1444 1053 1591 1098 nos,
1637 1029 1820 1096 Psal.
1876 1051 2070 1107 xvin,
2109 1029 2189 1094 10
2229 1027 2557 1095 :Iudicia
2606 1029 2753 1093 Do-

1196 1143 1373 1208 mini
1409 1164 1592 1218 vera,
1633 1150 1699 1208 et
1728 1142 1939 1228 justa.
1982 1138 2263 1229 Apocal.
2301 1162 2443 1217 xix,
2491 1142 2522 1205 1
2559 1146 2626 1206 et
2654 1140 2694 1204 2
2728 1160 2744 1204 ;

1197 1248 1435 1326 Salus,
1490 1258 1552 1314 et
1614 1247 1874 1337 qloria,
1926 1257 1989 1314 et
2046 1248 2266 1315 virtus
2326 1248 2463 1314 Deo
2524 1255 2751 1312 nostro

1196 1363 1345 1421 est:
1390 1355 1558 1443 quia
1627 1376 1785 1420 vera
1856 1363 1922 1420 et
1974 1352 2182 1442 justa
2246 1351 2527 1440 judicia
2592 1360 2752 1417 sunt

1194 1461 1374 1550 ejus,
1420 1463 1733 1550 quamvis
1765 1464 1901 1528 sint
1940 1460 2140 1529 nobis
2195 1457 2752 1549 imperscrutabi-

1195 1565 1312 1643 lia,
1348 1565 1723 1633 secundum
1760 1565 1928 1633 illud
1966 1563 2303 1655 Apostoli,
2340 1563 2424 1631 ad
2453 1564 2743 1630 Roman.

1191 1696 1285 1751 xi,
1337 1675 1465 1742 33:
1505 1673 1564 1741 Ο
1605 1673 1910 1740 altitudo
1947 1672 2303 1763 sapientiae
2341 1680 2405 1737 et
2454 1671 2750 1737 scientiae

1189 1782 1347 1862 Dei,
1398 1803 1613 1872 quam
1655 1778 2367 1871 incomprehensibilia
2409 1788 2572 1846 sunt
2624 1776 2750 1866 ju-

1193 1889 1378 1956 dicia
1406 1888 1586 1977 ejuS,
1613 1897 1678 1955 et
1708 1885 2217 1977 ivzvesliqabiles
2248 1886 2374 1953 viae
2398 1884 2598 1974 ejus!

1287 2229 1320 2270 e
1355 2206 1515 2272 Pax
1568 2202 1798 2271 multa
1846 2201 2321 2294 diliqerztibus.
2368 2227 2402 2266 ι
2444 2201 2569 2270 llic
2607 2210 2748 2270 ter-

1194 2313 1368 2379 tium
1416 2314 1630 2380 totius
1688 2311 2050 2390 octonarii,
2110 2311 2181 2377 in
2222 2332 2359 2401 quo
2396 2308 2746 2401 subjungit

1193 2421 1558 2490 utilitatem
1592 2430 1659 2489 et
1689 2423 1985 2490 fructum
2033 2421 2133 2489 sic
2159 2417 2446 2487 vacandi
2476 2418 2647 2501 Dec),
2679 2426 2747 2486 et

1190 2528 1589 2598 intendendi
1657 2530 1790 2619 legi
1859 2529 2006 2617 ejus
2067 2547 2085 2596 ε
2150 2535 2220 2596 et
2274 2527 2578 2618 tangitur
2614 2525 2745 2594 du-

1191 2637 1376 2729 plex,
1420 2640 1606 2728 pacis
1674 2636 2049 2706 multitudo
2105 2637 2178 2705 in
2253 2638 2592 2726 praesenti,
2673 2642 2743 2703 et

1189 2747 1507 2817 salutaris
1616 2749 2038 2838 exspectatio
2139 2749 2208 2816 in
2281 2746 2535 2830 futuro,
2614 2745 2733 2826 ibi,

1189 2864 1255 2932 ὴ.
1303 2858 1482 2924 166:
1524 2882 1557 2923 e
1604 2854 2136 2947 Exspectabam.
2179 2878 2214 2920 ι

1280 2964 1357 3032 ln
1389 2965 1607 3056 prima
1638 2964 1799 3032 duo.
1845 2962 2110 3043 Primo,
2143 2964 2328 3054 pacis
2375 2960 2741 3030 multitudo

1188 3095 1229 3140 a
1267 3075 1535 3164 seipsis.
1573 3073 1919 3155 Secunde,
1956 3071 2043 3141 ab
2085 3071 2262 3156 aliis,
2304 3080 2379 3139 ut
2418 3072 2625 3140 etiam
2654 3070 2739 3139 ab

1188 3182 1343 3250 aliis
1409 3181 1852 3251 scandalizari
1912 3204 2052 3250 non
2099 3180 2340 3272 possit,
2391 3179 2510 3266 ibi,
2571 3208 2604 3243 κ
2644 3181 2742 3248 Et

1186 3314 1325 3358 non
1352 3301 1450 3358 est
1489 3289 1663 3357 illis.
1706 3316 1738 3353 ι

1277 3397 1458 3465 Dicit
1502 3420 1667 3487 ergo
1702 3395 1866 3465 :Sic
1922 3395 2152 3489 legem
2207 3396 2437 3478 dilexi,
2484 3408 2552 3466 et
2593 3420 2744 3488 sep·

1183 3506 1313 3574 ties
1366 3504 1638 3573 laudem
1688 3504 1858 3583 dixi,
1913 3513 1981 3573 et
2018 3506 2263 3573 iterato
2325 3528 2341 3573 :
2387 3505 2545 3596 quia
2588 3506 2739 3595 jam

1183 3634 1342 3681 cum
1391 3613 1540 3703 ipso
1579 3623 1684 3680 est
1728 3639 1759 3675 ι
1779 3636 1931 3703 pax
1977 3611 2232 3695 multa,
2267 3638 2304 3675 n
2349 3614 2418 3680 in
2468 3611 2583 3681 illo
2624 3614 2742 3703 qui

1185 3720 1373 3798 dicit,
1435 3720 1638 3787 Joan.
1683 3742 1827 3797 xvi,
1889 3721 1975 3788 33
2010 3721 2225 3788 :·!Ioec
2272 3719 2543 3788 locutus
2587 3742 2740 3788 sum

1191 3826 1382 3895 vobis
1447 3837 1524 3894 ut
1573 3850 1820 3920 pacem
1877 3825 2212 3894 habeatis.
2289 3826 2374 3895 Et
2432 3827 2546 3895 illa
2608 3848 2744 3917 pax

1184 3934 1267 4002 de
1316 3958 1451 4027 qua
1509 3935 1913 4027 Apostolus,
1967 3934 2052 4002 ad
2104 3933 2357 4026 Philip.
2396 3958 2488 4019 iv,
2520 3937 2558 4004 ἰ’
2595 3958 2612 4002 :
2648 3937 2741 4005 Et

1171 4065 1351 4134 pax,
1375 4066 1531 4133 quae
1558 4051 1926 4133 exsuperat
1963 4064 2232 4111 omnem
2257 4063 2552 4110 semum.
2589 4041 2736 4110 imo

1185 4153 1501 4242 ipsemet,
1555 4153 1717 4241 quia
1769 4148 1950 4218 idem
2020 4148 2302 4232 Paulus,
2335 4150 2420 4218 ad
2483 4147 2734 4241 Ephes.

1183 4279 1259 4341 ιι,
1325 4258 1404 4324 11
1449 4279 1465 4325 :
1505 4258 1661 4350 lpse
1713 4266 1813 4325 est
1856 4280 2015 4349 pax
2070 4267 2333 4336 nostra,
2401 4258 2526 4349 qui
2573 4258 2741 4348 lecit

1184 4370 1481 4455 utraque
1553 4384 1796 4432 unum.
1880 4388 1916 4427 ι
1979 4360 2450 4454 Diliqentibus
2524 4362 2740 4453 leqem

1185 4480 1408 4549 tuam,
1444 4493 1479 4535 ι
1527 4469 1727 4538 bonis
1766 4478 1835 4537 et
1882 4467 2045 4536 boni
2096 4469 2540 4538 amatoribus.
2569 4468 2736 4537 Luc.

1187 4598 1259 4657 ιι,
1298 4577 1377 4643 14
1423 4597 1439 4643 :
1483 4577 1580 4643 Et
1606 4577 1678 4643 in
1725 4586 1912 4643 {erra
1942 4597 2093 4666 pax
2120 4574 2514 4643 hominibus
2552 4574 2740 4643 bona!

1185 4683 1592 4763 voluntatis,
1639 4707 1780 4752 non
1838 4683 2092 4773 impiis.
2135 4680 2338 4762 Quia,
2400 4683 2531 4753 lsa.
2573 4704 2735 4761 ινιι.

1185 4794 1299 4872 21,
1366 4791 1615 4860 dicitur
1655 4811 1672 4860 ε
1721 4792 1876 4861 Non
1930 4798 2030 4859 est
2069 4813 2219 4882 pas:
2266 4790 2523 4882 impiis,
2565 4789 2735 4858 dicit

1187 4901 1556 4969 Dominus.

1276 5004 1413 5075 Sed
1486 5014 1727 5074 contra
1799 5026 1817 5073 ι
1895 5003 2142 5073 Nonne
2205 5003 2452 5071 dicitur
2506 5002 2732 5086 bonis,

1181 5116 1428 5186 Matth.
1476 5128 1551 5196 x,
1591 5116 1672 5182 16
1706 5136 1722 5185 t
1758 5116 1933 5183 Ecce
1980 5137 2104 5204 eqo
2156 5114 2356 5182 mitto
2412 5136 2528 5183 vos
2561 5115 2741 5184 sicut

1181 5248 1333 5294 oues
1383 5227 1456 5293 in
1494 5223 1720 5291 medio
1762 5222 2093 5313 luporum
2119 5220 2161 5290 ?
2207 5221 2572 5302 Quomodo
2605 5246 2737 5293 au-

1179 5343 1321 5403 tem
1378 5335 1532 5403 ovis
1597 5353 1835 5423 pacem
1888 5330 2178 5400 multam
2226 5330 2476 5400 habere
2516 5339 2741 5424 potest

1179 5440 1358 5508 inter
1407 5435 1749 5529 luposssl
1804 5436 1891 5504 ad
1916 5434 2219 5507 Timoth.
2258 5459 2357 5520 ιιι,
2410 5438 2488 5505 12
2525 5459 2540 5505 :
2579 5438 2737 5508 Om-

1176 5571 1295 5616 nes
1353 5547 1480 5639 qui
1526 5545 1646 5638 pie
1714 5545 1958 5614 volunt
2029 5544 2249 5612 vivere
2304 5545 2374 5613 in
2460 5544 2732 5615 Christo

1175 5657 1370 5733 lesu,
1466 5653 2009 5745 persecutionem
2110 5653 2497 5743 patientur.
2609 5651 2740 5724 110-

1179 5762 1511 5856 spondeo.
1560 5760 1707 5830 Pax
1750 5761 1965 5831 multa
1989 5769 2090 5831 est
2121 5759 2253 5829 illis
2282 5770 2614 5853 quantum
2650 5762 2738 5832 ad

2863 711 3193 791 quantum
3253 703 3434 769 enim
3494 705 3573 770 ad
3646 706 3869 792 ipsum
3920 703 4189 779 dicitur,
4254 697 4413 774 Job‚

2865 831 2959 886 ix,
3003 810 3089 874 24
3134 832 3149 877 ε
3199 810 3402 876 Terra
3443 811 3610 876 data
3649 819 3746 874 est
3785 811 3854 873 in
3895 831 4143 874 manus
4187 807 4412 897 impii.

2953 1048 2988 1089 α
3017 1026 3114 1091 Et
3163 1046 3299 1090 non
3345 1033 3442 1089 est
3496 1023 3665 1089 illis.
3714 1051 3742 1085 ι»
3787 1022 3959 1090 Ecce
4008 1020 4407 1088 secundum.

2861 1128 3069 1208 Quasi
3130 1129 3381 1197 diceret
3425 1154 3439 1197 :
3488 1129 3602 1197 Sic
3658 1129 3791 1197 illis
3831 1139 3932 1197 est
3988 1152 4146 1218 pax,
4198 1130 4269 1194 in
4310 1152 4410 1207 se,

2860 1244 2927 1304 et
2965 1260 3004 1304 a
3032 1237 3178 1305 Deo
3215 1259 3233 1303 ε
3270 1263 3304 1302 α
3338 1250 3399 1304 et
3438 1261 3571 1304 non
3606 1248 3701 1304 est
3725 1238 3873 1305 illis
3898 1238 4337 1318 scandalum,
4378 1263 4410 1300 ι

2858 1345 2942 1411 ab
2992 1344 3152 1423 alio,
3204 1353 3834 1436 quantumcumque
3894 1346 4076 1413 enim
4136 1344 4249 1412 alii
4295 1345 4411 1435 qui

2858 1452 3021 1519 mali
3060 1460 3220 1520 sunt
3276 1454 3587 1531 saeviant,
3625 1456 3766 1543 ipse
3815 1476 3957 1521 non
4005 1451 4416 1521 scandaliza-

2857 1567 2992 1626 tur.
3037 1559 3121 1627 Et
3177 1570 3279 1626 est
3321 1570 3828 1650 argumentum,
3874 1559 4061 1651 quod
4108 1559 4414 1649 loquitur

2858 1664 2940 1731 de
2984 1665 3320 1755 perfectis.
3367 1664 3391 1731 1
3432 1665 3632 1733 Joan.
3681 1689 3753 1745 ιι,
3812 1667 3891 1734 10
3928 1690 3944 1733 :
3985 1667 4122 1750 Qui
4171 1665 4412 1754 diliqit

2853 1776 3148 1863 fratrem
3219 1795 3451 1850 suum,
3525 1776 3593 1839 in
3673 1774 3935 1842 lumine
4011 1783 4268 1855 manet,
4347 1783 4412 1839 et

2852 1882 3265 1949 scandalum
3308 1883 3378 1949 in
3419 1905 3493 1949 eo
3534 1906 3670 1950 uon
3708 1892 3824 1950 est.
3868 1883 4010 1952 Nec
4049 1883 4256 1949 etiam
4307 1889 4413 1949 est

2854 1987 2988 2054 illis
3035 1988 3432 2056 scandalum
3489 1991 3557 2056 in
3604 1989 3754 2080 iege
3806 1989 3927 2057 Dei
3966 1988 4410 2079 :intelligunt

2855 2097 3037 2163 enim
3067 2105 3290 2165 totum
3313 2099 3518 2186 justi,
3543 2106 3610 2166 et
3656 2121 3796 2166 non
3853 2097 4233 2174 offendunt,
4268 2098 4409 2164 sic-

2853 2212 2928 2271 ut
2968 2204 3091 2285 ini,
3135 2205 3217 2274 de
3266 2205 3515 2296 quibus
3560 2205 3828 2286 dicitur,
3881 2206 4013 2272 Isa.
4056 2227 4200 2282 vni,
4261 2206 4341 2270 14
4386 2227 4402 2272 ε

2853 2316 2949 2381 Et
3003 2315 3214 2382 erit...
3271 2316 3342 2381 in
3410 2314 3710 2405 lapidem
3758 2313 4176 2403 offensionis,
4231 2313 4404 2379 etin

2849 2430 3119 2512 petram
3166 2421 3510 2503 scandali,
3545 2420 3818 2489 duabus
3856 2419 4178 2487 domibus
4218 2424 4403 2489 Isra-

2852 2533 2938 2605 el,
3001 2530 3058 2596 si
3106 2528 3279 2596 forte
3328 2528 3586 2619 aliquid
3634 2551 3773 2595 non
3820 2526 4237 2618 intelligunt,
4281 2525 4404 2594 sed

2852 2642 3224 2711 secundum
3266 2640 3448 2731 quod
3498 2641 3766 2720 dicitur,
3811 2639 4030 2707 Exod.
4082 2661 4201 2716 xn,
4252 2640 4333 2707 10
4378 2660 4394 2705 :

2849 2751 2933 2819 Si
2968 2748 3144 2840 quid
3178 2748 3530 2815 residuum
3556 2749 3798 2837 suerit,
3842 2747 4028 2838 quod
4058 2769 4197 2814 non
4237 2768 4405 2837 pos-

2849 2861 2985 2928 sint
3036 2858 3436 2949 intelligere,
3490 2861 3638 2950 iqui
3690 2858 4126 2938 comburetis,
4181 2855 4406 2947 Spiri-

2848 2969 2946 3036 tui
2977 2975 3212 3036 sancto
3241 2967 3706 3035 committetis.

2940 3322 2974 3361 α
3006 3290 3513 3384 Exspectabam
3546 3291 3886 3359 salutare.
3925 3315 3959 3354 ι
3991 3289 4121 3358 liic
4150 3311 4403 3358 secun-

2847 3403 2973 3471 dus
3001 3403 3284 3481 fructus,
3318 3401 3463 3468 sive
3494 3398 3749 3467 utilitas
3787 3398 4111 3477 secunda,
4146 3397 4405 3468 scilicet

2847 3510 3161 3579 salutaris
3199 3508 3644 3600 exspectatiO,
3696 3518 4032 3598 quantum
4091 3505 4178 3573 ad
4236 3528 4408 3597 prae·

2847 3617 3162 3687 cedentes
3217 3626 3444 3708 patres
3509 3614 3595 3682 ad
3644 3614 4021 3683 adventum
4070 3614 4404 3704 primum,

2849 3733 3180 3817 quantum
3239 3723 3323 3792 ad
3373 3721 3745 3791 modernos
3811 3720 3898 3788 ad
3965 3721 4401 3790 secundum:

2848 3841 2917 3900 et
2961 3839 3338 3922 tanguntur
3381 3830 3544 3899 duo.
3602 3829 3861 3909 i'rim0,
3914 3828 4233 3898 salutaris
4281 3850 4410 3897 ex-

2848 3942 3201 4032 spectatio.
3274 3937 3618 4015 Secundo,
3688 3938 3910 4007 virtus
3974 3945 4043 4006 et
4105 3936 4409 4006 efficacia

2848 4047 3245 4139 hujusmodi
3291 4046 3846 4137 exspectationis,
3888 4045 4001 4115 vel
4061 4045 4408 4114 bonorum

2849 4179 2936 4226 ex
2963 4156 3092 4226 hac
3120 4156 3626 4248 exspectatione
3656 4163 4094 4223 causatorum
4127 4176 4411 4224 enume-

2847 4267 3050 4342 ratio,
3095 4263 3215 4346 ibi,
3259 4266 3519 4345 statim,
3575 4291 3609 4330 ι
3652 4267 3748 4333 Et
3803 4264 4141 4333 mandata
4182 4271 4329 4335 tua.
4366 4288 4404 4326 ιι

2934 4370 3115 4440 Dicit
3145 4392 3310 4462 ergo
3345 4391 3362 4438 ε
3400 4368 3516 4439 Sic
3551 4391 3788 4460 pacem
3819 4367 4057 4452 habui,
4099 4378 4168 4439 et
4196 4369 4406 4439 etiam

2851 4505 2884 4546 e
2955 4477 3431 4571 exspectabam
3485 4478 3799 4547 salutare
3883 4487 4107 4562 tuum,
4155 4477 4411 4548 Domi-

2846 4609 2954 4663 ne,
2978 4610 3012 4649 ι
3039 4607 3080 4652 a
3121 4593 3184 4653 te
3225 4583 3423 4653 nobis
3452 4584 3686 4652 datum
3721 4586 3787 4652 in
3822 4585 4045 4677 primo
4075 4585 4403 4667 adventu,

2847 4701 2918 4761 et
2945 4690 3246 4760 dandum
3297 4692 3365 4759 in
3414 4692 3738 4761 secundo.
3774 4690 3882 4759 Ad
3931 4693 4233 4784 primum
4274 4691 4410 4762 ad-

2846 4809 3164 4877 ventum,
3209 4800 3327 4891 qui
3370 4797 3664 4882 dicebat,
3712 4800 3959 4870 Genea.
4022 4823 4208 4884 χιιι,
4270 4802 4404 4871 ¹8:

2846 4906 3179 4978 Salutate
3232 4918 3430 4976 tuum
3470 4906 3896 4999 exspectabo,
3928 4907 4250 4977 Domine.
4291 4906 4405 4987 Et,

2843 5012 3004 5099 soh,
3039 5036 3207 5097 xvii,
3246 5015 3326 5082 15
3363 5036 3379 5082 :
3419 5011 3554 5082 Ubi
3579 5024 3677 5081 est
3705 5035 3866 5104 erqo
3911 5035 4095 5081 nune
4116 5025 4413 5105 praesto-

2852 5122 3024 5191 latio
3054 5144 3233 5204 mea,
3266 5132 3330 5190 et
3347 5122 3763 5213 patientiam
3803 5142 4029 5189 meam
4068 5121 4228 5212 quis
4259 5144 4386 5190 con

2844 5228 3103 5297 sidera!
3127 5228 3170 5297 7
3200 5238 3272 5297 tu
3321 5250 3422 5311 es,
3454 5227 3750 5297 Domine
3800 5228 3986 5296 Deus
4024 5249 4248 5299 meus.
4301 5226 4414 5296 Ad

2848 5335 3222 5404 secundum
3272 5344 3665 5427 exspectant
3699 5334 4004 5426 proprie,
4036 5334 4120 5403 de
4159 5333 4414 5426 quibus

2847 5443 3119 5523 dicitur,
3191 5440 3524 5512 l'roverb.
3597 5465 3665 5522 x,
3721 5442 3808 5510 28
3878 5463 3896 5512 :
3958 5443 4411 5535 Exspectatio

2834 5548 3198 5640 justorum
3277 5549 3545 5617 laetitia.
3624 5548 3733 5616 Ad
3817 5557 4152 5641 utrosque
4239 5547 4414 5617 illud

2847 5654 3031 5749 quod
3086 5655 3359 5740 dicitur,
3424 5652 3674 5724 Thren.
3736 5676 3834 5734 ιιι,
3905 5657 4013 5733 26,
4052 5679 4071 5725 t
4133 5658 4413 5725 Bonum

2844 5773 2944 5833 est
2971 5762 3371 5855 praestolari
3405 5785 3561 5831 cum
3587 5761 3865 5832 silentio
3899 5761 4217 5834 salutare
4248 5762 4403 5832 Dei.
