5008 6329
1985 384 2690 456 COMMENTARIUS
2740 387 2832 453 IN
2885 381 3324 453 PSALMUM
3377 381 3690 452 CXXIX.

1225 581 1329 626 me
1356 559 1477 626 :de
1504 569 1731 627 ventre
1762 560 1969 651 inferi
1987 558 2289 628 clamavi
2297 611 2312 638 ,
2337 567 2399 625 et
2418 556 2767 625 exaudisti

1223 689 1444 735 vocem
1484 690 1731 738 meam.

1311 776 1699 844 Notandum
1740 777 1948 854 enim,
1986 773 2170 866 quod
2217 778 2313 840 est
2356 769 2766 860 profundum

1161 885 1175 899 '
1223 884 1406 974 quod
1489 908 1630 952 non
1700 884 2123 974 attingimu8‚
2194 878 2448 947 scilicet
2521 878 2766 946 divinae

1221 993 1687 1084 providentiae.
1719 988 1878 1067 J0b‚
1931 1012 2026 1072 xi,
2062 988 2101 1056 8
2137 1012 2151 1056 ε
2185 987 2621 1077 Profundior
2660 988 2772 1052 in-

1217 1106 1415 1192 ferno
1456 1108 1575 1177 est,
1613 1107 1678 1164 et
1721 1095 1903 1164 unde
1946 1117 2297 1185 coqnosces
2324 1092 2365 1162 Ρ
2401 1093 2581 1161 Psal.
2637 1116 2767 1173 xci,

1224 1210 1263 1273 6
1300 1230 1314 1274 ε
1350 1206 1574 1273 Nimis
1623 1202 1998 1296 profundae
2037 1204 2245 1293 sactae
2290 1212 2451 1270 sunt
2504 1203 2772 1292 eoqita-

1223 1310 1435 1377 tiones
1473 1319 1629 1377 tuae.
1683 1306 1770 1376 Et
1809 1314 1909 1375 est
1951 1305 2387 1397 profundum,
2426 1304 2612 1395 quod
2661 1305 2773 1369 in-

1224 1420 1582 1510 quirimuS,
1626 1415 1883 1485 scilicet
1912 1415 2329 1508 profundum
2373 1412 2768 1503 Scripturae.

1222 1524 1440 1592 Eccle.
1506 1546 1627 1602 vu,
1676 1524 1760 1591 23
1809 1546 1824 1590 ε
1866 1522 2036 1591 Atta
2076 1519 2554 1613 profunditaS,
2616 1519 2773 1608 quis

1224 1632 1511 1700 inveniet
1576 1652 1730 1698 eam
1755 1628 1796 1697 Ρ
1867 1629 1954 1698 Et
2022 1627 2203 1697 Deus
2277 1625 2531 1694 revelat
2600 1625 2773 1692 sicut

1221 1738 1393 1808 vult.
1425 1737 1584 1818 Job,
1620 1761 1739 1815 xu,
1777 1739 1860 1805 22
1898 1761 1913 1806 :
1954 1736 2091 1823 Qui
2118 1732 2375 1803 revelat
2412 1731 2773 1825 profunda

1225 1849 1307 1916 de
1344 1846 1657 1924 tenebris,
1704 1851 1831 1913 etc.
1895 1843 1981 1912 Et
2019 1851 2122 1911 est
2185 1840 2598 1934 profundum
2638 1838 2774 1907 hu-

1224 1978 1446 2025 manae
1494 1953 2026 2031 adinventioni8‚
2069 1951 2152 2020 de
2183 1973 2350 2042 quo,
2397 1949 2529 2018 Isa.
2582 1972 2768 2027 xxrx,

1231 2068 1308 2135 15
1358 2086 1377 2140 ;
1445 2065 1552 2131 Vae
1625 2064 1753 2154 qui
1809 2059 2156 2153 profundi
2217 2060 2375 2127 estis
2409 2058 2631 2141 corde,
2698 2066 2776 2126 ut

1223 2171 1663 2241 abscondatis
1727 2194 1771 2238 a
1836 2169 2136 2237 Domino
2202 2165 2568 2235 consilium
2597 2170 2625 2232 !
2692 2165 2776 2234 Et

1222 2277 1737 2371 desperationis,
1774 2274 2099 2344 Proverb.
2142 2295 2332 2356 xvm,
2366 2275 2405 2341 3
2451 2295 2465 2339 :
2509 2273 2775 2364 Impius

1222 2412 1379 2459 cum
1427 2389 1498 2456 in
1529 2384 1972 2479 profundum
2010 2383 2288 2462 venerit,
2341 2390 2774 2473 peccatorum

1222 2495 1500 2577 scilicet,
1568 2494 1962 2564 contemnit.
2040 2490 2129 2559 Et
2189 2489 2602 2584 profundum
2651 2488 2778 2557 hu·

1223 2627 1443 2674 manae
1486 2603 1801 2679 miseriae,
1847 2599 1930 2668 de
1956 2621 2120 2692 quo,
2155 2596 2288 2677 hic,
2324 2607 2390 2666 et
2426 2620 2655 2688 supra,
2703 2597 2773 2664 in

1225 2713 1407 2781 Psal.
1461 2733 1694 2791 vam,
1757 2711 1836 2778 16
1900 2732 1916 2777 ε
1976 2713 2214 2799 Neque
2256 2705 2613 2775 absorbeat
2669 2728 2774 2773 me

1217 2819 1678 2916 profundum,
1721 2840 1939 2909 neque
1977 2823 2220 2907 urqeat
2254 2836 2460 2906 super
2504 2835 2611 2880 me
2641 2835 2771 2904 pu-

1223 2940 1369 2998 teus
1424 2951 1498 2996 os
1552 2949 1785 2994 suum.
1840 2923 1925 2992 Et
1977 2920 2401 3017 gehennalis»,
2454 2920 2585 2988 lsa.
2645 2942 2767 3001 vu,

1230 3041 1300 3108 Η
1343 3059 1359 3105 :
1393 3039 1557 3105 Pete
1587 3033 1718 3102 tibi
1742 3035 2023 3125 siqnum
2055 3031 2419 3101 aDomino
2448 3033 2592 3098 Deo
2622 3038 2765 3110 tuo,

1223 3148 1292 3216 in
1324 3141 1762 3239 profundum
1804 3140 2087 3232 inferni,
2125 3139 2266 3208 sive
2314 3139 2383 3206 in
2427 3137 2769 3207 excelsum

1217 3277 1455 3346 supra.
1486 3249 1646 3330 Job,
1674 3270 1839 3326 xvu,
1883 3249 1960 3316 16
1986 3271 2002 3315 ε
2031 3247 2112 3315 In
2131 3245 2766 3341 profundissimum

1222 3363 1569 3451 infernum
1618 3355 2020 3425 descendent
2062 3356 2296 3423 omnia
2325 3376 2497 3420 mea.
2545 3352 2760 3420 Exod.

1217 3490 1334 3545 xv,
1399 3469 1439 3534 5
1510 3489 1527 3535 :
1596 3462 2105 3533 Descenderam
2169 3463 2242 3529 in
2299 3459 2762 3553 profundum,

1218 3573 1421 3666 quasi
1478 3571 1681 3664 lapis.
1760 3568 1844 3637 Et
1907 3566 2282 3653 charitatis,
2338 3565 2445 3634 Ad
2511 3565 2758 3657 Ephes.

1217 3704 1315 3762 m,
1378 3682 1457 3749 17
1497 3687 1564 3749 et
1608 3680 1688 3748 ¹8
1751 3700 1768 3748 ε
1827 3678 1909 3745 In
1966 3676 2302 3745 charitate
2349 3674 2648 3743 radicati
2699 3684 2767 3744 et

1212 3790 1526 3882 fundati,
1568 3799 1645 3855 ut
1675 3787 1959 3880 possitis
2002 3784 2561 3878 comprehendere
2607 3806 2762 3852 cum

1214 3897 1533 3968 omnibus
1622 3896 1907 3976 sanctis,
1961 3917 2113 3986 quae
2164 3895 2258 3961 sit
2316 3892 2637 3969 latitudo,
2699 3902 2764 3960 et

1218 4004 1605 4097 lonqitudo,
1647 4013 1713 4072 et
1747 4000 2174 4082 sublimitas,
2206 4012 2271 4069 et
2292 3999 2754 4092 profundum.

1226 4144 1257 4179 ι
1285 4117 1389 4184 De
1419 4112 1798 4208 profundis
1830 4135 1865 4177 ι
1917 4132 2109 4202 erge,
2144 4111 2305 4201 quia
2352 4108 2432 4176 de
2472 4107 2763 4202 protun-

1211 4222 1300 4290 do
1339 4221 1552 4314 culpae
1592 4221 1662 4289 in
1711 4240 1850 4311 quo
1888 4238 2062 4310 pene
2120 4238 2417 4309 mergor,
2470 4216 2552 4285 de
2595 4238 2762 4308 pro-

1211 4331 1437 4400 fundis
1474 4329 1792 4415 miseriae,
1836 4331 1907 4397 in
1939 4350 2077 4420 quo
2108 4333 2291 4396 totus
2319 4350 2497 4406 sum,
2535 4352 2570 4392 ι
2606 4326 2760 4394 cla-

1209 4442 1398 4509 mavi
1459 4439 1558 4507 ad
1618 4448 1709 4521 te,
1782 4437 2103 4516 Domine,
2172 4462 2205 4496 κ
2285 4458 2440 4503 cum
2524 4436 2751 4512 Petro,

1207 4546 1447 4616 Matth.
1481 4569 1623 4628 xw,
1667 4546 1753 4614 :30
1791 4567 1807 4613 ε
1843 4546 1938 4612 Et
1976 4564 2131 4610 cum
2169 4541 2472 4635 caepisset
2508 4543 2751 4634 merqi,

1204 4655 1558 4737 clamavit,
1606 4653 1863 4739 dicens,
1897 4658 2025 4721 etc.

1297 5004 1333 5042 α
1365 4977 1680 5052 Domine,
1753 4973 2037 5044 exaudi.
2085 4999 2121 5038 a
2166 4973 2294 5042 nio
2348 4972 2747 5053 secundum,

1203 5088 1422 5155 forma
1462 5084 1820 5164 orationis,
1868 5081 2001 5152 hoc
2049 5090 2173 5161 est,
2218 5081 2382 5176 quid
2427 5085 2745 5152 oraverit.

1202 5194 1537 5273 Primum,
1581 5201 1657 5260 ut
1694 5190 1931 5259 audiat
1976 5191 2358 5259 orationem
2389 5213 2512 5281 pro
2551 5189 2749 5260 bonis

1199 5298 1678 5393 adipiscendis.
1743 5295 2087 5377 Secundo,
2148 5304 2224 5364 ut
2272 5296 2575 5366 intendat
2631 5297 2748 5367 de-

1195 5407 1567 5502 precationi
1645 5429 1770 5499 pro
1847 5402 2047 5472 malis
2131 5403 2555 5488 amovendis,
2625 5405 2744 5488 ibi,

1198 5541 1233 5583 ι
1266 5516 1478 5585 Fiant
1508 5535 1739 5582 aures.
1788 5538 1824 5580 a

4331 379 4460 447 385

2881 556 2962 623 di
2985 577 3208 622 vocem
3245 575 3495 638 meam,
3536 578 3566 618 »
3611 564 3920 623 orantem
3954 565 4030 625 ut
4061 553 4225 622 mihi
4258 552 4440 622 bona

2881 662 3337 730 conferantur.
3403 660 3671 729 Daniel.
3736 686 3828 741 ix,
3899 666 3976 732 17
4041 688 4054 731 ;
4118 662 4433 742 Exaudi,

2880 772 3067 837 Deus
3133 778 3382 848 noster,
3455 770 3834 836 orationem
3884 774 4062 838 servi
4126 774 4254 839 tui.
4305 770 4439 838 Ju-

2883 878 3053 961 dith,
3107 902 3201 959 ix,
3273 881 3345 945 Π
3386 879 3728 946 :Exaudi
3781 902 3887 946 me
3945 882 4264 948 miseram
4323 880 4441 948 de-

2871 998 3294 1081 precantem,
3329 998 3392 1055 et
3423 988 3506 1055 de
3537 997 3658 1056 tua
3689 990 4159 1057 misericordia
4184 1012 4443 1081 praesu-

2884 1104 3201 1161 mentem.

2982 1230 3013 1263 α
3044 1202 3258 1268 Fiant
3297 1222 3499 1267 aures
3559 1210 3713 1266 tuae.
3770 1226 3803 1266 a
3848 1200 3976 1269 Hic
4038 1201 4436 1270 secundum.

2886 1308 3094 1388 Quasi
3154 1308 3462 1378 diceret:
3500 1307 3615 1376 Sic
3663 1311 3981 1386 clamavi.
4027 1320 4101 1378 ut
4166 1311 4445 1379 exaudi-

2887 1423 2984 1483 ret
3024 1437 3294 1499 vocem,
3339 1415 3572 1484 dicens
3628 1417 3836 1484 etiam
3888 1416 4021 1485 hoc
4070 1440 4086 1484 :
4145 1443 4179 1484 ι
4230 1420 4444 1487 Fiant

2884 1548 3083 1593 aures
3187 1534 3345 1593 tuae.
3458 1554 3491 1588 »
3598 1525 4210 1618 Anthropopathos
4314 1535 4438 1596 est.

2882 1633 2946 1700 11
2994 1632 3221 1700 Paral.
3270 1657 3366 1713 vi,
3423 1634 3508 1702 40
3556 1635 3764 1702 :Sint
3804 1636 3993 1703 oculi
4030 1637 4138 1702 tui
4192 1636 4439 1727 aperti,

2883 1751 2946 1808 et
3002 1764 3204 1809 aures
3260 1749 3399 1808 tuae
3466 1742 3763 1809 intentae.
3820 1767 3854 1808 ι
3897 1742 4351 1811 Intendentes.
4407 1769 4443 1807 n

2883 1848 3151 1918 Daniel.
3187 1870 3280 1927 ix,
3323 1850 3400 1916 19
3435 1872 3450 1921 ε
3488 1850 3803 1934 Exaudi,
3840 1852 4136 1918 Domine
4160 1851 4450 1943 :placa-

2883 1980 2978 2036 re,
3020 1959 3320 2026 Domine
3350 1981 3372 2025 .·
3415 1957 3712 2036 attende,
3748 1968 3812 2028 et
3834 1960 3980 2050 sae.
4029 1984 4062 2024 α
4097 1960 4180 2026 In
4220 1982 4446 2029 vocem

2885 2065 3383 2156 deprecationis
3466 2088 3654 2148 meae,
3716 2093 3748 2127 »
3826 2089 3952 2157 pro
4042 2065 4446 2136 amovendis

2885 2174 3176 2241 miseriis
3223 2171 3443 2254 factae,
3505 2181 3569 2241 et
3627 2172 3842 2265 culpae
3909 2184 3978 2244 et
4017 2197 4264 2267 poenae.
4303 2174 4447 2243 Su-

2885 2306 3033 2375 pra,
3079 2284 3150 2350 in
3199 2281 3384 2352 Psal.
3436 2306 3579 2364 xvi,
3629 2286 3700 2350 11
3758 2305 3773 2350 :
3827 2282 4138 2353 Auribus
4172 2285 4447 2377 percipe

2883 2393 3266 2459 orationem
3297 2414 3550 2461 meam.

2974 2732 3008 2773 ι
3049 2709 3133 2776 Si
3184 2708 3610 2800 iniquitates.
3654 2734 3685 2774 ι
3739 2708 3869 2777 llic
3906 2710 4184 2778 tertium
4233 2708 4438 2800 hujus

2879 2817 3115 2907 partiS,
3149 2816 3219 2885 in
3259 2838 3396 2909 quo
3429 2815 3724 2885 ostendit
3754 2817 4096 2888 clamandi
4138 2820 4440 2889 necessi-

2878 2931 3113 2993 tatem.

2963 3032 3146 3101 Dicit
3203 3032 3301 3101 sic
3352 3056 3370 3101 ε
3424 3032 3523 3102 De
3579 3032 3941 3125 profundis
3989 3034 4308 3117 clamavi,
4365 3045 4444 3107 ut

2876 3137 3149 3208 audirer
3195 3139 3279 3208 de
3331 3137 3532 3209 bonis
3588 3140 4071 3234 adipiscendis,
4117 3150 4183 3213 et
4238 3142 4439 3213 malis

2874 3247 3301 3316 amovendis.
3364 3247 3450 3316 Et
3507 3271 3779 3318 necesse
3849 3249 4086 3333 habui,
4166 3252 4329 3343 quia
4396 3274 4438 3321 o

2876 3382 2909 3422 α
2943 3357 3264 3437 Domine,
3297 3381 3330 3421 a
3374 3358 3484 3425 cui
3537 3356 3765 3426 nullus
3819 3359 4128 3428 resistere
4184 3367 4433 3451 potest,

2876 3488 2910 3529 ι
2950 3466 3013 3531 si
3040 3464 3528 3536 observaveris.
3584 3491 3617 3531 a
3661 3463 4114 3535 observantia
4151 3465 4440 3561 diligen-

2873 3576 3036 3642 tiam
3086 3575 3439 3666 importat,
3493 3576 3559 3643 id
3607 3584 3733 3662 est,
3776 3577 3864 3646 ad
3894 3578 4232 3666 judicium
4283 3601 4435 3648 ser-

2869 3684 3165 3763 vaveris,
3219 3710 3255 3747 α
3309 3683 3735 3774 iniquitates,
3802 3710 3836 3750 ιι
3889 3686 3963 3753 in
4016 3684 4266 3778 quibus
4320 3709 4434 3756 su-

2871 3813 3047 3867 mus,
3084 3813 3255 3882 quas
3304 3791 3628 3860 continue
3658 3790 3972 3873 facimus,
4019 3819 4053 3860 ι
4094 3794 4252 3885 quis
4285 3817 4434 3863 sus-

2868 3895 3173 3966 tinebit?
3201 3927 3235 3960 »
3273 3896 3343 3967 id
3370 3905 3498 3978 est,
3531 3899 3866 3969 sustinere
3906 3902 4214 3991 poterit?
4251 3901 4431 3974 Vere

2868 4005 3120 4075 nullus.
3175 4005 3551 4099 Gregorius
3595 4029 3610 4074 ε
3660 4036 3692 4071 «
3739 4006 3816 4076 Si
3855 4008 4156 4078 districte
4202 4010 4434 4081 nobis·

2872 4141 2905 4177 «
2937 4136 3095 4182 cum
3160 4121 3419 4206 ageret,
3479 4122 3727 4184 natura
3792 4114 4102 4185 humana
4164 4117 4426 4211 fragilis

2868 4247 2901 4284 α
2937 4219 3331 4292 nullatenus
3375 4223 3769 4292 sustineret.
3815 4247 3851 4289 ι
3882 4221 4048 4305 Job,
4090 4246 4186 4304 ix,
4216 4225 4258 4294 3
4292 4247 4310 4294 :
4342 4226 4429 4298 Si

2864 4329 3162 4398 voluerit
3206 4329 3610 4399 contendere
3644 4353 3803 4399 cum
3852 4354 3957 4415 eo,
3999 4355 4136 4401 non
4166 4335 4428 4426 poterit

2863 4435 3268 4529 respondere
3306 4457 3525 4505 unum
3554 4459 3688 4531 pro
3729 4437 3953 4507 mille.
3987 4437 4235 4508 Nullus
4264 4464 4426 4509 sus-

2861 4543 3103 4614 tinebit
3149 4567 3165 4613 :
3210 4543 3371 4634 quia
3400 4541 3633 4612 nullus
3662 4552 3767 4614 est
3815 4546 3935 4638 qui
3966 4568 4108 4614 non
4143 4549 4231 4616 sit
4267 4570 4423 4640 pec·

2858 4652 3025 4722 catis
3056 4672 3449 4743 oppressus.
3497 4649 3747 4743 Supra,
3788 4652 3859 4721 in
3908 4650 4095 4721 Psal.
4156 4676 4417 4736 xxxvu,

2858 4760 2898 4827 5
2932 4781 2949 4827 z
2985 4758 3402 4850 Iniquitates
3431 4780 3595 4825 meoe
3612 4759 3793 4826 sicut
3822 4781 4000 4828 onus
4024 4783 4238 4852 qrave
4259 4784 4424 4853 qra-

2859 4875 3032 4934 vatae
3066 4875 3231 4934 sunt
3255 4887 3466 4957 super
3512 4888 3640 4934 me.
3677 4865 3928 4936 Nullus
3957 4875 4062 4937 est
4117 4869 4236 4961 qui
4275 4892 4422 4941 non

2856 4980 2944 5047 sit
2998 4976 3423 5046 immundus.
3493 4976 3823 5047 Proverb.
3891 5002 4011 5060 xx,
4080 4982 4122 5049 9
4175 5003 4193 5050 ε
4248 4984 4421 5069 Quis

2848 5093 3073 5178 potest
3129 5082 3352 5152 dicere
3390 5106 3415 5153 .·
3444 5084 3794 5154 Mundum
3851 5094 3952 5154 est
4006 5109 4123 5155 cor
4157 5110 4414 5174 meum,

2847 5214 3071 5285 purus
3095 5213 3253 5259 sum
3284 5215 3328 5259 a
3358 5202 3640 5282 peccato
3666 5192 3708 5261 P
3731 5191 4008 5263 Nullus.
4051 5193 4184 5263 lsa.
4227 5219 4411 5278 uiv,

2853 5301 2894 5368 6
2956 5321 2974 5369 :
3030 5298 3230 5368 Facti
3280 5322 3525 5369 sumus
3582 5310 3660 5369 ut
3717 5300 4122 5370 immundus
4185 5326 4416 5374 omnes

2851 5431 2996 5484 nos,
3039 5419 3104 5476 et
3135 5410 3342 5501 quasi
3363 5432 3646 5503 pannus
3676 5419 4118 5481 meristruatae
4148 5415 4417 5484 univer-

2847 5540 2940 5585 see
2981 5517 3289 5608 justitiae
3374 5526 3646 5586 nostrae.
3704 5516 3999 5612 Propter
4054 5519 4187 5592 hoc
4251 5521 4415 5592 dicit

1280 5623 1463 5692 Dicit
1498 5643 1662 5713 ergo
1706 5642 1722 5688 ε
1770 5619 1886 5690 Sic
1915 5619 2202 5689 clamavi
2234 5630 2518 5713 urgente
2549 5622 2749 5692 mise·
2845 5626 3005 5708 Job,
3049 5647 3243 5704 xxm,
3315 5628 3356 5695 6
3409 5650 3424 5694 :
3475 5626 3657 5696 Nolo
3710 5627 3941 5699 multa
3997 5631 4416 5720 fortitudine

1195 5732 1319 5811 ria,
1347 5726 1465 5798 sed
1503 5726 1854 5819 quomodo
1874 5727 1911 5795 ⁰?
1933 5725 2047 5795 Sic
2078 5747 2096 5796 :
2126 5751 2161 5793 ι
2179 5728 2496 5813 Domine,
2536 5752 2747 5800 exau-

1462 5873 1581 5917 xvn

2850 5734 3217 5802 contendat
3264 5755 3552 5803 mecum.
3602 5734 3740 5806 Sed
3779 5735 3950 5805 illud
3986 5736 4173 5808 Psal.
4210 5760 4410 5826 exui,

4050 5873 4120 5928 85
