<?xml version="1.0" encoding="UTF-8"?>
<!DOCTYPE html PUBLIC "-//W3C//DTD XHTML 1.0 Transitional//EN"
    "http://www.w3.org/TR/xhtml1/DTD/xhtml1-transitional.dtd">
<html xmlns="http://www.w3.org/1999/xhtml" xml:lang="en" lang="en">
 <head>
  <title>
</title>
<meta http-equiv="Content-Type" content="text/html;charset=utf-8" />
  <meta name='ocr-system' content='tesseract 3.04.00' />
  <meta name='ocr-capabilities' content='ocr_page ocr_carea ocr_par ocr_line ocrx_word'/>
</head>
<body>
  <div class='ocr_page' id='page_1' title='image "balbertimagnira02chgoog_0434.png"; bbox 0 0 5008 6329; ppageno 0'>
   <div class='ocr_carea' id='block_1_1' title="bbox 770 298 899 363">
    <p class='ocr_par' dir='ltr' id='par_1_1' title="bbox 770 298 899 363">
     <span class='ocr_line' id='line_1_1' title="bbox 770 298 899 363; baseline 0.008 -1"><span class='ocrx_word' id='word_1_1' title='bbox 770 298 899 363; x_wconf 86' lang='grc'><strong>424</strong></span> 
     </span>
    </p>
   </div>
   <div class='ocr_carea' id='block_1_2' title="bbox 761 474 2314 671">
    <p class='ocr_par' dir='ltr' id='par_1_2' title="bbox 761 474 2314 671">
     <span class='ocr_line' id='line_1_2' title="bbox 767 474 2312 562; baseline 0.012 -30"><span class='ocrx_word' id='word_1_2' title='bbox 767 489 996 536; x_wconf 79' lang='lat' dir='ltr'><strong>servus</strong></span> <span class='ocrx_word' id='word_1_3' title='bbox 1019 474 1142 560; x_wconf 85' lang='lat' dir='ltr'><strong>qui</strong></span> <span class='ocrx_word' id='word_1_4' title='bbox 1204 477 1520 561; x_wconf 77' lang='lat' dir='ltr'><strong>coqnovit</strong></span> <span class='ocrx_word' id='word_1_5' title='bbox 1585 478 1856 547; x_wconf 79' lang='lat' dir='ltr'><strong>domini</strong></span> <span class='ocrx_word' id='word_1_6' title='bbox 1890 484 2028 562; x_wconf 81' lang='lat' dir='ltr'><strong>sui,</strong></span> <span class='ocrx_word' id='word_1_7' title='bbox 2077 492 2139 549; x_wconf 85' lang='lat' dir='ltr'><strong>et</strong></span> <span class='ocrx_word' id='word_1_8' title='bbox 2176 506 2312 550; x_wconf 80' lang='lat' dir='ltr'><strong>non</strong></span> 
     </span>
     <span class='ocr_line' id='line_1_3' title="bbox 761 578 2314 671; baseline 0.012 -33"><span class='ocrx_word' id='word_1_9' title='bbox 761 578 1202 665; x_wconf 59' lang='lat' dir='ltr'><strong>praeparavit,</strong></span> <span class='ocrx_word' id='word_1_10' title='bbox 1230 587 1294 643; x_wconf 81' lang='lat' dir='ltr'><strong>ct</strong></span> <span class='ocrx_word' id='word_1_11' title='bbox 1310 603 1447 646; x_wconf 81' lang='lat' dir='ltr'><strong>non</strong></span> <span class='ocrx_word' id='word_1_12' title='bbox 1473 585 1644 671; x_wconf 83' lang='lat' dir='ltr'><strong>fecit</strong></span> <span class='ocrx_word' id='word_1_13' title='bbox 1669 589 2043 657; x_wconf 83' lang='lat' dir='ltr'><strong>secundum</strong></span> <span class='ocrx_word' id='word_1_14' title='bbox 2074 590 2314 658; x_wconf 81' lang='lat' dir='ltr'><strong>volun-</strong></span> 
     </span>
    </p>
   </div>
   <div class='ocr_carea' id='block_1_3' title="bbox 766 683 2312 877">
    <p class='ocr_par' dir='ltr' id='par_1_3' title="bbox 766 683 2312 877">
     <span class='ocr_line' id='line_1_4' title="bbox 768 683 2312 852; baseline 0.014 -109"><span class='ocrx_word' id='word_1_15' title='bbox 768 687 973 852; x_wconf 52' lang='lat' dir='ltr'><strong>lcitem</strong></span> <span class='ocrx_word' id='word_1_16' title='bbox 1037 683 1214 770; x_wconf 70' lang='lat' dir='ltr'><strong>esua,</strong></span> <span class='ocrx_word' id='word_1_17' title='bbox 1284 689 1653 780; x_wconf 81' lang='lat' dir='ltr'><em>vapulabit</em></span> <span class='ocrx_word' id='word_1_18' title='bbox 1726 697 2016 778; x_wconf 59' lang='lat' dir='ltr'><strong>multia„</strong></span> <span class='ocrx_word' id='word_1_19' title='bbox 2060 699 2312 767; x_wconf 86' lang='lat' dir='ltr'><strong>scilicet</strong></span> 
     </span>
     <span class='ocr_line' id='line_1_5' title="bbox 766 809 1005 877; baseline 0.008 -26"><span class='ocrx_word' id='word_1_20' title='bbox 766 810 809 877; x_wconf 88' lang='lat' dir='ltr'>p</span> <span class='ocrx_word' id='word_1_21' title='bbox 841 809 1005 877; x_wconf 78' lang='lat' dir='ltr'><strong>ag15.</strong></span> 
     </span>
    </p>
   </div>
   <div class='ocr_carea' id='block_1_4' title="bbox 755 1115 2310 2705">
    <p class='ocr_par' dir='ltr' id='par_1_4' title="bbox 758 1115 2310 1502">
     <span class='ocr_line' id='line_1_6' title="bbox 856 1115 2310 1218; baseline 0.012 -40"><span class='ocrx_word' id='word_1_22' title='bbox 856 1137 889 1178; x_wconf 74' lang='grc' dir='ltr'><strong>α</strong></span> <span class='ocrx_word' id='word_1_23' title='bbox 925 1115 1061 1199; x_wconf 83' lang='lat' dir='ltr'><strong>Qui</strong></span> <span class='ocrx_word' id='word_1_24' title='bbox 1100 1119 1410 1207; x_wconf 82' lang='lat' dir='ltr'><strong>firmavit</strong></span> <span class='ocrx_word' id='word_1_25' title='bbox 1438 1131 1717 1190; x_wconf 84' lang='lat' dir='ltr'><strong>terram.</strong></span> <span class='ocrx_word' id='word_1_26' title='bbox 1766 1149 1799 1190; x_wconf 69' lang='grc' dir='ltr'><strong>ι)</strong></span> <span class='ocrx_word' id='word_1_27' title='bbox 1849 1126 1979 1194; x_wconf 91' lang='lat' dir='ltr'><strong>Hic</strong></span> <span class='ocrx_word' id='word_1_28' title='bbox 2006 1128 2310 1218; x_wconf 79' lang='lat' dir='ltr'>tangitur</span> 
     </span>
     <span class='ocr_line' id='line_1_7' title="bbox 761 1225 2307 1327; baseline 0.012 -40"><span class='ocrx_word' id='word_1_29' title='bbox 761 1242 932 1311; x_wconf 92' lang='lat' dir='ltr'><strong>opus</strong></span> <span class='ocrx_word' id='word_1_30' title='bbox 1021 1225 1496 1311; x_wconf 77' lang='lat' dir='ltr'><strong>distinctioniS,</strong></span> <span class='ocrx_word' id='word_1_31' title='bbox 1566 1255 1688 1322; x_wconf 90' lang='lat' dir='ltr'><strong>per</strong></span> <span class='ocrx_word' id='word_1_32' title='bbox 1745 1233 1876 1302; x_wconf 91' lang='lat' dir='ltr'><strong>hoc</strong></span> <span class='ocrx_word' id='word_1_33' title='bbox 1956 1237 2140 1327; x_wconf 91' lang='lat' dir='ltr'><strong>quod</strong></span> <span class='ocrx_word' id='word_1_34' title='bbox 2197 1237 2307 1304; x_wconf 89' lang='lat' dir='ltr'><strong>di-</strong></span> 
     </span>
     <span class='ocr_line' id='line_1_8' title="bbox 760 1329 2307 1434; baseline 0.014 -41"><span class='ocrx_word' id='word_1_35' title='bbox 760 1329 850 1395; x_wconf 88' lang='lat' dir='ltr'><strong>cit</strong></span> <span class='ocrx_word' id='word_1_36' title='bbox 912 1337 1159 1398; x_wconf 89' lang='lat' dir='ltr'><strong>terram</strong></span> <span class='ocrx_word' id='word_1_37' title='bbox 1198 1333 1441 1403; x_wconf 84' lang='lat' dir='ltr'><strong>factam</strong></span> <span class='ocrx_word' id='word_1_38' title='bbox 1501 1361 1708 1428; x_wconf 89' lang='lat' dir='ltr'><strong>super</strong></span> <span class='ocrx_word' id='word_1_39' title='bbox 1759 1364 1998 1434; x_wconf 89' lang='lat' dir='ltr'><strong>aquas,</strong></span> <span class='ocrx_word' id='word_1_40' title='bbox 2033 1354 2101 1412; x_wconf 88' lang='lat' dir='ltr'><strong>et</strong></span> <span class='ocrx_word' id='word_1_41' title='bbox 2139 1345 2307 1413; x_wconf 89' lang='lat' dir='ltr'><strong>sub-</strong></span> 
     </span>
     <span class='ocr_line' id='line_1_9' title="bbox 758 1441 891 1502; baseline 0.015 -2"><span class='ocrx_word' id='word_1_42' title='bbox 758 1441 891 1502; x_wconf 88' lang='lat' dir='ltr'><strong>tus.</strong></span> 
     </span>
    </p>

    <p class='ocr_par' dir='ltr' id='par_1_5' title="bbox 755 1544 2307 2705">
     <span class='ocr_line' id='line_1_10' title="bbox 847 1544 2305 1652; baseline 0.014 -43"><span class='ocrx_word' id='word_1_43' title='bbox 847 1544 962 1612; x_wconf 85' lang='lat' dir='ltr'><strong>Ait</strong></span> <span class='ocrx_word' id='word_1_44' title='bbox 990 1548 1170 1615; x_wconf 92' lang='lat' dir='ltr'><strong>enim</strong></span> <span class='ocrx_word' id='word_1_45' title='bbox 1205 1569 1222 1619; x_wconf 75' lang='lat'>2</span> <span class='ocrx_word' id='word_1_46' title='bbox 1259 1550 1695 1625; x_wconf 82' lang='lat' dir='ltr'><strong>confitemini</strong></span> <span class='ocrx_word' id='word_1_47' title='bbox 1726 1557 1850 1639; x_wconf 91' lang='lat' dir='ltr'><strong>illi,</strong></span> <span class='ocrx_word' id='word_1_48' title='bbox 1916 1589 1949 1623; x_wconf 90' lang='lat'>«</span> <span class='ocrx_word' id='word_1_49' title='bbox 1982 1563 2105 1652; x_wconf 79' lang='lat' dir='ltr'><strong>qui</strong></span> <span class='ocrx_word' id='word_1_50' title='bbox 2175 1562 2305 1650; x_wconf 85' lang='lat' dir='ltr'><strong>fir·-</strong></span> 
     </span>
     <span class='ocr_line' id='line_1_11' title="bbox 759 1654 2305 1760; baseline 0.014 -43"><span class='ocrx_word' id='word_1_51' title='bbox 759 1654 974 1720; x_wconf 81' lang='lat' dir='ltr'><strong>mavz‘t</strong></span> <span class='ocrx_word' id='word_1_52' title='bbox 1012 1663 1292 1738; x_wconf 80' lang='lat' dir='ltr'><strong>terram,</strong></span> <span class='ocrx_word' id='word_1_53' title='bbox 1340 1685 1372 1725; x_wconf 68' lang='lat' dir='ltr'>n</span> <span class='ocrx_word' id='word_1_54' title='bbox 1400 1663 1724 1731; x_wconf 88' lang='lat' dir='ltr'><strong>ordinans</strong></span> <span class='ocrx_word' id='word_1_55' title='bbox 1781 1665 1995 1749; x_wconf 88' lang='lat' dir='ltr'><strong>illam,</strong></span> <span class='ocrx_word' id='word_1_56' title='bbox 2034 1697 2065 1732; x_wconf 75' lang='grc' dir='ltr'><strong>ιι</strong></span> <span class='ocrx_word' id='word_1_57' title='bbox 2098 1692 2305 1760; x_wconf 83' lang='lat' dir='ltr'><strong>super</strong></span> 
     </span>
     <span class='ocr_line' id='line_1_12' title="bbox 760 1764 2302 1849; baseline 0.012 -23"><span class='ocrx_word' id='word_1_58' title='bbox 760 1782 1001 1849; x_wconf 75' lang='lat' dir='ltr'><strong>aquaS.</strong></span> <span class='ocrx_word' id='word_1_59' title='bbox 1044 1791 1076 1824; x_wconf 86' lang='lat'>»</span> <span class='ocrx_word' id='word_1_60' title='bbox 1126 1764 1211 1832; x_wconf 90' lang='lat' dir='ltr'><strong>Et</strong></span> <span class='ocrx_word' id='word_1_61' title='bbox 1250 1775 1350 1835; x_wconf 88' lang='lat' dir='ltr'><strong>est</strong></span> <span class='ocrx_word' id='word_1_62' title='bbox 1380 1773 1755 1840; x_wconf 86' lang='lat' dir='ltr'><strong>secundum</strong></span> <span class='ocrx_word' id='word_1_63' title='bbox 1790 1773 2103 1843; x_wconf 88' lang='lat' dir='ltr'><strong>Glossam</strong></span> <span class='ocrx_word' id='word_1_64' title='bbox 2151 1799 2302 1844; x_wconf 90' lang='lat' dir='ltr'><strong>mo-</strong></span> 
     </span>
     <span class='ocr_line' id='line_1_13' title="bbox 762 1862 2299 1968; baseline 0.011 -37"><span class='ocrx_word' id='word_1_65' title='bbox 762 1862 885 1931; x_wconf 91' lang='lat' dir='ltr'><strong>dus</strong></span> <span class='ocrx_word' id='word_1_66' title='bbox 927 1865 1270 1957; x_wconf 89' lang='lat' dir='ltr'><strong>loquendi,</strong></span> <span class='ocrx_word' id='word_1_67' title='bbox 1306 1873 1374 1940; x_wconf 88' lang='lat' dir='ltr'><strong>id</strong></span> <span class='ocrx_word' id='word_1_68' title='bbox 1399 1883 1524 1954; x_wconf 89' lang='lat' dir='ltr'><strong>est,</strong></span> <span class='ocrx_word' id='word_1_69' title='bbox 1563 1903 1597 1942; x_wconf 73' lang='grc' dir='ltr'><strong>α</strong></span> <span class='ocrx_word' id='word_1_70' title='bbox 1621 1880 1848 1968; x_wconf 83' lang='lat' dir='ltr'><strong>juxta.</strong></span> <span class='ocrx_word' id='word_1_71' title='bbox 1895 1908 1926 1944; x_wconf 73' lang='lat' dir='ltr'><strong>u</strong></span> <span class='ocrx_word' id='word_1_72' title='bbox 1960 1882 2215 1950; x_wconf 84' lang='lat' dir='ltr'><strong>Tamen</strong></span> <span class='ocrx_word' id='word_1_73' title='bbox 2245 1884 2299 1950; x_wconf 87' lang='lat' dir='ltr'><strong>si</strong></span> 
     </span>
     <span class='ocr_line' id='line_1_14' title="bbox 764 1972 2302 2078; baseline 0.014 -41"><span class='ocrx_word' id='word_1_74' title='bbox 764 1972 1217 2058; x_wconf 77' lang='lat' dir='ltr'><strong>attendamuS,</strong></span> <span class='ocrx_word' id='word_1_75' title='bbox 1251 1987 1428 2049; x_wconf 88' lang='lat' dir='ltr'><strong>terra</strong></span> <span class='ocrx_word' id='word_1_76' title='bbox 1484 2006 1691 2075; x_wconf 87' lang='lat' dir='ltr'><strong>super</strong></span> <span class='ocrx_word' id='word_1_77' title='bbox 1754 2010 1967 2078; x_wconf 88' lang='lat' dir='ltr'><strong>aquas</strong></span> <span class='ocrx_word' id='word_1_78' title='bbox 2024 1988 2302 2057; x_wconf 80' lang='lat' dir='ltr'><strong>fundata</strong></span> 
     </span>
     <span class='ocr_line' id='line_1_15' title="bbox 761 2083 2303 2179; baseline 0.013 -34"><span class='ocrx_word' id='word_1_79' title='bbox 761 2087 884 2158; x_wconf 87' lang='lat' dir='ltr'><strong>est,</strong></span> <span class='ocrx_word' id='word_1_80' title='bbox 920 2083 1077 2171; x_wconf 90' lang='lat' dir='ltr'><strong>quia</strong></span> <span class='ocrx_word' id='word_1_81' title='bbox 1113 2107 1234 2174; x_wconf 89' lang='lat' dir='ltr'><strong>per</strong></span> <span class='ocrx_word' id='word_1_82' title='bbox 1271 2109 1563 2179; x_wconf 83' lang='lat' dir='ltr'>aqueum</span> <span class='ocrx_word' id='word_1_83' title='bbox 1625 2090 1982 2163; x_wconf 88' lang='lat' dir='ltr'><strong>humorem</strong></span> <span class='ocrx_word' id='word_1_84' title='bbox 2030 2098 2303 2165; x_wconf 85' lang='lat' dir='ltr'><strong>intimas</strong></span> 
     </span>
     <span class='ocr_line' id='line_1_16' title="bbox 758 2197 2304 2282; baseline 0.015 -31"><span class='ocrx_word' id='word_1_85' title='bbox 758 2197 981 2276; x_wconf 87' lang='lat' dir='ltr'><strong>partes</strong></span> <span class='ocrx_word' id='word_1_86' title='bbox 1007 2200 1474 2279; x_wconf 78' lang='lat' dir='ltr'><strong>penetrantem</strong></span> <span class='ocrx_word' id='word_1_87' title='bbox 1512 2198 1826 2269; x_wconf 83' lang='lat' dir='ltr'><strong>firmatur</strong></span> <span class='ocrx_word' id='word_1_88' title='bbox 1854 2211 2055 2282; x_wconf 88' lang='lat' dir='ltr'><strong>terra,</strong></span> <span class='ocrx_word' id='word_1_89' title='bbox 2090 2214 2157 2273; x_wconf 92' lang='lat' dir='ltr'><strong>et</strong></span> <span class='ocrx_word' id='word_1_90' title='bbox 2175 2215 2304 2273; x_wconf 87' lang='lat' dir='ltr'><strong>sta·</strong></span> 
     </span>
     <span class='ocr_line' id='line_1_17' title="bbox 759 2290 2298 2398; baseline 0.015 -42"><span class='ocrx_word' id='word_1_91' title='bbox 759 2290 1012 2362; x_wconf 89' lang='lat' dir='ltr'><strong>bilitur.</strong></span> <span class='ocrx_word' id='word_1_92' title='bbox 1047 2294 1176 2364; x_wconf 89' lang='lat' dir='ltr'><strong>Isa.</strong></span> <span class='ocrx_word' id='word_1_93' title='bbox 1211 2321 1390 2381; x_wconf 77' lang='lat' dir='ltr'><strong>xmv,</strong></span> <span class='ocrx_word' id='word_1_94' title='bbox 1425 2303 1511 2369; x_wconf 89' lang='grc'><strong>24</strong></span> <span class='ocrx_word' id='word_1_95' title='bbox 1557 2327 1573 2372; x_wconf 91' lang='lat'>:</span> <span class='ocrx_word' id='word_1_96' title='bbox 1650 2308 1806 2398; x_wconf 77' lang='lat' dir='ltr'><strong>qu</strong></span> <span class='ocrx_word' id='word_1_97' title='bbox 1845 2311 2298 2389; x_wconf 73' lang='lat' dir='ltr'><strong>Domina-5,...</strong></span> 
     </span>
     <span class='ocr_line' id='line_1_18' title="bbox 755 2397 2304 2492; baseline 0.015 -29"><span class='ocrx_word' id='word_1_98' title='bbox 755 2397 1111 2469; x_wconf 78' lang='lat' dir='ltr'><strong>stabiliens</strong></span> <span class='ocrx_word' id='word_1_99' title='bbox 1148 2414 1426 2492; x_wconf 82' lang='lat' dir='ltr'><strong>terram,</strong></span> <span class='ocrx_word' id='word_1_100' title='bbox 1460 2418 1525 2476; x_wconf 76' lang='lat' dir='ltr'><strong>et</strong></span> <span class='ocrx_word' id='word_1_101' title='bbox 1558 2412 1807 2481; x_wconf 80' lang='lat' dir='ltr'><strong>nullus</strong></span> <span class='ocrx_word' id='word_1_102' title='bbox 1868 2438 2158 2484; x_wconf 85' lang='lat' dir='ltr'><strong>mecum.</strong></span> <span class='ocrx_word' id='word_1_103' title='bbox 2189 2417 2304 2484; x_wconf 89' lang='lat' dir='ltr'><strong>Je-</strong></span> 
     </span>
     <span class='ocr_line' id='line_1_19' title="bbox 765 2507 2307 2608; baseline 0.012 -40"><span class='ocrx_word' id='word_1_104' title='bbox 765 2523 930 2571; x_wconf 90' lang='lat' dir='ltr'><strong>rem.</strong></span> <span class='ocrx_word' id='word_1_105' title='bbox 964 2527 1032 2584; x_wconf 86' lang='lat' dir='ltr'><strong>x,</strong></span> <span class='ocrx_word' id='word_1_106' title='bbox 1070 2507 1195 2573; x_wconf 84' lang='lat'><strong>12:</strong></span> <span class='ocrx_word' id='word_1_107' title='bbox 1239 2510 1435 2579; x_wconf 80' lang='lat' dir='ltr'><em>Facit</em></span> <span class='ocrx_word' id='word_1_108' title='bbox 1473 2522 1729 2583; x_wconf 84' lang='lat' dir='ltr'><strong>terram</strong></span> <span class='ocrx_word' id='word_1_109' title='bbox 1774 2519 1846 2585; x_wconf 77' lang='lat' dir='ltr'><strong>in</strong></span> <span class='ocrx_word' id='word_1_110' title='bbox 1891 2521 2307 2608; x_wconf 77' lang='lat' dir='ltr'><strong>fortitudine</strong></span> 
     </span>
     <span class='ocr_line' id='line_1_20' title="bbox 762 2611 2102 2705; baseline 0.015 -31"><span class='ocrx_word' id='word_1_111' title='bbox 762 2631 913 2676; x_wconf 80' lang='lat' dir='ltr'><strong>sua.</strong></span> <span class='ocrx_word' id='word_1_112' title='bbox 945 2611 1103 2693; x_wconf 89' lang='lat' dir='ltr'><strong>Job,</strong></span> <span class='ocrx_word' id='word_1_113' title='bbox 1134 2637 1419 2699; x_wconf 83' lang='lat' dir='ltr'><strong>xxxvm,</strong></span> <span class='ocrx_word' id='word_1_114' title='bbox 1454 2620 1495 2686; x_wconf 88' lang='grc'>4</span> <span class='ocrx_word' id='word_1_115' title='bbox 1531 2643 1548 2688; x_wconf 90' lang='lat'>:</span> <span class='ocrx_word' id='word_1_116' title='bbox 1588 2621 1724 2690; x_wconf 81' lang='lat' dir='ltr'><strong>Ubi</strong></span> <span class='ocrx_word' id='word_1_117' title='bbox 1756 2648 1931 2705; x_wconf 67' lang='lat' dir='ltr'><strong>erar,</strong></span> <span class='ocrx_word' id='word_1_118' title='bbox 1976 2636 2102 2696; x_wconf 87' lang='lat' dir='ltr'><strong>etc.</strong></span> 
     </span>
    </p>
   </div>
   <div class='ocr_carea' id='block_1_5' title="bbox 421 2714 2303 2838">
    <p class='ocr_par' dir='ltr' id='par_1_6' title="bbox 421 2714 2303 2838">
     <span class='ocr_line' id='line_1_21' title="bbox 421 2714 2303 2838; baseline 0.009 -55"><span class='ocrx_word' id='word_1_119' title='bbox 421 2735 735 2838; x_wconf 52' lang='grc' dir='ltr'><strong>ιεξιιιιιοιιω</strong></span> <span class='ocrx_word' id='word_1_120' title='bbox 857 2714 928 2784; x_wconf 88' lang='lat' dir='ltr'><strong>Si</strong></span> <span class='ocrx_word' id='word_1_121' title='bbox 970 2718 1119 2788; x_wconf 88' lang='lat' dir='ltr'><strong>coeli</strong></span> <span class='ocrx_word' id='word_1_122' title='bbox 1150 2720 1414 2807; x_wconf 83' lang='lat' dir='ltr'><strong>Clerici,</strong></span> <span class='ocrx_word' id='word_1_123' title='bbox 1457 2727 1553 2795; x_wconf 89' lang='lat' dir='ltr'><strong>sic</strong></span> <span class='ocrx_word' id='word_1_124' title='bbox 1619 2737 1798 2798; x_wconf 89' lang='lat' dir='ltr'><strong>terra</strong></span> <span class='ocrx_word' id='word_1_125' title='bbox 1850 2745 2138 2823; x_wconf 85' lang='lat' dir='ltr'><strong>possunt</strong></span> <span class='ocrx_word' id='word_1_126' title='bbox 2176 2735 2303 2802; x_wconf 90' lang='lat' dir='ltr'><strong>dici</strong></span> 
     </span>
    </p>
   </div>
   <div class='ocr_carea' id='block_1_6' title="bbox 497 2804 2303 2929">
    <p class='ocr_par' dir='ltr' id='par_1_7' title="bbox 497 2804 2303 2929">
     <span class='ocr_line' id='line_1_22' title="bbox 497 2804 2303 2929; baseline 0.01 -38"><span class='ocrx_word' id='word_1_127' title='bbox 497 2804 722 2904; x_wconf 52' lang='lat' dir='ltr'><strong>Jssrfn‘if&#39;*</strong></span> <span class='ocrx_word' id='word_1_128' title='bbox 765 2822 1033 2893; x_wconf 81' lang='lat' dir='ltr'><strong>Praelati</strong></span> <span class='ocrx_word' id='word_1_129' title='bbox 1065 2827 1251 2900; x_wconf 87' lang='lat' dir='ltr'><strong>boni.</strong></span> <span class='ocrx_word' id='word_1_130' title='bbox 1287 2831 1521 2903; x_wconf 88' lang='lat' dir='ltr'><strong>Primo</strong></span> <span class='ocrx_word' id='word_1_131' title='bbox 1562 2848 1842 2929; x_wconf 87' lang='lat' dir='ltr'><strong>propter</strong></span> <span class='ocrx_word' id='word_1_132' title='bbox 1866 2841 2303 2911; x_wconf 76' lang='lat' dir='ltr'><strong>stabilitatem</strong></span> 
     </span>
    </p>
   </div>
   <div class='ocr_carea' id='block_1_7' title="bbox 741 2938 2306 4753">
    <p class='ocr_par' dir='ltr' id='par_1_8' title="bbox 741 2938 2306 4753">
     <span class='ocr_line' id='line_1_23' title="bbox 765 2938 2305 3024; baseline 0.014 -25"><span class='ocrx_word' id='word_1_133' title='bbox 765 2941 832 3000; x_wconf 90' lang='lat' dir='ltr'><strong>et</strong></span> <span class='ocrx_word' id='word_1_134' title='bbox 858 2938 1332 3018; x_wconf 88' lang='lat' dir='ltr'><strong>constantiam,</strong></span> <span class='ocrx_word' id='word_1_135' title='bbox 1408 2940 1632 3012; x_wconf 88' lang='lat' dir='ltr'><strong>Eccle.</strong></span> <span class='ocrx_word' id='word_1_136' title='bbox 1692 2968 1739 3024; x_wconf 87' lang='lat'><strong>1,</strong></span> <span class='ocrx_word' id='word_1_137' title='bbox 1800 2949 1885 3014; x_wconf 78' lang='lat'><strong>4:</strong></span> <span class='ocrx_word' id='word_1_138' title='bbox 1945 2950 2305 3021; x_wconf 71' lang='lat' dir='ltr'><strong>Gener-atio</strong></span> 
     </span>
     <span class='ocr_line' id='line_1_24' title="bbox 756 3044 2306 3136; baseline 0.014 -31"><span class='ocrx_word' id='word_1_139' title='bbox 756 3044 1085 3130; x_wconf 57' lang='lat' dir='ltr'><strong>praeterit,</strong></span> <span class='ocrx_word' id='word_1_140' title='bbox 1127 3055 1190 3111; x_wconf 81' lang='lat' dir='ltr'><strong>ee</strong></span> <span class='ocrx_word' id='word_1_141' title='bbox 1214 3051 1565 3136; x_wconf 78' lang='lat' dir='ltr'><strong>qeneratio</strong></span> <span class='ocrx_word' id='word_1_142' title='bbox 1593 3051 1898 3135; x_wconf 78' lang='lat' dir='ltr'><strong>advenit,</strong></span> <span class='ocrx_word' id='word_1_143' title='bbox 1949 3065 2133 3125; x_wconf 80' lang='lat' dir='ltr'><strong>terra</strong></span> <span class='ocrx_word' id='word_1_144' title='bbox 2171 3082 2306 3127; x_wconf 84' lang='lat' dir='ltr'><strong>au-</strong></span> 
     </span>
     <span class='ocr_line' id='line_1_25' title="bbox 763 3149 2301 3255; baseline 0.015 -42"><span class='ocrx_word' id='word_1_145' title='bbox 763 3155 894 3215; x_wconf 82' lang='lat' dir='ltr'><strong>tem</strong></span> <span class='ocrx_word' id='word_1_146' title='bbox 942 3149 1013 3218; x_wconf 78' lang='lat' dir='ltr'><strong>in</strong></span> <span class='ocrx_word' id='word_1_147' title='bbox 1048 3161 1375 3224; x_wconf 75' lang='lat' dir='ltr'><strong>aetemum</strong></span> <span class='ocrx_word' id='word_1_148' title='bbox 1423 3167 1587 3227; x_wconf 79' lang='lat' dir='ltr'><strong>seat.</strong></span> <span class='ocrx_word' id='word_1_149' title='bbox 1648 3158 1941 3255; x_wconf 82' lang='lat' dir='ltr'><strong>Propter</strong></span> <span class='ocrx_word' id='word_1_150' title='bbox 2012 3163 2301 3235; x_wconf 88' lang='lat' dir='ltr'><strong>aliorum</strong></span> 
     </span>
     <span class='ocr_line' id='line_1_26' title="bbox 760 3260 2301 3367; baseline 0.014 -44"><span class='ocrx_word' id='word_1_151' title='bbox 760 3260 1366 3349; x_wconf 79' lang='lat' dir='ltr'><strong>supportationem,</strong></span> <span class='ocrx_word' id='word_1_152' title='bbox 1425 3264 1585 3346; x_wconf 88' lang='lat' dir='ltr'><strong>Job,</strong></span> <span class='ocrx_word' id='word_1_153' title='bbox 1645 3293 1741 3350; x_wconf 75' lang='grc' dir='ltr'>ιιι,</span> <span class='ocrx_word' id='word_1_154' title='bbox 1798 3272 1936 3341; x_wconf 85' lang='lat'><strong>13:</strong></span> <span class='ocrx_word' id='word_1_155' title='bbox 1988 3274 2301 3367; x_wconf 79' lang='lat' dir='ltr'><strong>Sub&#39;quo</strong></span> 
     </span>
     <span class='ocr_line' id='line_1_27' title="bbox 758 3370 2294 3461; baseline 0.013 -31"><span class='ocrx_word' id='word_1_156' title='bbox 758 3376 1127 3434; x_wconf 77' lang='lat' dir='ltr'><strong>curvantur</strong></span> <span class='ocrx_word' id='word_1_157' title='bbox 1154 3370 1276 3459; x_wconf 78' lang='lat' dir='ltr'><strong>qui</strong></span> <span class='ocrx_word' id='word_1_158' title='bbox 1287 3381 1572 3461; x_wconf 79' lang='lat' dir='ltr'><strong>portant</strong></span> <span class='ocrx_word' id='word_1_159' title='bbox 1591 3375 1845 3448; x_wconf 83' lang='lat' dir='ltr'><strong>orbem.</strong></span> <span class='ocrx_word' id='word_1_160' title='bbox 1874 3380 1980 3449; x_wconf 78' lang='lat' dir='ltr'><strong>Ad</strong></span> <span class='ocrx_word' id='word_1_161' title='bbox 2004 3381 2294 3451; x_wconf 84' lang='lat' dir='ltr'><strong>Roman.</strong></span> 
     </span>
     <span class='ocr_line' id='line_1_28' title="bbox 756 3472 2302 3571; baseline 0.016 -36"><span class='ocrx_word' id='word_1_162' title='bbox 756 3490 872 3550; x_wconf 84' lang='lat' dir='ltr'><strong>xv,</strong></span> <span class='ocrx_word' id='word_1_163' title='bbox 910 3472 938 3537; x_wconf 95' lang='grc'>1</span> <span class='ocrx_word' id='word_1_164' title='bbox 1004 3494 1021 3539; x_wconf 87' lang='lat'>:</span> <span class='ocrx_word' id='word_1_165' title='bbox 1061 3473 1400 3545; x_wconf 80' lang='lat' dir='ltr'><strong>Debemus</strong></span> <span class='ocrx_word' id='word_1_166' title='bbox 1451 3503 1575 3548; x_wconf 80' lang='lat' dir='ltr'><strong>nos</strong></span> <span class='ocrx_word' id='word_1_167' title='bbox 1599 3483 1948 3571; x_wconf 73' lang='lat' dir='ltr'><strong>forciores,</strong></span> <span class='ocrx_word' id='word_1_168' title='bbox 1993 3488 2302 3557; x_wconf 82' lang='lat' dir='ltr'><strong>imbecil-</strong></span> 
     </span>
     <span class='ocr_line' id='line_1_29' title="bbox 758 3575 2300 3690; baseline 0.016 -47"><span class='ocrx_word' id='word_1_169' title='bbox 758 3575 984 3647; x_wconf 78' lang='lat' dir='ltr'><strong>litates</strong></span> <span class='ocrx_word' id='word_1_170' title='bbox 1064 3581 1500 3672; x_wconf 78' lang='lat' dir='ltr'><strong>infirmorum</strong></span> <span class='ocrx_word' id='word_1_171' title='bbox 1578 3594 1936 3666; x_wconf 77' lang='lat' dir='ltr'><strong>sustinere.</strong></span> <span class='ocrx_word' id='word_1_172' title='bbox 2012 3596 2300 3690; x_wconf 78' lang='lat' dir='ltr'><strong>Propter</strong></span> 
     </span>
     <span class='ocr_line' id='line_1_30' title="bbox 754 3684 2291 3793; baseline 0.017 -43"><span class='ocrx_word' id='word_1_173' title='bbox 754 3684 1044 3755; x_wconf 84' lang='lat' dir='ltr'><strong>aliorum</strong></span> <span class='ocrx_word' id='word_1_174' title='bbox 1079 3690 1682 3779; x_wconf 84' lang='lat' dir='ltr'><strong>ministrationem,</strong></span> <span class='ocrx_word' id='word_1_175' title='bbox 1729 3700 1933 3771; x_wconf 86' lang='lat' dir='ltr'><strong>Joan.</strong></span> <span class='ocrx_word' id='word_1_176' title='bbox 1995 3726 2136 3784; x_wconf 74' lang='lat' dir='ltr'><strong>xxx,</strong></span> <span class='ocrx_word' id='word_1_177' title='bbox 2185 3709 2291 3793; x_wconf 83' lang='grc'><strong>17,</strong></span> 
     </span>
     <span class='ocr_line' id='line_1_31' title="bbox 748 3790 2297 3885; baseline 0.016 -26"><span class='ocrx_word' id='word_1_178' title='bbox 748 3790 999 3863; x_wconf 90' lang='lat' dir='ltr'><strong>dictum</strong></span> <span class='ocrx_word' id='word_1_179' title='bbox 1030 3804 1129 3864; x_wconf 86' lang='lat' dir='ltr'><strong>est</strong></span> <span class='ocrx_word' id='word_1_180' title='bbox 1161 3796 1399 3870; x_wconf 84' lang='lat' dir='ltr'><strong>Petro:</strong></span> <span class='ocrx_word' id='word_1_181' title='bbox 1430 3805 1649 3876; x_wconf 83' lang='lat' dir='ltr'><strong>Pasce</strong></span> <span class='ocrx_word' id='word_1_182' title='bbox 1684 3830 1836 3876; x_wconf 79' lang='lat' dir='ltr'><strong>oves</strong></span> <span class='ocrx_word' id='word_1_183' title='bbox 1864 3831 2075 3880; x_wconf 85' lang='lat' dir='ltr'><strong>meas.</strong></span> <span class='ocrx_word' id='word_1_184' title='bbox 2118 3812 2297 3885; x_wconf 85' lang='lat' dir='ltr'><strong>llinc</strong></span> 
     </span>
     <span class='ocr_line' id='line_1_32' title="bbox 741 3906 2289 4007; baseline 0.017 -41"><span class='ocrx_word' id='word_1_185' title='bbox 741 3911 1054 3993; x_wconf 77' lang='lat' dir='ltr'><strong>pastores</strong></span> <span class='ocrx_word' id='word_1_186' title='bbox 1116 3906 1274 3975; x_wconf 87' lang='lat' dir='ltr'><strong>dicti</strong></span> <span class='ocrx_word' id='word_1_187' title='bbox 1331 3920 1516 3981; x_wconf 89' lang='lat' dir='ltr'><strong>sunt.</strong></span> <span class='ocrx_word' id='word_1_188' title='bbox 1580 3913 1872 4007; x_wconf 87' lang='lat' dir='ltr'><strong>Propter</strong></span> <span class='ocrx_word' id='word_1_189' title='bbox 1908 3920 2289 3993; x_wconf 85' lang='lat' dir='ltr'><strong>ariditatem</strong></span> 
     </span>
     <span class='ocr_line' id='line_1_33' title="bbox 749 4008 2287 4113; baseline 0.017 -39"><span class='ocrx_word' id='word_1_190' title='bbox 749 4008 834 4076; x_wconf 87' lang='lat' dir='ltr'><strong>ab</strong></span> <span class='ocrx_word' id='word_1_191' title='bbox 863 4013 1049 4078; x_wconf 91' lang='lat' dir='ltr'><strong>omni</strong></span> <span class='ocrx_word' id='word_1_192' title='bbox 1079 4011 1368 4084; x_wconf 89' lang='lat' dir='ltr'><strong>humore</strong></span> <span class='ocrx_word' id='word_1_193' title='bbox 1398 4023 1682 4109; x_wconf 85' lang='lat' dir='ltr'><strong>peccati,</strong></span> <span class='ocrx_word' id='word_1_194' title='bbox 1752 4022 2002 4096; x_wconf 89' lang='lat' dir='ltr'><strong>Genes.</strong></span> <span class='ocrx_word' id='word_1_195' title='bbox 2043 4051 2090 4113; x_wconf 89' lang='grc' dir='ltr'><strong>ι,</strong></span> <span class='ocrx_word' id='word_1_196' title='bbox 2147 4032 2227 4099; x_wconf 89' lang='grc'><strong>10</strong></span> <span class='ocrx_word' id='word_1_197' title='bbox 2271 4055 2287 4099; x_wconf 88' lang='lat'><strong>:</strong></span> 
     </span>
     <span class='ocr_line' id='line_1_34' title="bbox 748 4117 2291 4230; baseline 0.017 -48"><span class='ocrx_word' id='word_1_198' title='bbox 748 4117 846 4184; x_wconf 84' lang='lat' dir='ltr'><strong>Ee</strong></span> <span class='ocrx_word' id='word_1_199' title='bbox 883 4121 1141 4187; x_wconf 79' lang='lat' dir='ltr'><strong>vocavit</strong></span> <span class='ocrx_word' id='word_1_200' title='bbox 1174 4122 1362 4191; x_wconf 81' lang='lat' dir='ltr'><strong>Deus</strong></span> <span class='ocrx_word' id='word_1_201' title='bbox 1390 4127 1690 4207; x_wconf 79' lang='lat' dir='ltr'><strong>aridam,</strong></span> <span class='ocrx_word' id='word_1_202' title='bbox 1745 4140 2025 4203; x_wconf 80' lang='lat' dir='ltr'><strong>terram.</strong></span> <span class='ocrx_word' id='word_1_203' title='bbox 2071 4136 2291 4230; x_wconf 89' lang='lat' dir='ltr'><strong>Prop-</strong></span> 
     </span>
     <span class='ocr_line' id='line_1_35' title="bbox 744 4230 2288 4333; baseline 0.016 -42"><span class='ocrx_word' id='word_1_204' title='bbox 744 4231 850 4292; x_wconf 87' lang='lat' dir='ltr'><strong>ter</strong></span> <span class='ocrx_word' id='word_1_205' title='bbox 914 4249 1254 4296; x_wconf 87' lang='lat' dir='ltr'><strong>summam</strong></span> <span class='ocrx_word' id='word_1_206' title='bbox 1318 4230 1808 4318; x_wconf 89' lang='lat' dir='ltr'><strong>bumilitatem,</strong></span> <span class='ocrx_word' id='word_1_207' title='bbox 1843 4263 1997 4333; x_wconf 78' lang='lat' dir='ltr'><strong>quae</strong></span> <span class='ocrx_word' id='word_1_208' title='bbox 2057 4246 2125 4313; x_wconf 89' lang='lat' dir='ltr'><strong>in</strong></span> <span class='ocrx_word' id='word_1_209' title='bbox 2192 4247 2288 4316; x_wconf 78' lang='lat' dir='ltr'><strong>eis</strong></span> 
     </span>
     <span class='ocr_line' id='line_1_36' title="bbox 748 4329 2282 4432; baseline 0.017 -35"><span class='ocrx_word' id='word_1_210' title='bbox 748 4329 946 4400; x_wconf 82' lang='lat' dir='ltr'><strong>debet</strong></span> <span class='ocrx_word' id='word_1_211' title='bbox 974 4356 1143 4415; x_wconf 87' lang='lat' dir='ltr'><strong>esse,</strong></span> <span class='ocrx_word' id='word_1_212' title='bbox 1176 4338 1348 4407; x_wconf 84' lang='lat' dir='ltr'><strong>sicut</strong></span> <span class='ocrx_word' id='word_1_213' title='bbox 1402 4341 1474 4410; x_wconf 89' lang='lat' dir='ltr'><strong>in</strong></span> <span class='ocrx_word' id='word_1_214' title='bbox 1511 4351 1718 4425; x_wconf 88' lang='lat' dir='ltr'><strong>terra,</strong></span> <span class='ocrx_word' id='word_1_215' title='bbox 1762 4345 1970 4418; x_wconf 84' lang='lat' dir='ltr'><strong>Eccli.</strong></span> <span class='ocrx_word' id='word_1_216' title='bbox 2014 4374 2111 4432; x_wconf 86' lang='grc' dir='ltr'>ιιι,</span> <span class='ocrx_word' id='word_1_217' title='bbox 2145 4356 2230 4423; x_wconf 82' lang='grc'><strong>20</strong></span> <span class='ocrx_word' id='word_1_218' title='bbox 2265 4378 2282 4422; x_wconf 73' lang='lat' dir='ltr'><em>z</em></span> 
     </span>
     <span class='ocr_line' id='line_1_37' title="bbox 753 4436 2289 4534; baseline 0.017 -30"><span class='ocrx_word' id='word_1_219' title='bbox 753 4436 1024 4522; x_wconf 80' lang='lat' dir='ltr'><strong>Quanto</strong></span> <span class='ocrx_word' id='word_1_220' title='bbox 1062 4464 1355 4534; x_wconf 65' lang='lat' dir='ltr'><strong>magnus</strong></span> <span class='ocrx_word' id='word_1_221' title='bbox 1391 4469 1483 4530; x_wconf 67' lang='lat' dir='ltr'><strong>ea,</strong></span> <span class='ocrx_word' id='word_1_222' title='bbox 1522 4449 1828 4523; x_wconf 76' lang='lat' dir='ltr'><strong>humilia</strong></span> <span class='ocrx_word' id='word_1_223' title='bbox 1857 4464 1923 4525; x_wconf 79' lang='lat' dir='ltr'><strong>te</strong></span> <span class='ocrx_word' id='word_1_224' title='bbox 1949 4457 2020 4526; x_wconf 76' lang='lat' dir='ltr'><strong>in</strong></span> <span class='ocrx_word' id='word_1_225' title='bbox 2063 4462 2289 4529; x_wconf 79' lang='lat' dir='ltr'><strong>omui-</strong></span> 
     </span>
     <span class='ocr_line' id='line_1_38' title="bbox 751 4542 2280 4656; baseline 0.018 -44"><span class='ocrx_word' id='word_1_226' title='bbox 751 4542 896 4616; x_wconf 78' lang='lat' dir='ltr'><strong>bus.</strong></span> <span class='ocrx_word' id='word_1_227' title='bbox 964 4546 1248 4641; x_wconf 79' lang='lat' dir='ltr'><strong>Propter</strong></span> <span class='ocrx_word' id='word_1_228' title='bbox 1303 4552 1695 4629; x_wconf 82' lang='lat' dir='ltr'><strong>cadentium</strong></span> <span class='ocrx_word' id='word_1_229' title='bbox 1750 4567 2280 4656; x_wconf 75' lang='lat' dir='ltr'><strong>susceptionem.</strong></span> 
     </span>
     <span class='ocr_line' id='line_1_39' title="bbox 748 4650 2279 4753; baseline 0.014 -31"><span class='ocrx_word' id='word_1_230' title='bbox 748 4650 1010 4722; x_wconf 88' lang='lat' dir='ltr'><strong>Debent</strong></span> <span class='ocrx_word' id='word_1_231' title='bbox 1047 4658 1230 4725; x_wconf 91' lang='lat' dir='ltr'><strong>enim</strong></span> <span class='ocrx_word' id='word_1_232' title='bbox 1259 4657 1482 4732; x_wconf 85' lang='lat' dir='ltr'><strong>dicere</strong></span> <span class='ocrx_word' id='word_1_233' title='bbox 1519 4663 1690 4733; x_wconf 88' lang='lat' dir='ltr'><strong>illud</strong></span> <span class='ocrx_word' id='word_1_234' title='bbox 1716 4666 1958 4742; x_wconf 75' lang='lat' dir='ltr'><strong>matth.</strong></span> <span class='ocrx_word' id='word_1_235' title='bbox 1999 4695 2096 4753; x_wconf 67' lang='grc' dir='ltr'><strong>ιι,</strong></span> <span class='ocrx_word' id='word_1_236' title='bbox 2138 4676 2224 4742; x_wconf 81' lang='lat'><strong>28</strong></span> <span class='ocrx_word' id='word_1_237' title='bbox 2260 4696 2279 4744; x_wconf 72' lang='grc' dir='ltr'><strong><em>ε</em></strong></span> 
     </span>
    </p>
   </div>
   <div class='ocr_carea' id='block_1_8' title="bbox 746 4759 2286 4971">
    <p class='ocr_par' dir='ltr' id='par_1_9' title="bbox 746 4759 2286 4971">
     <span class='ocr_line' id='line_1_40' title="bbox 758 4759 2286 4867; baseline 0.017 -41"><span class='ocrx_word' id='word_1_238' title='bbox 758 4759 981 4829; x_wconf 79' lang='lat' dir='ltr'><strong>Venite</strong></span> <span class='ocrx_word' id='word_1_239' title='bbox 1008 4762 1106 4829; x_wconf 85' lang='lat' dir='ltr'><strong>ad</strong></span> <span class='ocrx_word' id='word_1_240' title='bbox 1140 4786 1268 4846; x_wconf 83' lang='lat' dir='ltr'><strong>me,</strong></span> <span class='ocrx_word' id='word_1_241' title='bbox 1337 4791 1568 4840; x_wconf 78' lang='lat' dir='ltr'><strong>omnes</strong></span> <span class='ocrx_word' id='word_1_242' title='bbox 1624 4776 1751 4867; x_wconf 75' lang='lat' dir='ltr'><strong>qui</strong></span> <span class='ocrx_word' id='word_1_243' title='bbox 1814 4776 2172 4862; x_wconf 78' lang='lat' dir='ltr'><strong>laboratis,</strong></span> <span class='ocrx_word' id='word_1_244' title='bbox 2222 4792 2286 4851; x_wconf 77' lang='lat' dir='ltr'><strong>et</strong></span> 
     </span>
     <span class='ocr_line' id='line_1_41' title="bbox 746 4871 2286 4971; baseline 0.016 -35"><span class='ocrx_word' id='word_1_245' title='bbox 746 4871 1010 4937; x_wconf 76' lang='lat' dir='ltr'><strong>onerati</strong></span> <span class='ocrx_word' id='word_1_246' title='bbox 1042 4873 1225 4942; x_wconf 79' lang='lat' dir='ltr'><strong>estis.</strong></span> <span class='ocrx_word' id='word_1_247' title='bbox 1282 4874 1575 4971; x_wconf 86' lang='lat' dir='ltr'><strong>Propter</strong></span> <span class='ocrx_word' id='word_1_248' title='bbox 1639 4884 2159 4957; x_wconf 84' lang='lat' dir='ltr'><strong>tribulationum</strong></span> <span class='ocrx_word' id='word_1_249' title='bbox 2221 4900 2286 4961; x_wconf 87' lang='lat' dir='ltr'><strong>et</strong></span> 
     </span>
    </p>
   </div>
   <div class='ocr_carea' id='block_1_9' title="bbox 743 4976 2314 5083">
    <p class='ocr_par' dir='ltr' id='par_1_10' title="bbox 743 4976 2314 5083">
     <span class='ocr_line' id='line_1_42' title="bbox 743 4976 2314 5083; baseline 0.017 -41"><span class='ocrx_word' id='word_1_250' title='bbox 743 4976 1268 5050; x_wconf 87' lang='lat' dir='ltr'><strong>amaritudinum</strong></span> <span class='ocrx_word' id='word_1_251' title='bbox 1289 4983 1923 5076; x_wconf 81' lang='lat' dir='ltr'><strong>circumdationem,</strong></span> <span class='ocrx_word' id='word_1_252' title='bbox 1942 4994 1982 5062; x_wconf 87' lang='lat' dir='ltr'>J</span> <span class='ocrx_word' id='word_1_253' title='bbox 1988 4996 2102 5078; x_wconf 90' lang='lat' dir='ltr'><strong>ob,</strong></span> <span class='ocrx_word' id='word_1_254' title='bbox 2118 5020 2283 5083; x_wconf 83' lang='lat' dir='ltr'><strong>xvu,</strong></span> <span class='ocrx_word' id='word_1_255' title='bbox 2302 4988 2314 4999; x_wconf 56' lang='lat'>⁸</span> 
     </span>
    </p>
   </div>
   <div class='ocr_carea' id='block_1_10' title="bbox 743 5083 2288 5513">
    <p class='ocr_par' dir='ltr' id='par_1_11' title="bbox 743 5083 2288 5513">
     <span class='ocr_line' id='line_1_43' title="bbox 745 5083 2288 5175; baseline 0.018 -27"><span class='ocrx_word' id='word_1_256' title='bbox 745 5083 836 5150; x_wconf 88' lang='lat'><strong>2:</strong></span> <span class='ocrx_word' id='word_1_257' title='bbox 887 5085 969 5152; x_wconf 87' lang='lat' dir='ltr'><strong>In</strong></span> <span class='ocrx_word' id='word_1_258' title='bbox 1026 5090 1616 5165; x_wconf 79' lang='lat' dir='ltr'><strong>amaritudinibus</strong></span> <span class='ocrx_word' id='word_1_259' title='bbox 1673 5112 1990 5172; x_wconf 82' lang='lat' dir='ltr'><strong>moratur</strong></span> <span class='ocrx_word' id='word_1_260' title='bbox 2043 5106 2288 5175; x_wconf 75' lang='lat' dir='ltr'><strong>oculus</strong></span> 
     </span>
     <span class='ocr_line' id='line_1_44' title="bbox 745 5191 2285 5284; baseline 0.019 -29"><span class='ocrx_word' id='word_1_261' title='bbox 745 5212 956 5269; x_wconf 70' lang='lat' dir='ltr'><strong>mem,</strong></span> <span class='ocrx_word' id='word_1_262' title='bbox 990 5191 1054 5259; x_wconf 88' lang='lat' dir='ltr'><strong>id</strong></span> <span class='ocrx_word' id='word_1_263' title='bbox 1088 5204 1212 5276; x_wconf 87' lang='lat' dir='ltr'><strong>est,</strong></span> <span class='ocrx_word' id='word_1_264' title='bbox 1247 5195 1576 5271; x_wconf 79' lang='lat' dir='ltr'><strong>l&#39;raelatus</strong></span> <span class='ocrx_word' id='word_1_265' title='bbox 1606 5226 1825 5275; x_wconf 82' lang='lat' dir='ltr'><strong>meus.</strong></span> <span class='ocrx_word' id='word_1_266' title='bbox 1883 5208 2049 5280; x_wconf 85' lang='lat' dir='ltr'><strong>Ilaec</strong></span> <span class='ocrx_word' id='word_1_267' title='bbox 2112 5222 2285 5284; x_wconf 84' lang='lat' dir='ltr'><strong>terra</strong></span> 
     </span>
     <span class='ocr_line' id='line_1_45' title="bbox 745 5294 2286 5402; baseline 0.018 -40"><span class='ocrx_word' id='word_1_268' title='bbox 745 5294 943 5366; x_wconf 90' lang='lat' dir='ltr'><strong>debet</strong></span> <span class='ocrx_word' id='word_1_269' title='bbox 976 5321 1123 5369; x_wconf 88' lang='lat' dir='ltr'><strong>esse</strong></span> <span class='ocrx_word' id='word_1_270' title='bbox 1160 5326 1364 5397; x_wconf 89' lang='lat' dir='ltr'><strong>super</strong></span> <span class='ocrx_word' id='word_1_271' title='bbox 1417 5332 1632 5402; x_wconf 90' lang='lat' dir='ltr'><strong>aquas</strong></span> <span class='ocrx_word' id='word_1_272' title='bbox 1670 5311 2026 5401; x_wconf 79' lang='lat' dir='ltr'><strong>doctrinae,</strong></span> <span class='ocrx_word' id='word_1_273' title='bbox 2094 5329 2170 5388; x_wconf 91' lang='lat' dir='ltr'><strong>ut</strong></span> <span class='ocrx_word' id='word_1_274' title='bbox 2218 5322 2286 5389; x_wconf 89' lang='lat' dir='ltr'><strong>in</strong></span> 
     </span>
     <span class='ocr_line' id='line_1_46' title="bbox 743 5401 2283 5513; baseline 0.019 -44"><span class='ocrx_word' id='word_1_275' title='bbox 743 5401 877 5472; x_wconf 89' lang='lat' dir='ltr'><strong>illis</strong></span> <span class='ocrx_word' id='word_1_276' title='bbox 904 5404 1159 5499; x_wconf 84' lang='lat' dir='ltr'><strong>jugiter</strong></span> <span class='ocrx_word' id='word_1_277' title='bbox 1181 5412 1451 5486; x_wconf 82' lang='lat' dir='ltr'><strong>studeat</strong></span> <span class='ocrx_word' id='word_1_278' title='bbox 1482 5439 1501 5485; x_wconf 77' lang='lat' dir='ltr'><strong><em>z</em></strong></span> <span class='ocrx_word' id='word_1_279' title='bbox 1551 5422 2283 5513; x_wconf 83' lang='lat' dir='ltr'><strong>concupiscentiarum,</strong></span> 
     </span>
    </p>
   </div>
   <div class='ocr_carea' id='block_1_11' title="bbox 815 5655 1858 5744">
    <p class='ocr_par' dir='ltr' id='par_1_12' title="bbox 815 5655 1858 5744">
     <span class='ocr_line' id='line_1_47' title="bbox 815 5655 1858 5744; baseline 0.018 -28"><span class='ocrx_word' id='word_1_280' title='bbox 815 5658 837 5697; x_wconf 79' lang='lat'>⁸</span> <span class='ocrx_word' id='word_1_281' title='bbox 865 5655 951 5718; x_wconf 73' lang='lat' dir='ltr'><strong>Ct-</strong></span> <span class='ocrx_word' id='word_1_282' title='bbox 982 5657 1159 5723; x_wconf 65' lang='lat' dir='ltr'><strong>Uaro·</strong></span> <span class='ocrx_word' id='word_1_283' title='bbox 1186 5674 1263 5735; x_wconf 77' lang='grc' dir='ltr'><strong>ιν,</strong></span> <span class='ocrx_word' id='word_1_284' title='bbox 1291 5664 1359 5725; x_wconf 78' lang='lat'><strong>21</strong></span> <span class='ocrx_word' id='word_1_285' title='bbox 1392 5682 1410 5736; x_wconf 74' lang='grc' dir='ltr'>ς</span> <span class='ocrx_word' id='word_1_286' title='bbox 1440 5665 1583 5729; x_wconf 78' lang='lat' dir='ltr'><strong>Luc.</strong></span> <span class='ocrx_word' id='word_1_287' title='bbox 1614 5687 1735 5744; x_wconf 79' lang='lat' dir='ltr'><strong>vm,</strong></span> <span class='ocrx_word' id='word_1_288' title='bbox 1766 5670 1858 5735; x_wconf 77' lang='lat'><strong>¹⁶.</strong></span> 
     </span>
    </p>
   </div>
   <div class='ocr_carea' id='block_1_12' title="bbox 1767 309 2990 380">
    <p class='ocr_par' dir='ltr' id='par_1_13' title="bbox 1767 309 2990 380">
     <span class='ocr_line' id='line_1_48' title="bbox 1767 309 2990 380; baseline -0.002 -3"><span class='ocrx_word' id='word_1_289' title='bbox 1767 311 1853 378; x_wconf 90' lang='lat' dir='ltr'><strong>D.</strong></span> <span class='ocrx_word' id='word_1_290' title='bbox 1905 311 2105 380; x_wconf 86' lang='lat' dir='ltr'><strong>ALB.</strong></span> <span class='ocrx_word' id='word_1_291' title='bbox 2158 311 2373 379; x_wconf 86' lang='lat' dir='ltr'><strong>MAG.</strong></span> <span class='ocrx_word' id='word_1_292' title='bbox 2427 311 2636 378; x_wconf 81' lang='lat' dir='ltr'><strong>om).</strong></span> <span class='ocrx_word' id='word_1_293' title='bbox 2691 309 2990 377; x_wconf 83' lang='lat' dir='ltr'><strong>PRAED.</strong></span> 
     </span>
    </p>
   </div>
   <div class='ocr_carea' id='block_1_13' title="bbox 2413 474 3970 878">
    <p class='ocr_par' dir='ltr' id='par_1_14' title="bbox 2413 474 3970 878">
     <span class='ocr_line' id='line_1_49' title="bbox 2415 474 3964 570; baseline -0.006 -22"><span class='ocrx_word' id='word_1_294' title='bbox 2415 491 2490 549; x_wconf 91' lang='lat' dir='ltr'><strong>ut</strong></span> <span class='ocrx_word' id='word_1_295' title='bbox 2531 481 2679 548; x_wconf 88' lang='lat' dir='ltr'><strong>illas</strong></span> <span class='ocrx_word' id='word_1_296' title='bbox 2722 480 3046 570; x_wconf 88' lang='lat' dir='ltr'><strong>reprimat</strong></span> <span class='ocrx_word' id='word_1_297' title='bbox 3096 496 3112 546; x_wconf 72' lang='grc' dir='ltr'>ε</span> <span class='ocrx_word' id='word_1_298' title='bbox 3175 499 3400 545; x_wconf 90' lang='lat' dir='ltr'><strong>rerum</strong></span> <span class='ocrx_word' id='word_1_299' title='bbox 3461 474 3964 565; x_wconf 89' lang='lat' dir='ltr'><strong>temporalium,</strong></span> 
     </span>
     <span class='ocr_line' id='line_1_50' title="bbox 2415 584 3970 675; baseline -0.005 -16"><span class='ocrx_word' id='word_1_300' title='bbox 2415 600 2488 659; x_wconf 90' lang='lat' dir='ltr'><strong>ut</strong></span> <span class='ocrx_word' id='word_1_301' title='bbox 2530 593 2681 660; x_wconf 88' lang='lat' dir='ltr'><strong>aliis</strong></span> <span class='ocrx_word' id='word_1_302' title='bbox 2713 614 2827 660; x_wconf 90' lang='lat' dir='ltr'><strong>eas</strong></span> <span class='ocrx_word' id='word_1_303' title='bbox 2858 588 3240 672; x_wconf 88' lang='lat' dir='ltr'><strong>distribuat,</strong></span> <span class='ocrx_word' id='word_1_304' title='bbox 3276 597 3343 655; x_wconf 91' lang='lat' dir='ltr'><strong>et</strong></span> <span class='ocrx_word' id='word_1_305' title='bbox 3380 586 3505 654; x_wconf 88' lang='lat' dir='ltr'><strong>sub</strong></span> <span class='ocrx_word' id='word_1_306' title='bbox 3553 584 3725 675; x_wconf 89' lang='lat' dir='ltr'><strong>pede</strong></span> <span class='ocrx_word' id='word_1_307' title='bbox 3783 587 3970 675; x_wconf 87' lang='lat' dir='ltr'><strong>peni-</strong></span> 
     </span>
     <span class='ocr_line' id='line_1_51' title="bbox 2413 693 3963 781; baseline -0.005 -12"><span class='ocrx_word' id='word_1_308' title='bbox 2413 711 2524 769; x_wconf 88' lang='lat' dir='ltr'><strong>tus</strong></span> <span class='ocrx_word' id='word_1_309' title='bbox 2555 701 2805 769; x_wconf 89' lang='lat' dir='ltr'><strong>habeat</strong></span> <span class='ocrx_word' id='word_1_310' title='bbox 2846 723 2862 767; x_wconf 73' lang='grc' dir='ltr'>ε</span> <span class='ocrx_word' id='word_1_311' title='bbox 2906 699 3453 781; x_wconf 90' lang='lat' dir='ltr'><strong>tribulationum,</strong></span> <span class='ocrx_word' id='word_1_312' title='bbox 3490 704 3562 763; x_wconf 93' lang='lat' dir='ltr'><strong>ut</strong></span> <span class='ocrx_word' id='word_1_313' title='bbox 3620 693 3806 761; x_wconf 91' lang='lat' dir='ltr'><strong>nulla</strong></span> <span class='ocrx_word' id='word_1_314' title='bbox 3857 717 3963 761; x_wconf 89' lang='lat' dir='ltr'><strong>ra·</strong></span> 
     </span>
     <span class='ocr_line' id='line_1_52' title="bbox 2413 810 3066 878; baseline 0.002 -1"><span class='ocrx_word' id='word_1_315' title='bbox 2413 811 2601 878; x_wconf 88' lang='lat' dir='ltr'><strong>tione</strong></span> <span class='ocrx_word' id='word_1_316' title='bbox 2641 810 3066 878; x_wconf 88' lang='lat' dir='ltr'><strong>succumbat.</strong></span> 
     </span>
    </p>
   </div>
   <div class='ocr_carea' id='block_1_14' title="bbox 2404 1118 3961 3569">
    <p class='ocr_par' dir='ltr' id='par_1_15' title="bbox 2405 1118 3961 1742">
     <span class='ocr_line' id='line_1_53' title="bbox 2511 1118 3961 1210; baseline 0 -27"><span class='ocrx_word' id='word_1_317' title='bbox 2511 1151 2540 1183; x_wconf 69' lang='lat' dir='ltr'><strong>a</strong></span> <span class='ocrx_word' id='word_1_318' title='bbox 2586 1123 2725 1206; x_wconf 84' lang='lat' dir='ltr'><strong>Qui</strong></span> <span class='ocrx_word' id='word_1_319' title='bbox 2758 1121 2926 1210; x_wconf 80' lang='lat' dir='ltr'><strong>fecit</strong></span> <span class='ocrx_word' id='word_1_320' title='bbox 2955 1121 3363 1187; x_wconf 81' lang='lat' dir='ltr'><strong>luminaria.</strong></span> <span class='ocrx_word' id='word_1_321' title='bbox 3397 1144 3425 1180; x_wconf 71' lang='lat' dir='ltr'><strong>n</strong></span> <span class='ocrx_word' id='word_1_322' title='bbox 3481 1118 3610 1186; x_wconf 89' lang='lat' dir='ltr'><strong>Hic</strong></span> <span class='ocrx_word' id='word_1_323' title='bbox 3663 1119 3961 1208; x_wconf 85' lang='lat' dir='ltr'><strong>tangitur</strong></span> 
     </span>
     <span class='ocr_line' id='line_1_54' title="bbox 2412 1224 3959 1321; baseline -0.004 -24"><span class='ocrx_word' id='word_1_324' title='bbox 2412 1230 2492 1297; x_wconf 90' lang='lat' dir='ltr'><strong>de</strong></span> <span class='ocrx_word' id='word_1_325' title='bbox 2555 1252 2760 1321; x_wconf 89' lang='lat' dir='ltr'><strong>opere</strong></span> <span class='ocrx_word' id='word_1_326' title='bbox 2823 1237 3143 1297; x_wconf 88' lang='lat' dir='ltr'><strong>ornatus:</strong></span> <span class='ocrx_word' id='word_1_327' title='bbox 3216 1230 3514 1295; x_wconf 88' lang='lat' dir='ltr'><strong>maxime</strong></span> <span class='ocrx_word' id='word_1_328' title='bbox 3578 1233 3804 1293; x_wconf 90' lang='lat' dir='ltr'><strong>autem</strong></span> <span class='ocrx_word' id='word_1_329' title='bbox 3875 1224 3959 1292; x_wconf 89' lang='lat' dir='ltr'><strong>ad</strong></span> 
     </span>
     <span class='ocr_line' id='line_1_55' title="bbox 2410 1333 3953 1426; baseline -0.003 -22"><span class='ocrx_word' id='word_1_330' title='bbox 2410 1347 2732 1405; x_wconf 88' lang='lat' dir='ltr'><strong>ornatum</strong></span> <span class='ocrx_word' id='word_1_331' title='bbox 2817 1336 3054 1404; x_wconf 89' lang='lat' dir='ltr'><strong>mundi</strong></span> <span class='ocrx_word' id='word_1_332' title='bbox 3147 1337 3489 1426; x_wconf 87' lang='lat' dir='ltr'><strong>pertinent</strong></span> <span class='ocrx_word' id='word_1_333' title='bbox 3569 1333 3953 1400; x_wconf 83' lang='lat' dir='ltr'><strong>luminaria.</strong></span> 
     </span>
     <span class='ocr_line' id='line_1_56' title="bbox 2405 1441 3960 1537; baseline -0.003 -25"><span class='ocrx_word' id='word_1_334' title='bbox 2405 1446 2742 1537; x_wconf 85' lang='lat' dir='ltr'><strong>Tangitur</strong></span> <span class='ocrx_word' id='word_1_335' title='bbox 2768 1454 2997 1513; x_wconf 88' lang='lat' dir='ltr'><strong>autem</strong></span> <span class='ocrx_word' id='word_1_336' title='bbox 3035 1446 3259 1536; x_wconf 90' lang='lat' dir='ltr'><strong>primo</strong></span> <span class='ocrx_word' id='word_1_337' title='bbox 3298 1444 3604 1535; x_wconf 86' lang='lat' dir='ltr'><strong>ipsorum</strong></span> <span class='ocrx_word' id='word_1_338' title='bbox 3663 1441 3960 1510; x_wconf 87' lang='lat' dir='ltr'><strong>conditio</strong></span> 
     </span>
     <span class='ocr_line' id='line_1_57' title="bbox 2408 1551 3961 1632; baseline -0.003 -11"><span class='ocrx_word' id='word_1_339' title='bbox 2408 1554 2492 1621; x_wconf 86' lang='lat' dir='ltr'><strong>ad</strong></span> <span class='ocrx_word' id='word_1_340' title='bbox 2521 1562 2844 1624; x_wconf 88' lang='lat' dir='ltr'><strong>ornatum</strong></span> <span class='ocrx_word' id='word_1_341' title='bbox 2874 1553 3142 1625; x_wconf 89' lang='lat' dir='ltr'><strong>mundi.</strong></span> <span class='ocrx_word' id='word_1_342' title='bbox 3190 1553 3529 1632; x_wconf 89' lang='lat' dir='ltr'><strong>Secundo,</strong></span> <span class='ocrx_word' id='word_1_343' title='bbox 3581 1551 3838 1620; x_wconf 77' lang='lat' dir='ltr'><strong>fructus</strong></span> <span class='ocrx_word' id='word_1_344' title='bbox 3896 1555 3961 1617; x_wconf 89' lang='lat' dir='ltr'><strong>et</strong></span> 
     </span>
     <span class='ocr_line' id='line_1_58' title="bbox 2408 1660 3951 1742; baseline -0.001 -14"><span class='ocrx_word' id='word_1_345' title='bbox 2408 1662 2754 1731; x_wconf 87' lang='lat' dir='ltr'><strong>distinctio</strong></span> <span class='ocrx_word' id='word_1_346' title='bbox 2787 1662 3087 1740; x_wconf 89' lang='lat' dir='ltr'><strong>illorum,</strong></span> <span class='ocrx_word' id='word_1_347' title='bbox 3133 1662 3254 1742; x_wconf 86' lang='lat' dir='ltr'><strong>ibi,</strong></span> <span class='ocrx_word' id='word_1_348' title='bbox 3302 1669 3368 1739; x_wconf 52' lang='grc' dir='ltr'><strong>ὴ.</strong></span> <span class='ocrx_word' id='word_1_349' title='bbox 3413 1662 3452 1728; x_wconf 91' lang='grc'>8</span> <span class='ocrx_word' id='word_1_350' title='bbox 3488 1680 3504 1729; x_wconf 89' lang='lat'>:</span> <span class='ocrx_word' id='word_1_351' title='bbox 3551 1685 3584 1726; x_wconf 74' lang='grc' dir='ltr'><strong>α</strong></span> <span class='ocrx_word' id='word_1_352' title='bbox 3619 1660 3875 1730; x_wconf 82' lang='lat' dir='ltr'><strong>Solem.</strong></span> <span class='ocrx_word' id='word_1_353' title='bbox 3918 1685 3951 1719; x_wconf 69' lang='lat' dir='ltr'><strong>a</strong></span> 
     </span>
    </p>

    <p class='ocr_par' dir='ltr' id='par_1_16' title="bbox 2404 1767 3961 3569">
     <span class='ocr_line' id='line_1_59' title="bbox 2497 1767 3957 1861; baseline -0.002 -26"><span class='ocrx_word' id='word_1_354' title='bbox 2497 1769 2679 1837; x_wconf 88' lang='lat' dir='ltr'><strong>Dicit</strong></span> <span class='ocrx_word' id='word_1_355' title='bbox 2718 1792 2882 1861; x_wconf 85' lang='lat' dir='ltr'><strong>ergo</strong></span> <span class='ocrx_word' id='word_1_356' title='bbox 2927 1794 2943 1839; x_wconf 73' lang='grc' dir='ltr'><strong><em>ε</em></strong></span> <span class='ocrx_word' id='word_1_357' title='bbox 3017 1767 3133 1838; x_wconf 89' lang='lat' dir='ltr'><strong>Sic</strong></span> <span class='ocrx_word' id='word_1_358' title='bbox 3207 1768 3302 1836; x_wconf 88' lang='lat' dir='ltr'><strong>illi</strong></span> <span class='ocrx_word' id='word_1_359' title='bbox 3353 1768 3797 1846; x_wconf 82' lang='lat' dir='ltr'><strong>confitemini,</strong></span> <span class='ocrx_word' id='word_1_360' title='bbox 3842 1767 3957 1857; x_wconf 90' lang='lat' dir='ltr'><strong>qui</strong></span> 
     </span>
     <span class='ocr_line' id='line_1_60' title="bbox 2405 1875 3960 1968; baseline -0.002 -26"><span class='ocrx_word' id='word_1_361' title='bbox 2405 1875 2562 1945; x_wconf 77' lang='lat' dir='ltr'><strong>fecit</strong></span> <span class='ocrx_word' id='word_1_362' title='bbox 2602 1877 3100 1967; x_wconf 68' lang='lat' dir='ltr'><strong>praecedentia:</strong></span> <span class='ocrx_word' id='word_1_363' title='bbox 3167 1902 3200 1942; x_wconf 74' lang='grc' dir='ltr'>ι</span> <span class='ocrx_word' id='word_1_364' title='bbox 3251 1878 3376 1968; x_wconf 80' lang='lat' dir='ltr'><strong>qui</strong></span> <span class='ocrx_word' id='word_1_365' title='bbox 3415 1901 3447 1942; x_wconf 78' lang='grc' dir='ltr'><strong>ιι</strong></span> <span class='ocrx_word' id='word_1_366' title='bbox 3483 1877 3686 1943; x_wconf 85' lang='lat' dir='ltr'><strong>etiam</strong></span> <span class='ocrx_word' id='word_1_367' title='bbox 3731 1900 3765 1939; x_wconf 69' lang='grc' dir='ltr'>ι</span> <span class='ocrx_word' id='word_1_368' title='bbox 3796 1875 3960 1963; x_wconf 80' lang='lat' dir='ltr'><strong>jecit</strong></span> 
     </span>
     <span class='ocr_line' id='line_1_61' title="bbox 2410 1984 3960 2078; baseline -0.003 -26"><span class='ocrx_word' id='word_1_369' title='bbox 2410 1985 2794 2054; x_wconf 78' lang='lat' dir='ltr'><strong>luminaria</strong></span> <span class='ocrx_word' id='word_1_370' title='bbox 2832 2010 3116 2078; x_wconf 73' lang='lat' dir='ltr'><strong>mayna.</strong></span> <span class='ocrx_word' id='word_1_371' title='bbox 3154 2011 3188 2052; x_wconf 69' lang='grc' dir='ltr'>ι</span> <span class='ocrx_word' id='word_1_372' title='bbox 3218 1984 3462 2054; x_wconf 87' lang='lat' dir='ltr'><strong>Genes.</strong></span> <span class='ocrx_word' id='word_1_373' title='bbox 3498 2008 3543 2062; x_wconf 89' lang='grc' dir='ltr'><strong>ι,</strong></span> <span class='ocrx_word' id='word_1_374' title='bbox 3585 1985 3707 2051; x_wconf 74' lang='grc' dir='ltr'><strong>14ε</strong></span> <span class='ocrx_word' id='word_1_375' title='bbox 3749 1984 3960 2052; x_wconf 78' lang='lat' dir='ltr'><strong>Fiant</strong></span> 
     </span>
     <span class='ocr_line' id='line_1_62' title="bbox 2410 2092 3950 2187; baseline -0.002 -25"><span class='ocrx_word' id='word_1_376' title='bbox 2410 2094 2794 2164; x_wconf 80' lang='lat' dir='ltr'><strong>luminaria</strong></span> <span class='ocrx_word' id='word_1_377' title='bbox 2862 2099 2933 2165; x_wconf 85' lang='lat' dir='ltr'><strong>in</strong></span> <span class='ocrx_word' id='word_1_378' title='bbox 2973 2097 3436 2187; x_wconf 79' lang='lat' dir='ltr'><strong>firmamento.</strong></span> <span class='ocrx_word' id='word_1_379' title='bbox 3518 2092 3724 2162; x_wconf 88' lang='lat' dir='ltr'><strong>Eccli.</strong></span> <span class='ocrx_word' id='word_1_380' title='bbox 3769 2115 3950 2168; x_wconf 82' lang='lat' dir='ltr'><strong>xun,</strong></span> 
     </span>
     <span class='ocr_line' id='line_1_63' title="bbox 2414 2200 3957 2272; baseline -0.003 -1"><span class='ocrx_word' id='word_1_381' title='bbox 2414 2204 2491 2271; x_wconf 86' lang='lat'><strong>10</strong></span> <span class='ocrx_word' id='word_1_382' title='bbox 2546 2227 2561 2270; x_wconf 92' lang='lat'>:</span> <span class='ocrx_word' id='word_1_383' title='bbox 2649 2204 2996 2271; x_wconf 83' lang='lat' dir='ltr'><strong>Mundum</strong></span> <span class='ocrx_word' id='word_1_384' title='bbox 3063 2203 3477 2272; x_wconf 74' lang='lat' dir='ltr'><strong>illuminans</strong></span> <span class='ocrx_word' id='word_1_385' title='bbox 3542 2203 3614 2269; x_wconf 84' lang='lat' dir='ltr'><strong>in</strong></span> <span class='ocrx_word' id='word_1_386' title='bbox 3679 2200 3957 2268; x_wconf 76' lang='lat' dir='ltr'><strong>excelsis</strong></span> 
     </span>
     <span class='ocr_line' id='line_1_64' title="bbox 2404 2307 3958 2404; baseline -0.001 -26"><span class='ocrx_word' id='word_1_387' title='bbox 2404 2312 2763 2379; x_wconf 78' lang='lat' dir='ltr'><strong>Dominus.</strong></span> <span class='ocrx_word' id='word_1_388' title='bbox 2808 2311 3206 2380; x_wconf 89' lang='lat' dir='ltr'><strong>Luminaria</strong></span> <span class='ocrx_word' id='word_1_389' title='bbox 3234 2334 3509 2404; x_wconf 86' lang='lat' dir='ltr'><strong>magna,</strong></span> <span class='ocrx_word' id='word_1_390' title='bbox 3544 2307 3958 2377; x_wconf 83' lang='lat' dir='ltr'><strong>Praedicato-</strong></span> 
     </span>
     <span class='ocr_line' id='line_1_65' title="bbox 2411 2417 3960 2512; baseline -0.003 -24"><span class='ocrx_word' id='word_1_391' title='bbox 2411 2443 2516 2488; x_wconf 82' lang='lat' dir='ltr'><strong>res</strong></span> <span class='ocrx_word' id='word_1_392' title='bbox 2545 2430 2611 2488; x_wconf 82' lang='lat' dir='ltr'><strong>et</strong></span> <span class='ocrx_word' id='word_1_393' title='bbox 2643 2420 2997 2490; x_wconf 62' lang='lat' dir='ltr'><strong>Doctores„</strong></span> <span class='ocrx_word' id='word_1_394' title='bbox 3032 2421 3143 2489; x_wconf 81' lang='lat' dir='ltr'><strong>Ad</strong></span> <span class='ocrx_word' id='word_1_395' title='bbox 3183 2420 3431 2512; x_wconf 89' lang='lat' dir='ltr'><strong>Philip.</strong></span> <span class='ocrx_word' id='word_1_396' title='bbox 3468 2444 3541 2501; x_wconf 86' lang='lat'><strong>11,</strong></span> <span class='ocrx_word' id='word_1_397' title='bbox 3580 2422 3701 2489; x_wconf 80' lang='lat'><strong>15:</strong></span> <span class='ocrx_word' id='word_1_398' title='bbox 3772 2417 3960 2485; x_wconf 79' lang='lat' dir='ltr'><strong>Inter</strong></span> 
     </span>
     <span class='ocr_line' id='line_1_66' title="bbox 2407 2525 3948 2618; baseline -0.002 -24"><span class='ocrx_word' id='word_1_399' title='bbox 2407 2551 2579 2618; x_wconf 80' lang='lat' dir='ltr'><strong>quos</strong></span> <span class='ocrx_word' id='word_1_400' title='bbox 2620 2529 2887 2610; x_wconf 76' lang='lat' dir='ltr'><strong>lucetis,</strong></span> <span class='ocrx_word' id='word_1_401' title='bbox 2935 2530 3115 2597; x_wconf 78' lang='lat' dir='ltr'><strong>sicut</strong></span> <span class='ocrx_word' id='word_1_402' title='bbox 3147 2528 3530 2597; x_wconf 75' lang='lat' dir='ltr'><strong>luminaria</strong></span> <span class='ocrx_word' id='word_1_403' title='bbox 3562 2529 3633 2595; x_wconf 81' lang='lat' dir='ltr'><strong>in</strong></span> <span class='ocrx_word' id='word_1_404' title='bbox 3670 2525 3948 2594; x_wconf 80' lang='lat' dir='ltr'><strong>munde.</strong></span> 
     </span>
     <span class='ocr_line' id='line_1_67' title="bbox 2410 2634 3960 2716; baseline -0.001 -14"><span class='ocrx_word' id='word_1_405' title='bbox 2410 2635 2651 2704; x_wconf 83' lang='lat' dir='ltr'><strong>Matth.</strong></span> <span class='ocrx_word' id='word_1_406' title='bbox 2698 2661 2765 2716; x_wconf 78' lang='grc' dir='ltr'><strong>ν,</strong></span> <span class='ocrx_word' id='word_1_407' title='bbox 2799 2639 2921 2706; x_wconf 70' lang='grc'><strong>143</strong></span> <span class='ocrx_word' id='word_1_408' title='bbox 2990 2639 3113 2706; x_wconf 78' lang='lat' dir='ltr'><strong>Vos</strong></span> <span class='ocrx_word' id='word_1_409' title='bbox 3141 2639 3298 2706; x_wconf 80' lang='lat' dir='ltr'><strong>estis</strong></span> <span class='ocrx_word' id='word_1_410' title='bbox 3340 2638 3469 2705; x_wconf 68' lang='lat' dir='ltr'><strong>lua:</strong></span> <span class='ocrx_word' id='word_1_411' title='bbox 3498 2635 3764 2705; x_wconf 81' lang='lat' dir='ltr'><strong>mundi.</strong></span> <span class='ocrx_word' id='word_1_412' title='bbox 3798 2634 3960 2702; x_wconf 82' lang='lat' dir='ltr'><strong>Haec</strong></span> 
     </span>
     <span class='ocr_line' id='line_1_68' title="bbox 2409 2745 3958 2838; baseline 0 -27"><span class='ocrx_word' id='word_1_413' title='bbox 2409 2767 2549 2813; x_wconf 93' lang='lat' dir='ltr'><strong>non</strong></span> <span class='ocrx_word' id='word_1_414' title='bbox 2581 2758 2740 2814; x_wconf 89' lang='lat' dir='ltr'><strong>sunt</strong></span> <span class='ocrx_word' id='word_1_415' title='bbox 2761 2748 2888 2814; x_wconf 83' lang='lat' dir='ltr'><strong>sub</strong></span> <span class='ocrx_word' id='word_1_416' title='bbox 2929 2746 3161 2815; x_wconf 91' lang='lat' dir='ltr'><strong>modio</strong></span> <span class='ocrx_word' id='word_1_417' title='bbox 3202 2746 3615 2838; x_wconf 72' lang='lat' dir='ltr'><strong>cupiditatiS,</strong></span> <span class='ocrx_word' id='word_1_418' title='bbox 3657 2745 3764 2813; x_wconf 84' lang='lat' dir='ltr'><strong>vel</strong></span> <span class='ocrx_word' id='word_1_419' title='bbox 3809 2767 3958 2811; x_wconf 89' lang='lat' dir='ltr'><strong>car-</strong></span> 
     </span>
     <span class='ocr_line' id='line_1_69' title="bbox 2410 2851 3953 2945; baseline -0.001 -26"><span class='ocrx_word' id='word_1_420' title='bbox 2410 2852 2584 2919; x_wconf 82' lang='lat' dir='ltr'><strong>nalis</strong></span> <span class='ocrx_word' id='word_1_421' title='bbox 2624 2853 2997 2945; x_wconf 75' lang='lat' dir='ltr'><strong>voluptatis</strong></span> <span class='ocrx_word' id='word_1_422' title='bbox 3037 2853 3379 2945; x_wconf 89' lang='lat' dir='ltr'><strong>ponenda.</strong></span> <span class='ocrx_word' id='word_1_423' title='bbox 3430 2851 3669 2921; x_wconf 82' lang='lat' dir='ltr'><strong>Matth.</strong></span> <span class='ocrx_word' id='word_1_424' title='bbox 3712 2876 3783 2934; x_wconf 76' lang='lat' dir='ltr'><strong>v,</strong></span> <span class='ocrx_word' id='word_1_425' title='bbox 3821 2853 3900 2918; x_wconf 81' lang='grc'><strong>15</strong></span> <span class='ocrx_word' id='word_1_426' title='bbox 3936 2873 3953 2917; x_wconf 90' lang='lat'>:</span> 
     </span>
     <span class='ocr_line' id='line_1_70' title="bbox 2406 2961 3961 3053; baseline -0.003 -23"><span class='ocrx_word' id='word_1_427' title='bbox 2406 2964 2645 3053; x_wconf 79' lang='lat' dir='ltr'><strong>Neque</strong></span> <span class='ocrx_word' id='word_1_428' title='bbox 2681 2961 3065 3031; x_wconf 79' lang='lat' dir='ltr'><strong>accendunt</strong></span> <span class='ocrx_word' id='word_1_429' title='bbox 3122 2962 3502 3040; x_wconf 81' lang='lat' dir='ltr'><strong>lucernam,</strong></span> <span class='ocrx_word' id='word_1_430' title='bbox 3580 2970 3644 3029; x_wconf 78' lang='lat' dir='ltr'><strong>et</strong></span> <span class='ocrx_word' id='word_1_431' title='bbox 3690 2966 3961 3052; x_wconf 79' lang='lat' dir='ltr'><strong>ponunt</strong></span> 
     </span>
     <span class='ocr_line' id='line_1_71' title="bbox 2407 3066 3958 3160; baseline 0.001 -27"><span class='ocrx_word' id='word_1_432' title='bbox 2407 3093 2558 3136; x_wconf 79' lang='lat' dir='ltr'><strong>eam</strong></span> <span class='ocrx_word' id='word_1_433' title='bbox 2587 3068 2716 3137; x_wconf 80' lang='lat' dir='ltr'><strong>sub</strong></span> <span class='ocrx_word' id='word_1_434' title='bbox 2748 3070 3003 3149; x_wconf 77' lang='lat' dir='ltr'><strong>modio,</strong></span> <span class='ocrx_word' id='word_1_435' title='bbox 3038 3077 3168 3138; x_wconf 90' lang='lat' dir='ltr'><strong>etc.</strong></span> <span class='ocrx_word' id='word_1_436' title='bbox 3196 3082 3240 3136; x_wconf 85' lang='lat'><strong>¹.</strong></span> <span class='ocrx_word' id='word_1_437' title='bbox 3286 3069 3694 3160; x_wconf 80' lang='lat' dir='ltr'><strong>Gregorius:</strong></span> <span class='ocrx_word' id='word_1_438' title='bbox 3752 3095 3780 3130; x_wconf 77' lang='grc' dir='ltr'><strong>α</strong></span> <span class='ocrx_word' id='word_1_439' title='bbox 3813 3066 3958 3135; x_wconf 89' lang='lat' dir='ltr'><strong>Sub</strong></span> 
     </span>
     <span class='ocr_line' id='line_1_72' title="bbox 2406 3175 3960 3267; baseline 0.001 -27"><span class='ocrx_word' id='word_1_440' title='bbox 2406 3203 2441 3239; x_wconf 76' lang='grc' dir='ltr'><strong><em>α</em></strong></span> <span class='ocrx_word' id='word_1_441' title='bbox 2481 3176 2715 3243; x_wconf 88' lang='lat' dir='ltr'><strong>modio</strong></span> <span class='ocrx_word' id='word_1_442' title='bbox 2755 3197 3008 3267; x_wconf 88' lang='lat' dir='ltr'><strong>ponere</strong></span> <span class='ocrx_word' id='word_1_443' title='bbox 3072 3184 3176 3245; x_wconf 86' lang='lat' dir='ltr'><strong>est</strong></span> <span class='ocrx_word' id='word_1_444' title='bbox 3222 3175 3349 3245; x_wconf 91' lang='lat' dir='ltr'><strong>sub</strong></span> <span class='ocrx_word' id='word_1_445' title='bbox 3378 3175 3737 3266; x_wconf 88' lang='lat' dir='ltr'><strong>temporali</strong></span> <span class='ocrx_word' id='word_1_446' title='bbox 3764 3196 3960 3244; x_wconf 92' lang='lat' dir='ltr'><strong>com-</strong></span> 
     </span>
     <span class='ocr_line' id='line_1_73' title="bbox 2418 3281 3957 3375; baseline 0.001 -26"><span class='ocrx_word' id='word_1_447' title='bbox 2418 3313 2446 3347; x_wconf 78' lang='grc' dir='ltr'><strong>α</strong></span> <span class='ocrx_word' id='word_1_448' title='bbox 2479 3284 2686 3351; x_wconf 85' lang='lat' dir='ltr'><strong>modo</strong></span> <span class='ocrx_word' id='word_1_449' title='bbox 2717 3286 3008 3375; x_wconf 83' lang='lat' dir='ltr'><strong>gratiam</strong></span> <span class='ocrx_word' id='word_1_450' title='bbox 3051 3284 3552 3375; x_wconf 80' lang='lat' dir='ltr'><strong>praedicationis</strong></span> <span class='ocrx_word' id='word_1_451' title='bbox 3580 3281 3957 3352; x_wconf 87' lang='lat' dir='ltr'><strong>absconde-</strong></span> 
     </span>
     <span class='ocr_line' id='line_1_74' title="bbox 2411 3391 3957 3483; baseline 0.003 -29"><span class='ocrx_word' id='word_1_452' title='bbox 2411 3421 2441 3453; x_wconf 71' lang='lat'>«</span> <span class='ocrx_word' id='word_1_453' title='bbox 2477 3415 2572 3472; x_wconf 89' lang='lat' dir='ltr'><strong>re,</strong></span> <span class='ocrx_word' id='word_1_454' title='bbox 2635 3393 2819 3483; x_wconf 90' lang='lat' dir='ltr'><strong>quod</strong></span> <span class='ocrx_word' id='word_1_455' title='bbox 2876 3415 3080 3461; x_wconf 89' lang='lat' dir='ltr'><strong>nemo</strong></span> <span class='ocrx_word' id='word_1_456' title='bbox 3128 3391 3498 3462; x_wconf 89' lang='lat' dir='ltr'><strong>electorum</strong></span> <span class='ocrx_word' id='word_1_457' title='bbox 3556 3393 3794 3483; x_wconf 91' lang='lat' dir='ltr'><strong>utique</strong></span> <span class='ocrx_word' id='word_1_458' title='bbox 3847 3391 3957 3459; x_wconf 82' lang='lat' dir='ltr'><strong>fa-</strong></span> 
     </span>
     <span class='ocr_line' id='line_1_75' title="bbox 2406 3502 2678 3569; baseline 0.004 -5"><span class='ocrx_word' id='word_1_459' title='bbox 2406 3524 2439 3564; x_wconf 77' lang='lat'><strong>«</strong></span> <span class='ocrx_word' id='word_1_460' title='bbox 2479 3502 2595 3569; x_wconf 79' lang='lat' dir='ltr'><strong>cit.</strong></span> <span class='ocrx_word' id='word_1_461' title='bbox 2645 3527 2678 3565; x_wconf 68' lang='grc' dir='ltr'>ι</span> 
     </span>
    </p>
   </div>
   <div class='ocr_carea' id='block_1_15' title="bbox 2386 3824 3948 4763">
    <p class='ocr_par' dir='ltr' id='par_1_17' title="bbox 2394 3824 3948 4009">
     <span class='ocr_line' id='line_1_76' title="bbox 2491 3824 3948 3917; baseline 0.002 -28"><span class='ocrx_word' id='word_1_462' title='bbox 2491 3849 2525 3889; x_wconf 74' lang='grc' dir='ltr'>ι</span> <span class='ocrx_word' id='word_1_463' title='bbox 2574 3824 2813 3893; x_wconf 83' lang='lat' dir='ltr'><strong>Solem</strong></span> <span class='ocrx_word' id='word_1_464' title='bbox 2869 3826 2943 3892; x_wconf 77' lang='lat' dir='ltr'><strong>in</strong></span> <span class='ocrx_word' id='word_1_465' title='bbox 2990 3833 3422 3917; x_wconf 74' lang='lat' dir='ltr'><strong>potestatem.</strong></span> <span class='ocrx_word' id='word_1_466' title='bbox 3451 3851 3487 3887; x_wconf 74' lang='grc' dir='ltr'><strong>ι»</strong></span> <span class='ocrx_word' id='word_1_467' title='bbox 3553 3824 3683 3894; x_wconf 85' lang='lat' dir='ltr'><strong>Hic</strong></span> <span class='ocrx_word' id='word_1_468' title='bbox 3712 3832 3948 3894; x_wconf 88' lang='lat' dir='ltr'><strong>osten-</strong></span> 
     </span>
     <span class='ocr_line' id='line_1_77' title="bbox 2394 3930 3939 4009; baseline 0.001 -11"><span class='ocrx_word' id='word_1_469' title='bbox 2394 3930 2581 3999; x_wconf 87' lang='lat' dir='ltr'><strong>ditur</strong></span> <span class='ocrx_word' id='word_1_470' title='bbox 2607 3941 2675 4000; x_wconf 92' lang='lat' dir='ltr'><strong>et</strong></span> <span class='ocrx_word' id='word_1_471' title='bbox 2704 3931 3049 4001; x_wconf 86' lang='lat' dir='ltr'><strong>distinctio</strong></span> <span class='ocrx_word' id='word_1_472' title='bbox 3078 3931 3538 4009; x_wconf 87' lang='lat' dir='ltr'><strong>conditorum,</strong></span> <span class='ocrx_word' id='word_1_473' title='bbox 3562 3939 3632 4001; x_wconf 89' lang='lat' dir='ltr'><strong>et</strong></span> <span class='ocrx_word' id='word_1_474' title='bbox 3659 3930 3939 4001; x_wconf 78' lang='lat' dir='ltr'><strong>fructus.</strong></span> 
     </span>
    </p>

    <p class='ocr_par' dir='ltr' id='par_1_18' title="bbox 2386 4038 3948 4763">
     <span class='ocr_line' id='line_1_78' title="bbox 2483 4038 3948 4120; baseline 0.001 -13"><span class='ocrx_word' id='word_1_475' title='bbox 2483 4039 2698 4119; x_wconf 85' lang='lat' dir='ltr'><strong>Quasi</strong></span> <span class='ocrx_word' id='word_1_476' title='bbox 2728 4040 3043 4109; x_wconf 87' lang='lat' dir='ltr'><strong>diceret:</strong></span> <span class='ocrx_word' id='word_1_477' title='bbox 3099 4038 3216 4110; x_wconf 91' lang='lat' dir='ltr'><strong>Sic</strong></span> <span class='ocrx_word' id='word_1_478' title='bbox 3279 4040 3459 4120; x_wconf 80' lang='lat' dir='ltr'><strong>fecit,</strong></span> <span class='ocrx_word' id='word_1_479' title='bbox 3493 4039 3672 4108; x_wconf 89' lang='lat' dir='ltr'><strong>unde</strong></span> <span class='ocrx_word' id='word_1_480' title='bbox 3726 4042 3948 4110; x_wconf 80' lang='lat' dir='ltr'><strong>confl-</strong></span> 
     </span>
     <span class='ocr_line' id='line_1_79' title="bbox 2392 4144 3946 4227; baseline 0.003 -15"><span class='ocrx_word' id='word_1_481' title='bbox 2392 4144 2704 4227; x_wconf 89' lang='lat' dir='ltr'><strong>tendum,</strong></span> <span class='ocrx_word' id='word_1_482' title='bbox 2763 4169 2922 4215; x_wconf 91' lang='lat' dir='ltr'><strong>cum</strong></span> <span class='ocrx_word' id='word_1_483' title='bbox 2989 4146 3357 4217; x_wconf 84' lang='lat' dir='ltr'><strong>luminaria</strong></span> <span class='ocrx_word' id='word_1_484' title='bbox 3410 4145 3715 4217; x_wconf 89' lang='lat' dir='ltr'><strong>condidit</strong></span> <span class='ocrx_word' id='word_1_485' title='bbox 3782 4169 3799 4214; x_wconf 73' lang='grc' dir='ltr'>ε</span> <span class='ocrx_word' id='word_1_486' title='bbox 3877 4157 3946 4217; x_wconf 90' lang='lat' dir='ltr'><strong>et</strong></span> 
     </span>
     <span class='ocr_line' id='line_1_80' title="bbox 2393 4252 3940 4346; baseline 0 -25"><span class='ocrx_word' id='word_1_487' title='bbox 2393 4252 2601 4321; x_wconf 86' lang='lat' dir='ltr'><strong>etiam</strong></span> <span class='ocrx_word' id='word_1_488' title='bbox 2670 4254 2830 4346; x_wconf 88' lang='lat' dir='ltr'><strong>quia</strong></span> <span class='ocrx_word' id='word_1_489' title='bbox 2894 4253 3054 4324; x_wconf 69' lang='lat' dir='ltr'><strong>fecit</strong></span> <span class='ocrx_word' id='word_1_490' title='bbox 3093 4252 3373 4323; x_wconf 76' lang='lat' dir='ltr'><strong>«solem</strong></span> <span class='ocrx_word' id='word_1_491' title='bbox 3429 4255 3501 4321; x_wconf 77' lang='lat' dir='ltr'><strong>in</strong></span> <span class='ocrx_word' id='word_1_492' title='bbox 3534 4262 3940 4345; x_wconf 77' lang='lat' dir='ltr'><strong>potestatem</strong></span> 
     </span>
     <span class='ocr_line' id='line_1_81' title="bbox 2389 4356 3945 4451; baseline 0.003 -28"><span class='ocrx_word' id='word_1_493' title='bbox 2389 4356 2554 4438; x_wconf 77' lang='lat' dir='ltr'><strong>diei,</strong></span> <span class='ocrx_word' id='word_1_494' title='bbox 2592 4383 2624 4422; x_wconf 60' lang='grc' dir='ltr'><strong><em>υ</em></strong></span> <span class='ocrx_word' id='word_1_495' title='bbox 2660 4358 2745 4426; x_wconf 89' lang='lat' dir='ltr'><strong>ad</strong></span> <span class='ocrx_word' id='word_1_496' title='bbox 2786 4357 3309 4429; x_wconf 87' lang='lat' dir='ltr'><strong>discernendum</strong></span> <span class='ocrx_word' id='word_1_497' title='bbox 3349 4380 3481 4437; x_wconf 80' lang='lat' dir='ltr'><strong>res,</strong></span> <span class='ocrx_word' id='word_1_498' title='bbox 3550 4365 3618 4426; x_wconf 88' lang='lat' dir='ltr'><strong>et</strong></span> <span class='ocrx_word' id='word_1_499' title='bbox 3680 4380 3945 4451; x_wconf 81' lang='lat' dir='ltr'><strong>cogno-</strong></span> 
     </span>
     <span class='ocr_line' id='line_1_82' title="bbox 2387 4464 3943 4548; baseline 0.001 -14"><span class='ocrx_word' id='word_1_500' title='bbox 2387 4467 2743 4548; x_wconf 82' lang='lat' dir='ltr'><strong>scendum,</strong></span> <span class='ocrx_word' id='word_1_501' title='bbox 2767 4467 2853 4535; x_wconf 89' lang='lat' dir='ltr'><strong>ad</strong></span> <span class='ocrx_word' id='word_1_502' title='bbox 2891 4466 3190 4539; x_wconf 88' lang='lat' dir='ltr'><strong>calorem</strong></span> <span class='ocrx_word' id='word_1_503' title='bbox 3221 4464 3673 4546; x_wconf 80' lang='lat' dir='ltr'><strong>innuendum.</strong></span> <span class='ocrx_word' id='word_1_504' title='bbox 3705 4465 3792 4535; x_wconf 87' lang='lat' dir='ltr'><strong>ad</strong></span> <span class='ocrx_word' id='word_1_505' title='bbox 3832 4474 3943 4536; x_wconf 86' lang='lat' dir='ltr'><strong>at-</strong></span> 
     </span>
     <span class='ocr_line' id='line_1_83' title="bbox 2388 4571 3935 4666; baseline 0.001 -27"><span class='ocrx_word' id='word_1_506' title='bbox 2388 4572 2802 4642; x_wconf 85' lang='lat' dir='ltr'><strong>trahendum</strong></span> <span class='ocrx_word' id='word_1_507' title='bbox 2866 4597 3184 4666; x_wconf 83' lang='lat' dir='ltr'><strong>vapores,</strong></span> <span class='ocrx_word' id='word_1_508' title='bbox 3278 4572 3362 4641; x_wconf 89' lang='lat' dir='ltr'><strong>ad</strong></span> <span class='ocrx_word' id='word_1_509' title='bbox 3455 4571 3935 4642; x_wconf 87' lang='lat' dir='ltr'><strong>desiccandum</strong></span> 
     </span>
     <span class='ocr_line' id='line_1_84' title="bbox 2386 4680 3507 4763; baseline -0.002 -13"><span class='ocrx_word' id='word_1_510' title='bbox 2386 4681 2649 4763; x_wconf 89' lang='lat' dir='ltr'><strong>mollia,</strong></span> <span class='ocrx_word' id='word_1_511' title='bbox 2683 4681 2770 4750; x_wconf 87' lang='lat' dir='ltr'><strong>ad</strong></span> <span class='ocrx_word' id='word_1_512' title='bbox 2809 4680 3269 4751; x_wconf 82' lang='lat' dir='ltr'><strong>indurandum</strong></span> <span class='ocrx_word' id='word_1_513' title='bbox 3299 4681 3507 4750; x_wconf 83' lang='lat' dir='ltr'><strong>fluxa.</strong></span> 
     </span>
    </p>
   </div>
   <div class='ocr_carea' id='block_1_16' title="bbox 2386 5010 3940 5430">
    <p class='ocr_par' dir='ltr' id='par_1_19' title="bbox 2386 5010 3940 5430">
     <span class='ocr_line' id='line_1_85' title="bbox 2480 5010 3931 5104; baseline 0 -24"><span class='ocrx_word' id='word_1_514' title='bbox 2480 5041 2512 5080; x_wconf 74' lang='grc' dir='ltr'>ι</span> <span class='ocrx_word' id='word_1_515' title='bbox 2547 5018 2820 5083; x_wconf 82' lang='lat' dir='ltr'><strong>Lunam</strong></span> <span class='ocrx_word' id='word_1_516' title='bbox 2857 5023 2923 5082; x_wconf 81' lang='lat' dir='ltr'><strong>ee</strong></span> <span class='ocrx_word' id='word_1_517' title='bbox 2954 5011 3219 5083; x_wconf 78' lang='lat' dir='ltr'><strong>stellas.</strong></span> <span class='ocrx_word' id='word_1_518' title='bbox 3269 5037 3303 5078; x_wconf 70' lang='grc' dir='ltr'>ι</span> <span class='ocrx_word' id='word_1_519' title='bbox 3347 5010 3601 5104; x_wconf 81' lang='lat' dir='ltr'><strong>Repete</strong></span> <span class='ocrx_word' id='word_1_520' title='bbox 3624 5032 3931 5103; x_wconf 83' lang='lat' dir='ltr'><strong>semper:</strong></span> 
     </span>
     <span class='ocr_line' id='line_1_86' title="bbox 2386 5117 3939 5214; baseline -0.005 -22"><span class='ocrx_word' id='word_1_521' title='bbox 2386 5122 2828 5192; x_wconf 76' lang='lat' dir='ltr'><strong>confitemini</strong></span> <span class='ocrx_word' id='word_1_522' title='bbox 2851 5122 2947 5190; x_wconf 89' lang='lat' dir='ltr'><strong>illi</strong></span> <span class='ocrx_word' id='word_1_523' title='bbox 2990 5122 3107 5214; x_wconf 85' lang='lat' dir='ltr'><strong>qui</strong></span> <span class='ocrx_word' id='word_1_524' title='bbox 3136 5118 3321 5201; x_wconf 72' lang='lat' dir='ltr'><strong>fecit,</strong></span> <span class='ocrx_word' id='word_1_525' title='bbox 3356 5144 3393 5186; x_wconf 68' lang='grc' dir='ltr'>ι</span> <span class='ocrx_word' id='word_1_526' title='bbox 3420 5118 3664 5188; x_wconf 78' lang='lat' dir='ltr'><strong>lunam</strong></span> <span class='ocrx_word' id='word_1_527' title='bbox 3690 5127 3756 5186; x_wconf 79' lang='lat' dir='ltr'><strong>et</strong></span> <span class='ocrx_word' id='word_1_528' title='bbox 3777 5117 3939 5187; x_wconf 76' lang='lat' dir='ltr'><strong>stel-</strong></span> 
     </span>
     <span class='ocr_line' id='line_1_87' title="bbox 2391 5228 3939 5324; baseline -0.005 -22"><span class='ocrx_word' id='word_1_529' title='bbox 2391 5233 2498 5302; x_wconf 82' lang='lat' dir='ltr'><strong>las</strong></span> <span class='ocrx_word' id='word_1_530' title='bbox 2538 5235 2608 5301; x_wconf 80' lang='lat' dir='ltr'><strong>in</strong></span> <span class='ocrx_word' id='word_1_531' title='bbox 2637 5242 3048 5324; x_wconf 78' lang='lat' dir='ltr'><strong>potestatem</strong></span> <span class='ocrx_word' id='word_1_532' title='bbox 3078 5230 3322 5312; x_wconf 74' lang='lat' dir='ltr'><strong>noctis,</strong></span> <span class='ocrx_word' id='word_1_533' title='bbox 3359 5255 3394 5296; x_wconf 82' lang='grc' dir='ltr'><strong>ιι</strong></span> <span class='ocrx_word' id='word_1_534' title='bbox 3418 5238 3492 5297; x_wconf 92' lang='lat' dir='ltr'><strong>ut</strong></span> <span class='ocrx_word' id='word_1_535' title='bbox 3524 5228 3741 5320; x_wconf 88' lang='lat' dir='ltr'><strong>ipsam</strong></span> <span class='ocrx_word' id='word_1_536' title='bbox 3772 5248 3939 5317; x_wconf 89' lang='lat' dir='ltr'><strong>pos-</strong></span> 
     </span>
     <span class='ocr_line' id='line_1_88' title="bbox 2388 5333 3940 5430; baseline -0.005 -20"><span class='ocrx_word' id='word_1_537' title='bbox 2388 5342 2524 5410; x_wconf 84' lang='lat' dir='ltr'><strong>sint</strong></span> <span class='ocrx_word' id='word_1_538' title='bbox 2555 5340 2944 5409; x_wconf 87' lang='lat' dir='ltr'><strong>illuminare</strong></span> <span class='ocrx_word' id='word_1_539' title='bbox 2973 5361 3097 5430; x_wconf 91' lang='lat' dir='ltr'><strong>pro</strong></span> <span class='ocrx_word' id='word_1_540' title='bbox 3124 5336 3408 5408; x_wconf 89' lang='lat' dir='ltr'><strong>modulo</strong></span> <span class='ocrx_word' id='word_1_541' title='bbox 3444 5358 3597 5421; x_wconf 87' lang='lat' dir='ltr'><strong>suo,</strong></span> <span class='ocrx_word' id='word_1_542' title='bbox 3658 5333 3832 5405; x_wconf 88' lang='lat' dir='ltr'><strong>sicut</strong></span> <span class='ocrx_word' id='word_1_543' title='bbox 3872 5342 3940 5403; x_wconf 89' lang='lat' dir='ltr'><strong>et</strong></span> 
     </span>
    </p>
   </div>
   <div class='ocr_carea' id='block_1_17' title="bbox 2387 5443 3943 5536">
    <p class='ocr_par' dir='ltr' id='par_1_20' title="bbox 2387 5443 3943 5536">
     <span class='ocr_line' id='line_1_89' title="bbox 2387 5443 3943 5536; baseline -0.005 -17"><span class='ocrx_word' id='word_1_544' title='bbox 2387 5451 2494 5519; x_wconf 86' lang='lat' dir='ltr'><strong>sol</strong></span> <span class='ocrx_word' id='word_1_545' title='bbox 2532 5450 2604 5520; x_wconf 89' lang='lat' dir='ltr'><strong>in</strong></span> <span class='ocrx_word' id='word_1_546' title='bbox 2632 5449 2765 5519; x_wconf 88' lang='lat' dir='ltr'><strong>die.</strong></span> <span class='ocrx_word' id='word_1_547' title='bbox 2815 5447 3070 5518; x_wconf 87' lang='lat' dir='ltr'><strong>Jerem.</strong></span> <span class='ocrx_word' id='word_1_548' title='bbox 3111 5469 3308 5536; x_wconf 74' lang='lat' dir='ltr'><strong>xxxi,</strong></span> <span class='ocrx_word' id='word_1_549' title='bbox 3347 5447 3481 5517; x_wconf 73' lang='lat'><strong>35:</strong></span> <span class='ocrx_word' id='word_1_550' title='bbox 3517 5444 3658 5530; x_wconf 70' lang='lat' dir='ltr'><strong>Qua·</strong></span> <span class='ocrx_word' id='word_1_551' title='bbox 3692 5443 3816 5513; x_wconf 77' lang='lat' dir='ltr'><strong>dat</strong></span> <span class='ocrx_word' id='word_1_552' title='bbox 3836 5466 3943 5511; x_wconf 84' lang='lat' dir='ltr'><strong>so-</strong></span> 
     </span>
    </p>
   </div>
  </div>
 </body>
</html>
