5008 6329
2522 108 2938 177 PSALMUS
2991 109 3166 177 Clll.
4369 109 4444 172 31

1216 296 1548 376 paratum
1595 284 1781 351 vobis
1836 307 2124 374 reqnum
2181 309 2224 352 α
2289 287 2772 352 constitutione
2884 280 3192 348 nedictus
3237 304 3356 369 pet·
3396 278 3659 345 infinita
3707 274 3953 343 saecula
4005 276 4439 345 saeculorum.

1220 391 1483 457 mundi.
1529 389 1726 469 Quod
1755 391 1954 458 nobis
1986 399 2282 482 praestet,
2314 393 2428 483 qui
2484 399 2585 459 est
2646 388 2770 456 be-

2881 388 3129 456 Amen.

2479 831 2943 919 PSALMUS
2977 831 3184 903 (2111.

1681 1172 2209 1245 Benedicendus
2245 1176 2439 1244 Deus
2468 1183 2776 1266 propter
2804 1173 2958 1258 ejus
3004 1195 3222 1264 opera
3257 1183 3326 1242 et
3351 1172 3924 1265 providentiam.

1279 1552 1333 1588 ι.
1387 1523 1541 1612 Ipsi
1568 1523 1833 1596 David.

1402 1631 1736 1716 Benedic,
1769 1634 2012 1703 amina
2051 1635 2592 1716 mea‚Domino.
2635 1637 2773 1704 Do·

1486 1738 1680 1809 mine
1740 1741 1935 1810 Deus
1979 1763 2212 1822 meus,
2267 1742 2769 1835 magnificatus

1491 1866 1569 1915 es
1601 1848 2088 1920 vehementer.

1407 1949 1959 2023 Confessionem
2071 1973 2140 2024 et
2232 1957 2570 2028 decorem
2665 1958 2775 2028 in-

1495 2058 1743 2139 duisti‚

1277 2186 1344 2233 2.
1396 2165 1731 2235 Amictus
1760 2167 2037 2238 lumine
2067 2170 2254 2239 sicut
2311 2170 2772 2241 vestimento.

1408 2272 1825 2343 Extendens
1891 2277 2161 2345 coelum
2238 2276 2424 2346 sicut
2484 2278 2773 2367 pellem,

1270 2377 1338 2446 3.
1393 2376 1541 2468 Qui
1584 2379 1762 2470 tegis
1791 2382 2004 2471 aquis
2042 2383 2415 2475 superiora
2465 2384 2620 2473 ejus
2663 2403 2682 2454 ε

1404 2483 1552 2574 Qui
1581 2487 1792 2576 ponis
1814 2488 2087 2558 nubem
2106 2510 2491 2560 ascensum
2535 2510 2770 2568 tuum,

1493 2594 1617 2685 qui
1652 2597 1986 2667 ambulas
2029 2619 2251 2689 super
2291 2620 2565 2690 pennas
2606 2621 2776 2669 ven·

1497 2719 1738 2772 torum
1773 2725 1790 2771 :

1267 2831 1339 2893 4.
1394 2805 1543 2897 Qui
1588 2807 1760 2878 sacis
1809 2812 2108 2903 angelos
2185 2830 2354 2882 tuos
2438 2810 2771 2905 spiritus,

1492 2936 1561 2986 et
1632 2917 2012 2990 ministros
2062 2938 2229 2991 tuos
2268 2920 2513 3015 ignem
2561 2943 2778 2992 uren·

1497 3042 1639 3094 tem
1671 3042 1717 3094 ¹.

1278 3133 1346 3202 5.
1400 3128 1546 3221 Qui
1595 3131 1915 3204 fundasti
1969 3152 2235 3208 terram
2278 3159 2499 3231 super
2553 3138 2777 3209 stabi·

1498 3235 1773 3306 litatem
1834 3261 2072 3323 suam,
2170 3263 2321 3312 non
2393 3243 2781 3314 inclinabi·-

1498 3342 1717 3413 turin
1750 3347 2100 3417 saeculum
2141 3349 2416 3418 saeculi.

1267 3450 1339 3520 6.
1386 3450 1716 3541 Abyssus
1764 3454 1953 3523 sicut
2021 3454 2544 3527 vestimentum
2595 3458 2776 3528 ami·

1495 3576 1653 3628 ctus
1683 3557 1839 3647 ejus
1872 3582 1889 3628 ε
1928 3584 2148 3654 super
2177 3584 2464 3636 montes
2481 3565 2779 3637 stabunt

1498 3688 1731 3759 aquae.

1278 3801 1346 3870 7.
1398 3776 1516 3848 Ab
1580 3776 2069 3871 increpatione
2160 3800 2283 3853 tua
2364 3784 2667 3878 fugient.
2740 3809 2782 3858 a

1503 3905 1674 3954 voce
1732 3885 2033 3957 tonitrui
2097 3889 2201 3960 tui
2251 3890 2779 3965 formidabunt.

1276 3991 1347 4061 8.
1400 3991 1824 4064 Ascendunt
1862 4013 2175 4078 montes,
2207 4014 2279 4068 et
2329 3998 2781 4073 descendunt

1500 4100 1733 4192 campi
1801 4100 1873 4171 in
1924 4101 2169 4175 locum
2236 4127 2460 4198 quem
2524 4107 2788 4182 sunda-

1500 4224 1594 4276 stt
1627 4226 1760 4276 ets.

1275 4334 1349 4406 9.
1397 4310 1833 4386 ‘ferminum
1909 4316 2220 4409 posuisti
2317 4341 2540 4414 quem
2634 4345 2782 4396 non

1499 4422 2171 4516 transgredientur:
2215 4448 2453 4522 neque
2489 4450 2788 4503 conver·

1503 4543 1746 4600 tentur
1773 4530 2059 4624 operire
2091 4549 2383 4607 terram.

1247 4653 1356 4701 to.
1406 4630 1556 4723 Qui
1588 4634 1862 4707 emittis
1894 4637 2126 4711 sontes
2157 4640 2231 4712 in
2267 4642 2723 4717 convallibus
2757 4666 2777 4714 ε

1500 4739 1690 4812 inter
1772 4744 2101 4818 medium
2171 4748 2539 4823 montium
2616 4772 2784 4845 per-

1500 4846 1914 4922 transibunt
1950 4873 2185 4946 aquae.

1240 4978 1350 5025 ιι.
1404 4954 1769 5029 Potabunt
1857 4979 2108 5032 omnes
2192 4963 2443 5036 bestiae
2507 4969 2658 5063 agri
2756 4989 2775 5037 z

1499 5065 2013 5158 exspectabunt
2050 5072 2300 5162 onagri
2349 5072 2419 5142 in
2456 5073 2577 5145 siti
2618 5098 2774 5147 sua.

1241 5188 1348 5238 12.
1384 5165 1623 5262 Super
1644 5193 1726 5242 ea
1746 5174 2077 5247 volucres
2106 5176 2270 5248 coeli
2292 5177 2722 5256 habitabunt
2756 5206 2776 5256 t

1307 5414 1326 5451 ¹
1370 5412 1454 5470 Ad
1480 5413 1655 5474 Helm
1690 5433 1732 5484 1.
1764 5422 1816 5475 ῗ.

3152 1524 3240 1593 de
3273 1524 3516 1594 medio
3568 1540 3933 1614 petrarum
3986 1522 4264 1590 dabunt
4316 1542 4443 1589 vo·

3150 1653 3298 1702 ces.

2893 1741 2999 1808 13.
3060 1740 3333 1829 Rigans
3410 1756 3698 1807 montes
3764 1737 3853 1806 de
3932 1734 4437 1826 superioribus

3151 1846 3307 1914 suis
3342 1868 3358 1914 :
3401 1844 3758 1915 defructu
3798 1865 4102 1934 operum
4143 1862 4441 1912 tuorum

3152 1953 3539 2022 satiabitur
3578 1970 3767 2022 terra

2894 2084 3000 2149 ¹4·
3061 2063 3483 2132 Producens
3557 2063 3837 2130 foenum
3925 2060 4298 2149 jumentis,
4372 2076 4443 2127 et

3156 2169 3457 2238 herbam
3501 2167 3832 2237 servituti
3867 2166 4256 2235 hominum
4302 2188 4316 2232 :

3070 2279 3169 2350 Ut
3200 2278 3469 2346 educas
3503 2297 3761 2367 panem
3816 2276 3905 2345 de
3946 2294 4160 2354 terra,

2898 2389 3004 2453 15.
3056 2384 3145 2453 Et
3180 2385 3433 2453 vinum
3470 2382 3776 2452 laetificet
3820 2403 3943 2450 cor
3981 2380 4344 2451 hominis:

3072 2492 3168 2564 Ut
3200 2491 3546 2562 exhilaret
3579 2490 3832 2561 faciem
3867 2491 3935 2560 in
3970 2491 4162 2572 olco,
4223 2507 4293 2558 ct
4327 2510 4449 2580 pa-

3158 2600 3273 2668 nis
3309 2621 3436 2669 cor
3459 2598 3780 2668 hominis
3809 2598 4214 2668 confirmet.

2898 2706 3003 2774 16.
3059 2703 3600 2774 Saturabuntur
3649 2702 3839 2794 ligna
3894 2700 4158 2793 campi.
4203 2718 4274 2770 et
4318 2722 4440 2769 ce-

3151 2812 3261 2881 dri
3304 2811 3555 2880 Libani
3593 2832 3775 2902 quas
3827 2809 4176 2902 plantavit
4212 2831 4228 2875 ε

2898 2942 3005 3011 17.
3061 2919 3215 2988 Illic
3256 2940 3583 3011 passeres
3616 2918 4119 2995 nidificabunt.

3073 3025 3378 3096 Herodii
3447 3025 3714 3096 domus
3771 3025 3915 3094 dux
3954 3041 4063 3094 est
4103 3044 4361 3093 eorum
4424 3045 4440 3090 :

2898 3138 3005 3208 18.
3045 3136 3333 3207 Montes
3373 3136 3629 3207 excelsi
3671 3134 3928 3218 cervis,
3999 3154 4202 3228 petra
4251 3132 4445 3203 refu-

3160 3245 3363 3335 gium
3399 3243 3811 3315 herinaciis.

2902 3375 3009 3445 ¹9·
3070 3354 3267 3423 Fecit
3299 3354 3548 3423 lunam
3582 3352 3653 3423 in
3689 3369 4017 3443 tempora

3161 3459 3412 3552 gnovit
3444 3480 3787 3530 occasum
3828 3478 4072 3529 suum.

2896 3590 3014 3639 20.
3074 3567 3399 3638 Posuisti
3436 3566 3797 3649 tenebras,
3822 3586 3890 3635 et
3924 3566 4100 3634 sacta
4124 3582 4234 3634 est
4265 3583 4450 3633 nox:

3165 3674 3237 3744 in
3264 3673 3420 3767 ipsa
3445 3671 3993 3766 pertransibunt
4040 3691 4302 3741 omnes
4334 3669 4457 3739 be·

3162 3782 3322 3852 stioe
3351 3782 3552 3852 silvae
3606 3803 3623 3849 τ

2896 3911 3010 3960 21.
3065 3888 3307 3961 Catuli
3388 3890 3682 3960 leonum
3755 3885 4121 3979 rugientes
4200 3900 4280 3953 ut
4339 3904 4454 3953 ra·

3161 3995 3388 4089 piant,
3431 4014 3502 4066 et
3550 4010 3881 4088 quaerant
3937 4015 3978 4062 a
4022 3992 4175 4062 Deo
4213 4010 4457 4061 escam

3161 4105 3331 4177 sibi.

2896 4235 3013 4286 22.
3064 4212 3301 4287 Ortus
3347 4230 3459 4284 est
3507 4212 3644 4295 sol,
3678 4227 3750 4282 et
3799 4206 4214 4301 congregati
4257 4223 4458 4289 sunt,

3168 4340 3239 4393 et
3334 4319 3406 4392 in
3494 4319 3864 4392 cubilibus
3920 4316 4074 4389 suis
4149 4315 4462 4387 colloca·

3161 4430 3460 4502 buntur.

2895 4540 3015 4610 23.
3071 4535 3318 4609 Exibit
3373 4535 3597 4608 homo
3652 4535 3742 4607 ad
3801 4554 3989 4627 opus
4036 4551 4286 4610 suum,
4391 4545 4462 4599 et

3162 4644 3254 4716 ad
3303 4640 3810 4738 operationem
3849 4659 4060 4712 suam
4091 4657 4328 4731 usque
4364 4635 4455 4707 ad

3162 4770 3583 4846 vesperum.

2900 4880 3018 4947 ²4·
3069 4856 3319 4949 Quam
3368 4855 3832 4950 magnificata
3850 4871 4022 4926 sunt
4052 4872 4274 4945 opera
4305 4868 4457 4935 tua,

3170 4962 3521 5035 Domine!
3563 4961 3814 5033 omnia
3864 4960 3934 5033 in
3969 4957 4323 5053 sapientia
4356 4957 4463 5028 se-

3163 5071 3326 5144 cisti
3363 5091 3383 5143 t
3420 5071 3717 5164 impleta
3773 5087 3881 5141 est
3931 5086 4119 5140 terra
4165 5086 4462 5160 posses-

3166 5179 3375 5252 sione
3420 5197 3569 5251 tua.

4082 3372 4099 3417 :
4152 3349 4262 3419 sol
4325 3369 4455 3418 co-
