5008 6329
686 2077 993 2188 „imita

1802 396 2510 467 COMMENTARIUS
2560 396 2655 463 IN
2702 395 3143 465 PSALMUM
3193 393 3494 464 CXLIII.

1377 884 1471 950 IN
1511 880 1811 949 PSALM
1823 881 1875 949 U
1883 882 1948 948 M
1989 881 2258 949 CXLIII

1543 1118 2072 1166 COMMENTARIUS·

1173 1446 1208 1487 a
1251 1420 1577 1488 Psalmus
1608 1423 1865 1505 David,
1899 1423 1997 1491 ad
2027 1424 2301 1493 Goliam
2331 1444 2374 1492 ¹.
2422 1451 2453 1485 υ

1131 1764 1162 1804 α
1207 1739 1610 1807 Benedictus
1663 1741 2002 1808 Dominus
2053 1743 2238 1809 Deus
2295 1764 2500 1812 metis.
2542 1769 2574 1804 »

1039 1849 1167 1916 llic
1214 1858 1317 1916 est
1354 1848 1668 1916 Psalmus
1698 1851 2104 1920 centesimus
2143 1853 2582 1944 quadragesi-

1041 1982 1194 2027 mus
1251 1962 1511 2028 tertius,
1573 1959 1944 2052 Postquam
1998 1963 2177 2029 enim
2229 1964 2458 2054 petivit
2499 1965 2582 2031 ab

1042 2066 1335 2134 inimicis
1365 2067 1662 2149 liberari,
1699 2077 1763 2136 et
1792 2067 1996 2136 simul
2027 2070 2111 2136 ab
2143 2071 2483 2150 omnibuS‚
2518 2080 2583 2139 et

685 2165 1012 2285 &mg-⁵5²¹&
1041 2176 1388 2267 sigillatim
1439 2187 1504 2247 et
1559 2180 1828 2246 divisim
1897 2179 1982 2247 ab
2035 2204 2446 2273 unoquoque
2510 2183 2579 2249 in

837 2240 1010 2284 mmm

756 2292 940 2341 vicerit.

1039 2294 1334 2374 quatuor
1356 2286 1885 2376 praecedentibus
1921 2288 2229 2362 Psalmis.
2265 2289 2371 2357 hic
2415 2291 2581 2380 petit

1039 2394 1399 2485 figuratam
1445 2396 1916 2465 liberationem
1963 2397 2336 2488 adimpleri,
2373 2422 2582 2490 agens

1033 2504 1288 2595 gratias
1321 2527 1439 2595 pro
1473 2503 1711 2595 figura.

1129 2609 1495 2679 Sciendum
1525 2613 1737 2690 enim,
1781 2614 1965 2704 quod
2005 2616 2071 2681 in
2116 2615 2229 2682 illa
2267 2617 2574 2694 victoria,

1028 2741 1167 2809 qua
1199 2718 1447 2787 devicit
1497 2719 1714 2787 David
1766 2721 2039 2788 Goliatli
2067 2725 2113 2802 ²,
2151 2724 2215 2789 in
2257 2721 2487 2802 sunda,
2512 2731 2575 2790 et

1029 2826 1276 2916 lapide,
1320 2838 1386 2896 et
1424 2828 1482 2896 ei
1524 2838 1726 2918 caput
1770 2831 2043 2920 proprio
2071 2828 2295 2920 gladio
2338 2855 2576 2922 ampu-

1031 2936 1222 3015 tavit,
1291 2935 1652 3027 figuratam
1719 2937 2048 3006 intellexit
2100 2939 2455 3007 victoriani
2489 2939 2571 3007 de

1015 3039 1290 3110 diabolo
1315 3065 1433 3132 per
1461 3042 1806 3112 Christum
1841 3045 2111 3114 laetam.
2146 3047 2373 3138 Agens
2407 3071 2570 3138 ergo

1015 3151 1268 3241 gratias
1337 3175 1456 3241 pro
1503 3151 1721 3242 ligura
1771 3153 1916 3242 jam
1968 3153 2359 3245 adimpleta,
2404 3157 2569 3246 petit

1015 3259 1373 3351 adimpleri
1409 3262 1765 3352 figuratam
1803 3263 1868 3329 in
1900 3286 1978 3331 ea
2000 3266 2383 3344 veritatem,
2415 3287 2570 3354 pro-

1014 3367 1346 3435 mittendo
1415 3366 1684 3436 laudem
1748 3393 1902 3437 cum
1947 3369 2201 3451 tax-titia,
2250 3374 2304 3438 si
2366 3373 2563 3440 fuerit

1008 3477 1388 3545 exauditus,
1431 3476 1510 3544 Et
1545 3486 1727 3568 patet
1767 3478 2004 3546 titulus
2044 3502 2124 3545 ex
2147 3480 2287 3566 jam
2321 3479 2557 3548 dictis:

1008 3586 1105 3653 sic
1153 3585 1338 3653 enim
1398 3583 1643 3655 habet:
1715 3616 1746 3648 α
1787 3586 2118 3654 I'salnms
2162 3586 2416 3663 David,
2469 3587 2567 3655 ad

1080 3880 1097 3917 ¹
1134 3880 1280 3956 vulg
1342 3880 1543 3944 habet,
1595 3879 1848 3937 Psalmus
1902 3881 2093 3937 Dat-id.
2146 3880 2420 3938 Adi-ersus
2448 3880 2559 3941 Go-

1008 3972 1170 4029 tiam.

1075 4064 1318 4120 Comme
1380 4063 1434 4119 le
1493 4060 1839 4136 precedent,
1872 4062 1928 4119 le
1959 4079 2204 4136 psaume
2245 4068 2339 4120 est
2381 4078 2554 4120 com-

1004 4155 1148 4228 pose
1208 4170 1283 4211 en
1339 4154 1563 4227 grande
1635 4154 1827 4228 partie
1869 4153 2240 4228 d'emprunts
2294 4155 2430 4212 faits
2477 4171 2554 4212 au

1002 4259 1254 4318 psaume
1292 4242 1439 4300 xvn
1490 4250 1550 4299 et
1594 4243 1631 4301 ὁ
1661 4245 1707 4298 ΙΙ
1758 4245 1897 4316 Reg.
1930 4261 2067 4302 nu.
2113 4243 2271 4318 tln‘y
2300 4261 2336 4301 a
2362 4245 2418 4302 la
2444 4262 2549 4303 au·

1004 4348 1159 4389 eune
1190 4331 1391 4388 raison
1430 4348 1583 4406 pour
1628 4336 1924 4405 revoquer
1952 4349 2027 4389 en
2069 4332 2249 4389 doute
2301 4350 2410 4390 son
2439 4334 2556 4392 ori·

1006 4415 1143 4491 gine
1190 4415 1530 4488 davidique.
1564 4415 1703 4472 bien
1753 4434 1870 4491 que
1899 4420 2124 4495 Schegg
2175 4421 2328 4477 croit
2352 4422 2556 4479 devoir

1002 4503 1058 4562 le
1089 4521 1196 4578 rep
1223 4510 1363 4562 ·rter
1387 4521 1463 4561 au
1495 4510 1689 4579 temps
1708 4506 2046 4565 d'Eze'chias
2095 4509 2397 4567 l‘lusieurs
2427 4527 2551 4567 ma·

999 4597 1262 4654 nuscrits
1312 4595 1418 4655 des
1454 4598 1756 4672 Septante.
1788 4600 1971 4657 suivis
2020 4619 2126 4675 par
2173 4602 2230 4659 la
2284 4603 2549 4677 vulgate,

997 4689 1275 4761 ajoutent
1299 4706 1375 4747 au
1405 4705 1548 4747 nom
1577 4691 1652 4748 de
1702 4692 1901 4755 David.
1932 4711 2074 4763 προς
2103 4693 2195 4750 τὸν
2228 4693 2445 4764 rohiae,
2479 4702 2541 4752 et

1001 4777 1090 4837 les
1127 4781 1528 4855 Targumistes
1578 4782 1866 4856 appuient
1889 4792 2042 4842 cette
2091 4784 2327 4843 donnee
2359 4803 2463 4843 sur
2491 4787 2546 4844 le

1003 4869 1058 4939 ἲ.
1088 4873 1176 4931 ¹0.
1208 4873 1285 4928 ou
1316 4870 1355 4927 il
1389 4878 1481 4929 est
1509 4872 1675 4945 parle
1705 4872 1786 4930 du
1829 4899 1858 4925 κ
1886 4873 2075 4949 glaive
2107 4878 2474 4950 pernicieux.
2516 4902 2539 4933 ι

1003 4960 1168 5017 Cette
1188 4959 1456 5019 addition
1498 4963 1651 5020 n'est
1679 4964 1741 5021 ni
1783 4964 1933 5022 dans
1966 4966 2254 5036 l‘hebreu,
2287 4969 2347 5026 ni
2400 4969 2551 5026 dans

1004 5048 1093 5107 les
1125 5051 1415 5125 Hexaples
1434 5050 1766 5128 d'Origene,
1796 5056 1857 5111 ni
1890 5055 2084 5114 meme
2112 5057 2260 5114 dans
2290 5066 2423 5116 tous
2460 5059 2548 5117 les

1010 5140 1372 5199 manuscrits
1416 5158 1609 5217 grecs.
1641 5150 1703 5201 et
1742 5144 1799 5202 S.
1835 5145 2057 5204 llilaire
2087 5164 2398 5223 remarque
2430 5167 2546 5224 que

1014 5252 1040 5286 ι
1077 5230 1232 5288 nihil
1259 5231 1358 5288 hic
1385 5231 1655 5305 psalmus
1697 5237 2006 5309 proprium
2039 5237 2237 5304 habet,
2279 5240 2436 5313 quod
2472 5241 2548 5298 ad

1005 5343 1035 5373 α
1076 5321 1535 5396 gratulationem
1565 5326 1858 5400 perempti
1893 5328 2075 5385 cotim
2104 5330 2292 5402 possit
2319 5330 2550 5403 referri,

1011 5434 1040 5468 ι
1066 5429 1204 5471 cum
1249 5414 1437 5490 magis
1467 5414 1595 5473 illic
1646 5422 1707 5473 et
1749 5420 1931 5492 gestis
1958 5428 2019 5477 et
2065 5422 2315 5494 tempori
2360 5422 2549 5480 multa

1002 5528 1033 5559 α
1065 5506 1364 5564 contraria
1391 5506 1533 5564 sint.
1563 5530 1586 5561 ι
1623 5506 1672 5563 11
1716 5518 1942 5567 ressort
1967 5511 2049 5567 du
2075 5517 2229 5569 texte
2273 5528 2389 5586 que
2437 5514 2546 5571 Da·

1000 5594 1095 5653 vid
1128 5596 1274 5653 etait
1303 5596 1414 5666 roi,
1441 5614 1564 5654 non
1595 5596 1931 5656 seulement
1960 5617 2067 5675 par
2094 5602 2148 5658 le
2178 5619 2366 5667 sacre.
2398 5604 2549 5662 mais

999 5699 1112 5759 par
1132 5682 1190 5741 le
1233 5685 1758 5743 commendement
1808 5687 2047 5758 effectis,
2077 5694 2140 5746 et
2181 5688 2328 5763 qu’il
2350 5690 2549 5748 venait

1001 5771 1076 5832 de
1104 5779 1439 5849 remporter
1481 5775 1558 5834 de
1585 5774 1844 5851 grande·
1870 5776 2165 5850 victoires,
2214 5779 2306 5851 n.
2345 5783 2400 5847 2.
2453 5782 2542 5843 ¹0.

4132 389 4262 458 489

2703 564 3006 632 Goliam.
3046 589 3079 628 »
3106 564 3228 631 Est
3247 565 3431 642 enim
3463 582 3744 629 sensus:
3782 585 3815 624 α
3852 558 4186 627 Psalmus
4227 583 4256 620 »

2696 671 3006 737 subditus
3101 697 3138 735 α
3177 671 3417 738 David
3447 695 3479 733 »
3525 678 3599 736 ut
3645 668 3920 746 actoriS,
3955 676 4059 734 est
4093 694 4127 729 α
4169 666 4266 732 ad

2701 778 3003 856 Goliam,
3044 806 3076 840 »
3111 778 3181 846 id
3221 788 3347 860 est,
3396 786 3632 846 contra
3684 775 3955 842 Goliam
3987 773 4207 842 editus
4241 796 4255 839 t

2694 887 2909 976 tangit
2950 889 3135 953 enim
3168 886 3646 972 dejectionem,
3672 891 3737 950 et
3777 880 4090 948 litteralis
4130 880 4262 947 Go-

2694 992 2800 1060 liae
2839 1016 2879 1060 a
2907 991 3179 1061 litterali
3213 992 3455 1066 David,
3494 1001 3559 1059 et
3594 987 3967 1081 spiritualis
3997 1009 4036 1054 a
4065 988 4261 1078 spiri-

2694 1099 2858 1166 tuali
2900 1102 3070 1189 petit
3099 1099 3576 1187 dejectionem.

2783 1313 3099 1382 Psalmus
3160 1323 3390 1382 autem
3444 1312 3821 1381 secundum
3880 1310 4066 1404 quod
4115 1313 4254 1401 jam

2693 1429 2946 1490 tactum
3006 1433 3132 1505 est,
3186 1422 3447 1490 divisus
3504 1431 3606 1490 est
3662 1423 3733 1488 in
3797 1430 3931 1488 tres
3997 1428 4252 1511 parteS.

2692 1531 2952 1610 Primo,
2985 1531 3241 1622 gratias
3266 1531 3408 1622 agit
3455 1555 3577 1622 pro
3609 1531 3897 1598 victoria
3945 1527 4249 1596 litterali.

2694 1638 3035 1712 Secundo,
3070 1642 3238 1729 petit
3264 1639 3686 1730 spiritualem
3716 1662 3839 1729 per
3867 1637 4053 1705 illam
4079 1637 4253 1726 ligu-

2688 1752 2932 1827 ratam,
2975 1742 3095 1821 ibi,
3137 1750 3197 1819 ᾗ.
3236 1745 3319 1811 5:
3370 1767 3405 1808 α
3446 1742 3767 1818 Domine,
3814 1738 4074 1807 inclina
4122 1759 4255 1804 coe-

2691 1853 2813 1919 los.
2863 1881 2896 1915 α
2937 1853 3191 1931 Tertio,
3237 1852 3575 1943 promittit
3602 1873 3673 1918 se
3719 1849 4155 1917 laudaturum
4196 1845 4252 1912 si

2689 1960 3182 2050 impetraverit,
3238 1961 3357 2038 ibi,
3418 1967 3482 2036 ἵ.
3544 1962 3624 2027 9;
3686 1960 3957 2040 «Deus,
4029 1956 4257 2024 canti-

2689 2090 2843 2134 cum
2866 2091 3145 2135 nouum.
3177 2095 3211 2129 ι)

2780 2173 2855 2241 ln
2895 2175 3118 2264 prima
3159 2183 3347 2263 parte
3392 2173 3527 2241 duo
3587 2172 3929 2240 (licuntur.
3983 2169 4247 2249 Primo,

2689 2282 3064 2369 gratiarum
3114 2282 3290 2347 actio
3348 2301 3472 2369 pro
3514 2278 3863 2346 beneticiis
3894 2276 4253 2345 liberatio-

2690 2389 2793 2454 nis
2826 2389 2893 2454 in
2924 2409 3178 2479 pugna.
3215 2386 3562 2466 Secunde,
3595 2386 3955 2453 admiratio
3986 2384 4096 2452 vel
4127 2383 4253 2452 ad-

2689 2499 3002 2568 mirativa
3044 2501 3330 2590 quaestio
3378 2499 3459 2567 de
3508 2506 3697 2565 tanta
3738 2497 4070 2573 bonitate,
4116 2518 4252 2587 qua

2687 2615 2823 2673 tam
2857 2607 3071 2697 gratis
3101 2606 3387 2697 largitur
3426 2605 3633 2683 bona,
3679 2605 3795 2680 ibi,
3831 2611 3895 2681 ᾗ.
3924 2604 4006 2672 3;
4066 2605 4253 2671 «Βο-

2685 2713 2890 2791 mine,
2933 2713 3111 2804 quid
3146 2713 3473 2779 esthamo
3502 2710 3543 2778 ?
3592 2740 3626 2774 »

2773 2820 2849 2887 ln
2882 2823 3101 2911 prima
3150 2821 3302 2889 tria.
3342 2819 3602 2898 Primo,
3636 2822 4014 2909 gratiarum
4066 2820 4242 2886 actio

2683 2951 2801 3017 pro
2837 2927 3263 2996 liberatione.
3310 2925 3656 3008 Secundo,
3701 2927 4015 3016 probatio
4055 2924 4243 3017 quod

2679 3036 2850 3103 bene
2889 3045 3050 3103 sunt
3099 3035 3386 3126 agendae
3462 3036 3722 3126 gratiae,
3760 3035 3922 3125 quia
3969 3056 4107 3102 non
4158 3055 4244 3101 ex

2678 3145 2906 3213 debito
2965 3154 3126 3214 sunt
3164 3142 3496 3225 exhibita,
3539 3144 3658 3213 sed
3716 3167 3803 3212 ex
3862 3143 4245 3213 misericor-

2675 3254 2808 3328 dia.
2881 3254 3000 3334 ibi,
3069 3262 3136 3331 ᾗ.
3197 3256 3276 3321 2:
3361 3282 3391 3317 α
3432 3252 3912 3322 Misericorde‘a
3979 3276 4156 3320 mea.
4205 3278 4237 3319 ι

2670 3361 2922 3438 'l'erti0‚
2967 3360 3193 3429 adhuc
3230 3360 3522 3428 alioruin
3578 3360 4070 3429 benetie-iorum
4115 3382 4242 3427 ex-

2669 3471 2996 3560 spectatio
3053 3470 3139 3537 ah
3180 3471 3469 3537 excitato
3501 3492 3623 3560 per
3683 3468 3822 3549 illa,
3877 3467 3996 3549 ibi,
4054 3497 4086 3530 «ι
4141 3469 4238 3536 Ee

2670 3576 2738 3648 in
2789 3584 2935 3673 ipso
2962 3582 3259 3673 speravi.
3307 3609 3341 3643 υ

2667 3870 2741 3926 Le
2766 3885 3012 3944 psaume
3034 3885 3098 3927 se
3118 3874 3395 3943 rapporte
3423 3867 3579 3927 donc
3600 3870 4238 3928 vraisemblablement

2664 3978 2777 4018 aux
2806 3979 3055 4036 guerres
3095 3968 3305 4018 contre
3340 3961 3427 4017 les
3459 3960 3774 4018 Ptnitistins
3804 3960 3907 4034 qui
3941 3960 4235 4020 suivirent

2667 4051 2720 4107 la
2751 4050 3256 4108 reconnaissance
3286 4050 3360 4107 de
3390 4050 3568 4108 David
3609 4067 3717 4124 par
3757 4056 3954 4109 toutes
3986 4051 4075 4107 les
4117 4052 4227 4108 tri·

2661 4138 2793 4207 bus,
2818 4141 2869 4196 11
2897 4142 3038 4214 lteg.
3070 4158 3124 4213 v,
3159 4145 3248 4209 Π,
3295 4140 3660 4213 (Thalholer‚
3694 4142 3931 4209 Patrizi,
3982 4141 4232 4213 Elhiott,

2662 4230 2824 4303 etc.).

2732 4320 2778 4376 11
2811 4337 2873 4377 se
2906 4336 3190 4394 compose
3220 4321 3295 4378 de
3326 4320 3480 4378 deux
3513 4322 3737 4395 parties
3773 4320 4131 4391 distinctes;
4169 4321 4229 4380 la

2661 4414 2979 4488 premiere,
3020 4415 3116 4485 ῩῩ.
3161 4419 3315 4481 1-11.
3365 4416 3663 4473 renferme
3728 4415 3818 4474 les
3868 4417 4229 4474 sentimeuts

2660 4505 2917 4562 d’action
2947 4506 3023 4562 de
3051 4507 3261 4579 greces
3289 4513 3351 4564 et
3369 4504 3444 4563 de
3469 4509 3784 4565 constance
3813 4507 4116 4565 habituels
4144 4524 4222 4566 au

2661 4594 2818 4653 saint
2840 4596 2953 4653 roi.
2986 4598 3065 4655 La
3094 4598 3377 4669 seconde,
3406 4598 3509 4672 qui
3541 4606 3737 4657 estun
3769 4600 3919 4655 echo
3950 4599 4026 4656 de
4067 4599 4225 4656 Deu-

2661 4697 2768 4746 ter.
2792 4707 2893 4754 vn.
2921 4691 2987 4747 13
3012 4708 3027 4759 ;
3060 4709 3257 4762 xxvm,
3290 4695 3348 4761 4,
3376 4693 3434 4760 8.
3473 4696 3565 4761 5¹,
3597 4694 3688 4758 52.
3719 4699 3812 4751 est
3840 4691 4225 4750 absolument

2658 4779 2973 4837 differente
3002 4781 3079 4839 de
3107 4798 3176 4840 ce
3206 4782 3309 4856 qui
3341 4783 3595 4857 precede
3626 4799 3736 4856 par
3763 4782 3822 4840 le
3851 4783 4006 4856 style
4040 4789 4101 4839 et
4130 4781 4220 4838 les

2659 4872 2961 4944 pensees;
3010 4871 3126 4929 elle
3174 4889 3254 4932 ne
3282 4881 3427 4949 peut
3481 4890 3547 4929 se
3575 4871 3797 4930 souder
3842 4889 3920 4930 au
3967 4888 4219 4947 psaume

2657 4980 2773 5035 que
2813 4963 2933 5021 tres
2969 4963 3513 5032 artissciellement3
3562 4965 3726 5022 aussi
3785 4965 4040 5022 n‘hesite
4078 4970 4215 5023 t·on

2660 5070 2766 5127 pas
2793 5052 2829 5111 ὁ
2859 5054 2987 5111 voir
3022 5055 3175 5113 dans
3202 5071 3271 5112 ce
3309 5070 3591 5112 morceau
3622 5071 3705 5112 un
3749 5055 4049 5129 fragment
4078 5055 4223 5113 d’un

2660 5149 2828 5202 autre
2847 5144 3050 5212 chaat,
3076 5144 3379 5218 peut-etre
3404 5144 3479 5200 de
3508 5144 3712 5216 David,
3731 5146 4032 5220 peut-&tre
4063 5146 4227 5203 aussi

2657 5239 2799 5297 d'un
2828 5246 3001 5297 autre
3029 5240 3227 5314 poete.
3266 5239 3565 5314 fragment
3600 5240 3805 5299 accole
3843 5257 3920 5297 au
3969 5257 4222 5315 psaume

2656 5330 2871 5386 cxuu
2898 5346 3007 5402 par
3035 5346 3117 5386 un
3147 5328 3468 5388 redacteur
3497 5328 3578 5388 du
3606 5327 3897 5404 psautier.

2727 5421 2817 5475 Au
2858 5435 2999 5476 sens
3043 5419 3405 5494 spirituel,··
3441 5420 3679 5495 l’Eglise
3725 5419 3887 5478 dela
3927 5426 4083 5479 terre
4116 5420 4223 5478 be-

2656 5531 2686 5559 «
2718 5507 2811 5564 nit
2838 5509 2983 5565 Dieu
3013 5510 3119 5583 qui
3150 5509 3209 5567 la
3236 5510 3346 5567 fait
3382 5509 3736 5582 triompher‚
3763 5514 3824 5566 et
3850 5510 3953 5583 qui
3984 5508 4116 5567 seul
4138 5509 4223 5567 lui

2660 5622 2684 5651 ι
2720 5599 2872 5657 tient
2899 5600 3021 5657 lieu
3042 5601 3118 5658 de
3152 5606 3299 5658 tout.
3329 5623 3361 5655 a
3396 5601 3471 5658 Le
3503 5601 3626 5659 Hir.

2723 5688 2851 5745 ⁸01.
2885 5690 2907 5746 1
2940 5691 3076 5763 Reg.
3109 5706 3243 5749 xvu.
