5008 6329
683 302 814 370 294
1699 295 1780 362 D.
1834 296 2033 363 ALB.
2085 296 2300 364 MAG.
2355 297 2560 366 ORD.
2616 300 2909 367 PRAED.

695 469 938 537 ctionis
996 466 1139 555 ipse
1222 464 1380 529 finis
1447 471 1572 530 est.
1652 463 1943 554 Propter
2028 466 2254 555 ipsum

693 575 900 649 enim,
941 580 1007 638 et
1045 569 1129 636 ad
1170 570 1397 658 ipsum
1453 569 1678 639 omnis
1740 571 2086 661 perfectio.
2148 569 2255 635 Ad

692 682 990 749 Roman.
1026 699 1096 757 X,
1128 676 1168 741 4
1204 694 1220 744 ε
1254 677 1452 744 Finis
1485 677 1656 768 leqis
1680 677 1989 745 Christus
2018 674 2114 740 ad
2130 672 2252 761 ju·

681 786 950 855 stitiam
989 784 1181 850 omni
1217 783 1540 851 credenti.
1577 782 1769 849 Vidit
1797 780 1979 847 hunc
2044 779 2249 847 finem

680 893 902 963 David
932 893 1001 960 in
1032 893 1277 985 spiritu
1308 890 1716 983 prophetiae,
1751 891 1925 956 sicut
1944 896 2010 955 et
2040 888 2252 955 Abra-

677 1001 865 1071 ham.
889 1000 1090 1069 Joan.
1124 1022 1272 1082 vm,
1298 999 1384 1067 56
1420 1019 1435 1063 ε
1491 995 1874 1077 Abraham,
1898 1005 2103 1087 pater
2149 1019 2249 1063 ve-

672 1121 834 1188 ster,
879 1106 1224 1175 exultavit
1253 1113 1332 1170 ut
1362 1102 1620 1171 videret
1657 1104 1837 1170 diem
1866 1125 2119 1172 meum.
2162 1101 2248 1170 Et

677 1218 768 1287 ob
798 1214 959 1292 hoc,
998 1239 1030 1275 «
1064 1209 1483 1279 mandatum
1515 1220 1738 1289 tuum,
1788 1236 1820 1275 1>
1881 1210 1964 1278 de
2020 1208 2247 1278 chari-

679 1333 846 1408 tate,
893 1348 927 1384 ε(
1009 1318 1236 1386 latum
1301 1320 1538 1401 nimis,
1583 1344 1615 1385 ι
1677 1318 1942 1410 supple,
1995 1318 2244 1385 factum
2350 1347 2465 1416 97,
2520 1322 2907 1412 Quomodo
2939 1323 3147 1394 dilexi
3201 1325 3430 1417 legem
3472 1343 3700 1411 tuam,
3748 1328 3903 1395 Do-

680 1439 784 1500 est
812 1426 982 1496 mihi
1003 1425 1090 1494 ad
1129 1425 1583 1519 implendum,
1630 1424 1983 1494 sentiendo
2025 1427 2092 1491 in
2131 1446 2241 1493 me
2612 1431 2848 1500 mine!
2905 1449 3053 1501 tota
3117 1431 3231 1500 die
3285 1431 3667 1502 meditatio
3741 1453 3901 1503 mea

682 1537 878 1616 illud,
906 1534 1091 1629 quod
1112 1533 1276 1603 dicit
1297 1536 1441 1626 ipse
1462 1533 1617 1636 finis
1644 1533 1972 1601 mandati.
1999 1531 2235 1600 Matth.
2612 1559 2745 1609 est,

681 1671 778 1725 xx,
814 1647 900 1716 30
935 1667 951 1712 :
983 1647 1253 1733 Juqum
1307 1646 1538 1711 meum
1565 1665 1775 1710 suave
1812 1653 1932 1726 est,
1975 1651 2038 1708 et
2071 1664 2241 1709 onus
2344 1648 2462 1739 98.
2518 1644 2752 1738 Super
2809 1644 3137 1715 inimicos
3197 1668 3399 1716 meos
3458 1648 3896 1739 prudentem

2942 896 3114 963 Mam
3157 897 3300 994 (D)

678 1775 906 1824 meum
950 1752 1114 1819 leve.
1155 1749 1485 1819 Proverb.
1546 1773 1639 1833 ιν,
1696 1752 1770 1816 11
1808 1771 1824 1817 :
1865 1752 2138 1817 Ducam
2177 1759 2241 1815 te

670 1886 800 1953 per
834 1860 1118 1927 semitas
1144 1858 1524 1950 aequitatiS,
1559 1865 1688 1926 etc.

761 1967 893 2035 vel
938 1966 1034 2034 sic
1079 1987 1095 2035 :
1143 1990 1176 2030 ι
1236 1965 1393 2033 Vidi
1415 1965 1653 2054 finem,
1690 1965 2145 2046 »terminum,
2171 1972 2236 2032 et

672 2074 1109 2152 desitionem,
1158 2097 1192 2139 ι
1248 2074 1473 2141 omnis
1518 2064 2151 2152 consummationi&
2198 2095 2230 2136 ιι

673 2186 902 2256 omnis
957 2184 1101 2251 veri
1169 2181 1765 2273 consumptibilis:
1850 2181 1992 2249 vidi
2052 2181 2233 2248 enim

675 2295 910 2364 omnia
943 2292 1137 2383 quasi
1168 2289 1601 2358 terminanda
1627 2290 1714 2359 ad
1741 2290 1969 2358 minus
1999 2311 2236 2358 secun·

674 2402 839 2472 dum
870 2407 1152 2485 statum,
1194 2399 1267 2467 in
1296 2421 1434 2489 quo
1464 2421 1649 2468 nunc
1694 2407 1875 2467 sunt.
1921 2397 2102 2467 Psal.
2144 2418 2230 2481 ct,

676 2514 809 2581 17:
855 2507 1164 2580 Mutabis
1210 2532 1346 2591 eos,
1409 2518 1472 2576 et
1549 2508 2028 2577 mutabuntur.
2098 2505 2234 2574 Sed

674 2646 707 2686 ι
743 2618 1154 2686 mandatum
1187 2625 1390 2684 tuum
1441 2641 1474 2681 ι
1533 2616 1615 2685 de
1663 2615 2014 2698 charitate,
2093 2636 2232 2681 non

667 2736 769 2796 est
797 2721 1359 2814 consumptibile,
1394 2723 1513 2791 sed
1546 2739 1578 2788 α
1641 2724 1866 2790 latum
1912 2723 2145 2805 nimis,
2194 2745 2226 2786 ιι

666 2834 828 2926 quia
858 2853 1131 2921 semper
1159 2829 1498 2898 durabile.
1544 2828 1568 2895 1
1602 2829 1689 2897 ad
1729 2828 2036 2899 Corinth.
2081 2850 2226 2913 xm,

663 2942 704 3007 8
738 2960 754 3008 :
796 2938 1115 3005 Charitas
1152 2958 1541 3028 numquam
1580 2935 1859 3005 eoecidit.
1942 2934 2230 3024 Semper

663 3050 850 3118 enim
883 3045 1271 3115 videbimus
1313 3045 1534 3114 Deum
1564 3047 1636 3113 in
1692 3068 1788 3123 se,
1845 3053 1911 3113 et
1941 3045 2007 3112 in
2054 3045 2219 3126 suis,

664 3166 731 3227 et
767 3153 1225 3249 sperabimuS,
1276 3162 1343 3224 et
1387 3153 1845 3224 laudabimus.

749 3367 1045 3438 Attende
1076 3374 1310 3436 autem
1348 3367 1710 3459 diligenter
1748 3368 2096 3460 quomodo
2156 3371 2223 3436 in

660 3477 794 3547 hoc
840 3475 1198 3545 octonario
1243 3475 1581 3545 intellexit
1616 3474 1840 3568 legem
1897 3485 2220 3546 aeternam

655 3584 784 3653 Dei
846 3586 916 3653 in
994 3584 1350 3668 creaturis,
1430 3592 1499 3654 et
1587 3583 1958 3655 meditatus
2023 3585 2224 3655 fuerit

651 3695 726 3762 in
813 3691 1208 3782 Scripturis,
1313 3699 1381 3761 et
1446 3691 1724 3761 tandem
1790 3691 2218 3764 latitudinem

654 3800 945 3870 senserit
1012 3795 1390 3868 charitatis.
1451 3799 1606 3868 Duo
1671 3800 1896 3892 prima
1961 3800 2047 3870 ad
2112 3803 2222 3871 in-

654 3907 1004 3977 tellectum
1072 3906 1473 3998 respiciunt,
1560 3906 1682 3975 sed
1765 3909 2038 3976 tertium
2132 3909 2218 3978 ad

653 4015 973 4084 allectum
1021 4034 1240 4104 :ergo
1304 4020 1529 4082 totum
1589 4035 1711 4082 cor
1745 4010 1952 4105 hujus
2006 4017 2214 4085 estin

652 4121 904 4191 divinis
959 4118 1590 4211 occupatum.Ergo
1604 4119 1780 4190 bene
1798 4122 2217 4215 praeponitur

646 4251 870 4298 uum
899 4186 1024 4320 (b)
1053 4225 1282 4297 littera
1311 4227 1674 4310 Ilebraica,
1707 4252 1861 4321 quae
1889 4230 2216 4323 interpre-

645 4344 832 4406 tatur
860 4356 975 4404 cor
1026 4334 1407 4404 servientis.
1465 4335 1569 4404 Ac
1624 4336 1681 4404 si
1731 4335 1985 4408 diceret
2028 4337 2215 4407 :Per

645 4441 793 4513 haec
833 4463 986 4533 quae
1016 4440 1340 4510 dicuntur
1367 4440 1504 4525 hic,
1555 4450 1778 4512 totum
1825 4467 1944 4513 cor
2006 4443 2213 4514 habet

646 4554 963 4624 servituti
1040 4551 1293 4622 divinae
1369 4562 1805 4646 occupatum,
1874 4555 1994 4625 sed
2069 4578 2208 4626 non

642 4661 974 4731 servitute
1085 4659 1220 4729 nisi
1332 4660 1547 4743 filiali,
1654 4686 1806 4756 quoe
1910 4663 2209 4756 gloriosa

641 4777 769 4840 est.

2608 1775 2723 1823 me
2763 1751 2985 1823 fecisti
3019 1753 3360 1823 mandato
3405 1773 3555 1834 tuo,
3594 1755 3765 1848 quia
3816 1754 3893 1825 in

2610 1880 2955 1933 aeternum
2989 1862 3167 1933 mihi
3209 1882 3340 1933 est.

2315 1992 2459 2066 ⁴99.
2513 1968 2748 2062 Super
2784 1990 3034 2038 omnes
3073 1969 3410 2040 docentes
3450 1993 3566 2041 me
3600 1970 3888 2041 intelle-

2606 2074 2700 2156 xi,
2735 2075 2902 2167 quia
2952 2075 3363 2146 testimonia
3408 2095 3529 2147 tua
3575 2077 3892 2147 medita-

2607 2182 2710 2253 tio
2735 2204 2890 2252 mea
2922 2199 3055 2253 est.

2351 2313 2502 2363 too.
2560 2288 2794 2382 Super
2831 2312 3035 2360 senes
3081 2288 3424 2371 intellexi,
3467 2292 3640 2385 quia
3680 2314 3891 2363 man·

2605 2399 2767 2469 data
2799 2416 2919 2467 tua
2950 2397 3277 2490 quaesivi.

2348 2531 2498 2578 101.
2554 2506 2669 2577 Ab
2689 2505 2884 2576 omni
2917 2506 3027 2576 via
3058 2508 3242 2577 mala
3276 2508 3616 2599 prohibui
3658 2510 3880 2603 pedes

2602 2636 2825 2695 meos,
2889 2630 2964 2684 ut
3013 2615 3415 2685 custodiam
3462 2616 3677 2686 verba
3727 2634 3875 2687 tua.

2347 2744 2498 2792 102.
2556 2723 2619 2791 A
2691 2719 2974 2810 judiciis
3047 2720 3189 2790 tuis
3268 2743 3411 2791 non
3493 2723 3877 2808 declinavi,

2600 2827 2768 2920 quia
2798 2845 2872 2896 tu
2912 2827 3135 2919 legem
3170 2827 3475 2920 posuisti
3512 2830 3721 2900 mihi.

2343 2935 2495 3007 103.
2549 2934 2791 3025 Quam
2835 2933 3069 3004 dulcia
3108 2934 3434 3006 saucibus
3492 2937 3676 3008 meis
3724 2937 3879 3007 elo-

2597 3040 2765 3134 quia
2804 3047 2959 3112 tua!
3002 3064 3219 3135 super
3248 3044 3390 3113 mel
3439 3043 3548 3115 ori
3582 3067 3771 3116 meo.

2342 3172 2496 3241 104.
2548 3152 2615 3221 A
2662 3148 3020 3219 mandatis
3058 3150 3201 3221 tuis
3243 3149 3560 3222 intellexi
3598 3174 3615 3219 :
3652 3173 3879 3245 prop-

2596 3275 2783 3328 terea
2830 3256 3022 3327 odivi
3054 3279 3347 3328 omnem
3382 3263 3573 3330 viam
3609 3259 3878 3353 iniqui·

2595 3384 2784 3437 tatts.

2921 3918 3059 3962 2¹⁸³·
3109 3887 3254 3984 (Ὁ)

2410 4350 2443 4386 α
2494 4324 2846 4410 Quomodo
2900 4327 3139 4400 dilexi.
3206 4360 3238 4391 n
3307 4331 3435 4400 llic
3502 4342 3606 4403 est
3640 4336 3862 4405 ‘tertia

2313 4452 2468 4519 pars
2494 4437 2563 4499 et
2592 4430 2829 4501 ultima
2859 4432 3062 4516 illius,
3105 4436 3172 4504 in
3195 4459 3330 4529 qua
3359 4441 3589 4531 agitur
3616 4440 3698 4512 de
3719 4465 3863 4511 me-

2312 4538 2442 4607 rito
2471 4539 2991 4630 proficientium.
3049 4541 3421 4638 Postquam
3474 4550 3660 4618 enim
3718 4550 3859 4642 egit

2312 4643 2394 4714 de
2432 4646 2676 4716 merito
2705 4646 3003 4731 illorum,
3035 4660 3365 4742 quantum
3397 4653 3484 4722 ad
3532 4653 3860 4724 habilita-

2309 4758 2443 4819 tem
2474 4750 2562 4820 ad
2601 4751 2882 4838 bonum,
2922 4762 2988 4823 et
3022 4758 3461 4847 postmodum
3516 4770 3851 4852 quantum

2308 4857 2392 4926 ad
2419 4861 2880 4952 cognitionem
2919 4860 3174 4931 boniet
3222 4863 3471 4936 divinae
3536 4868 3856 4938 volunta·

2304 4966 2417 5046 tis„
2447 4963 2560 5036 hic
2588 4967 2813 5059 agitur
2846 4978 3173 5060 quantum
3205 4971 3290 5040 ad
3330 4973 3855 5046 delectationem

2306 5072 2377 5141 in
2428 5076 2728 5166 cognita,
2794 5084 2862 5143 et
2934 5077 3143 5167 ipsius
3244 5080 3708 5154 dilectionem.
3770 5085 3857 5156 Et

2301 5181 2553 5273 primo,
2610 5182 2835 5273 agitur
2874 5182 2955 5253 de
3015 5185 3375 5258 dilectione
3453 5191 3859 5284 simpliciter

2303 5294 2370 5356 et
2405 5287 2743 5359 absolute.
2804 5288 3145 5374 Secundo,
3194 5300 3707 5389 comparatione
3763 5303 3852 5373 ad

2301 5394 2521 5464 malos
2567 5395 2789 5490 legem
2843 5398 3259 5470 destruentes
3314 5405 3388 5473 in
3421 5429 3520 5489 se,
3571 5417 3640 5478 et
3703 5433 3847 5480 non

2299 5503 2745 5597 complentes,
2784 5515 2856 5577 et
2888 5508 2959 5578 in
2987 5508 3137 5579 eliis
3164 5513 3371 5583 etiam
3428 5518 3852 5612 impugnan-

2299 5618 2426 5700 tes,
2461 5612 2670 5696 ihm.
2707 5616 2876 5686 ¹13:
2922 5641 2957 5684 ι
2988 5617 3271 5712 Iniquus
3314 5623 3475 5694 odio
3520 5625 3764 5697 habui.
3810 5655 3844 5693 υ
