5008 6329
552 246 634 313 30
1534 239 1617 308 D.
1674 236 1869 304 ΑΕΒ.
1926 231 2141 301 MAG.
2195 232 2399 299 om).
2455 232 2750 298 PRAED.

2196 402 2364 468 tatio
2395 400 2479 466 ad
2509 400 3075 470 benedicendum.
3116 402 3458 479 Secundo,
3493 423 3576 469 ne
3611 422 3750 470 cre-

2196 507 2468 574 deretur
2496 507 2678 597 quod
2710 530 2848 575 non
2880 520 3056 577 esset
3083 508 3585 578 benedicendus
3617 509 3744 575 nisi

2196 615 2264 680 in
2319 614 2561 682 Judaea
2599 614 2708 682 vel
2748 616 2818 680 in
2856 616 3144 705 templo,
3191 616 3597 685 determinat
3636 614 3748 682 lo-

2194 743 2350 790 cum
2389 722 2458 789 in
2491 744 2628 813 quo
2659 721 3185 799 benedicendus,
3220 722 3340 802 ibi,
3389 751 3420 786 «
3445 723 3529 791 In
3559 722 3748 790 omni

548 415 595 481 li
635 417 1051 483 institutione
1082 437 1124 480 ¹.
1156 414 1323 481 Tob.
1359 434 1477 485 χιι,
1527 410 1632 482 11,
1681 406 1851 473 dixit
1906 424 2085 470 unus

551 543 587 588 e
624 521 911 589 talibus:
947 520 1315 608 Manifesta
1365 513 1554 581 vobis
1592 513 1973 586 veritatem,
2025 515 2089 573 et

549 649 683 694 non
712 624 1117 692 abscondam
1158 646 1199 688 a
1238 617 1430 686 vobis
1466 614 1813 682 occultum
1839 633 2088 679 sermo-

548 756 726 802 nem.
758 731 1021 799 Daniel.
1054 752 1122 809 x,
1170 728 1251 793 14
1286 746 1301 793 ε
1359 724 1518 791 Veni
1563 731 1642 790 ut
1681 722 1985 790 docerem
2024 729 2087 788 te

551 863 630 908 ea
667 859 817 931 quae
843 846 1125 904 ventura
1160 840 1321 900 sunt
1351 830 1615 922 populo
1658 839 1799 896 tuo.

643 1176 676 1216 α
710 1150 1088 1219 Benedicite
1107 1151 1424 1219 Domino,
1457 1173 1492 1212 ι
1525 1147 1655 1214 Hic
1680 1144 2081 1219 secundum,

553 1262 625 1328 in
653 1282 789 1351 quo
820 1263 1059 1328 invitat
1093 1258 1392 1349 Angelos
1424 1255 1831 1323 mediatores
1870 1274 2081 1343 quan·

547 1376 695 1435 tum
743 1368 827 1436 ad
880 1367 1139 1459 agenda
1182 1387 1195 1429 :
1232 1365 1302 1430 in
1342 1384 1478 1453 quo
1510 1368 1886 1452 tanguntur
1922 1359 2076 1434 tria,

550 1498 700 1565 quae
742 1484 900 1543 sunt
930 1476 998 1539 in
1028 1471 1306 1562 Angelis
1345 1469 1501 1537 illis.
1539 1468 1798 1544 Primo,
1833 1467 2073 1534 virtus.

547 1579 884 1661 Secunde,
917 1579 1238 1652 oflicium,
1271 1577 1390 1659 ibi,
1427 1603 1461 1639 er
1489 1576 1799 1644 Ministri
1825 1572 2003 1662 ejus.
2039 1598 2072 1633 n

541 1687 788 1764 Tertio,
824 1709 1017 1777 opus,
1067 1685 1183 1760 ibi,
1235 1713 1267 1746 α
1311 1684 1449 1768 Qui
1473 1684 1733 1771 facitis.
1777 1710 1809 1742 »

630 1796 811 1864 Dicit
837 1818 996 1886 ergo
1025 1817 1040 1862 ε
1076 1793 1189 1862 Sic
1215 1792 1591 1860 benedicite
1620 1812 1773 1871 νος,
1806 1790 1919 1879 qui
1953 1810 2077 1855 nos

544 1903 895 1971 instruitis,
957 1926 991 1967 «
1059 1899 1444 1968 Benedicite
1489 1925 1522 1960 ι»
1574 1899 1779 1965 etiam
1822 1898 2071 1986 ipsum,

546 2037 582 2092 ις
615 2032 841 2078 omnes
876 2009 1157 2076 virtutes
1218 2005 1397 2095 ejus,
1444 2030 1478 2071 n
1512 2003 1669 2082 Vel,
1704 2004 1791 2071 ad
1858 2026 2074 2071 unum

541 2116 870 2194 ordinem,
912 2116 1083 2183 sicut
1128 2123 1228 2182 est
1264 2111 1544 2192 dictum,
1587 2110 1893 2202 loquitur
1920 2132 2079 2200 spe-

541 2225 796 2295 cialiter
834 2247 850 2292 z
896 2221 1001 2292 vel
1055 2223 1138 2290 ad
1178 2243 1441 2299 omme,
1493 2220 1653 2311 quia
1700 2220 1874 2287 sicut
1918 2226 2079 2286 sunt

542 2331 655 2401 alii
685 2331 1086 2399 mediatores
1131 2330 1198 2395 in
1241 2326 1695 2396 illuminando
1727 2335 1793 2393 et
1822 2325 2078 2394 docen-

541 2436 627 2505 do
666 2459 815 2515 nos,
847 2438 943 2505 sic
986 2436 1057 2502 in
1097 2432 1384 2525 agendo.
1422 2431 1632 2512 Quasi
1664 2430 1842 2499 dicat
1887 2455 1902 2499 :
1939 2430 2076 2498 Be-

539 2543 825 2613 nedicite
863 2541 1078 2616 illum.
1116 2542 1231 2631 qui
1274 2540 1372 2607 sic
1412 2561 1536 2608 vos
1566 2536 1934 2605 virtutibus
1965 2560 2075 2604 re-

539 2652 769 2743 plevit,
828 2660 906 2718 ut
985 2650 1268 2716 Virtutes
1333 2645 1681 2715 dicamini.
1753 2643 1933 2711 Psal.
1970 2666 2070 2721 cc,

538 2762 579 2826 2
622 2781 666 2827 ·:
735 2756 1045 2826 Laudate
1115 2754 1493 2823 Dominum
1568 2753 1640 2819 in
1704 2750 2077 2818 virtutibus

535 2864 713 2956 ejus.

638 3001 671 3038 α
694 2974 1002 3043 Ministri
1028 2970 1205 3060 ejm.
1245 2999 1278 3030 »ο
1319 2968 1447 3038 Hic
1485 2969 1703 3059 tangit
1742 2967 2069 3035 ol'licium.

549 3080 815 3151 Daniel.
874 3104 994 3159 vn,
1049 3081 1128 3146 10
1163 3100 1180 3147 ε
1221 3076 1462 3146 Millia
1500 3074 1813 3144 millium
1860 3076 2077 3143 mini-

533 3190 846 3260 urebant
893 3189 979 3267 ei,
1009 3196 1074 3255 et
1136 3186 1350 3254 decies
1403 3193 1706 3266 centena,
1776 3193 1905 3253 etc.
1966 3184 2074 3252 Ad

539 3295 752 3366 llebr.
784 3317 831 3376 1,
869 3295 949 3363 14
993 3316 1009 3362 ε
1042 3295 1276 3363 Nonne
1303 3314 1534 3360 omnes
1560 3299 1724 3358 sunt
1777 3288 2078 3358 admini—

531 3405 840 3474 stratorii
876 3403 1183 3496 spiritus,
1244 3402 1315 3468 in
1352 3399 1814 3468 ministerium
1852 3400 2069 3476 missi,

537 3521 666 3582 etc.

626 3643 663 3684 ι·
699 3619 836 3706 Qui
859 3618 1093 3705 jacitis
1122 3614 1548 3683 voluntatem
1577 3612 1759 3704 ejus,
1790 3640 1822 3676 ι
1865 3634 2073 3705 quam

536 3730 607 3797 in
644 3726 793 3817 ipso
840 3724 1087 3815 legitis.
1137 3730 1206 3792 et
1257 3719 1527 3790 videtis.
1571 3718 2070 3789 Cassiodorus:

540 3864 575 3900 κ
613 3832 892 3924 Angelis
929 3829 1211 3899 verbum
1270 3827 1547 3896 Domini
1587 3835 1693 3897 est
1757 3825 2075 3895 voluntas

539 3970 572 4005 ι
604 3941 772 4030 ejus,
831 3940 989 4030 quia
1070 3959 1226 4004 cum
1288 3935 1662 4002 Dominum
1695 3934 2068 4008 intuentur,

538 4076 574 4117 ι
613 4049 980 4119 voluntatis
1035 4045 1184 4136 ejus
1241 4044 1597 4112 veritatem
1665 4047 2071 4133 agnoscunt,

537 4182 573 4223 ι
615 4177 820 4249 quam
876 4153 1103 4222 statim
1151 4151 1427 4221 l'aciunt.
1490 4174 1525 4216 ι
1585 4147 1879 4241 Propter
1914 4146 2072 4229 hoc,

532 4262 773 4333 Matth.
814 4283 909 4341 vi,
973 4261 1078 4343 10,
1121 4265 1355 4327 monet
1411 4263 1486 4325 ut
1540 4277 1867 4326 oremus:
1910 4255 2075 4325 Fiat

535 4368 853 4439 voluntas
882 4376 1031 4450 tua,
1067 4365 1246 4433 sieut
1276 4365 1348 4432 in
1384 4360 1581 4443 coelo,
1620 4371 1686 4432 et
1723 4362 1796 4430 in
1835 4370 2018 4430 terra
2049 4382 2074 4429 .·

533 4475 709 4543 sicut
761 4474 833 4541 in
890 4469 1062 4541 coelo
1100 4467 1187 4538 ab
1224 4467 1534 4561 Angelis,
1566 4466 1667 4536 sic
1718 4467 1789 4535 in
1826 4474 2007 4535 terra
2034 4486 2075 4533 a

536 4578 759 4651 nobis.

630 4939 665 4976 ιι
699 4907 1082 4979 Benedicite
1114 4903 1438 4974 Domino.
1475 4926 1511 4964 ι
1543 4898 1673 4969 liic
1700 4896 2075 4968 secundum

542 5016 748 5086 totius
783 5011 988 5101 hujus
1023 5009 1257 5102 partis,
1289 5008 1357 5075 in
1398 5027 1536 5097 quo
1573 5013 1939 5098 postquam
1976 5002 2080 5071 in·

538 5121 780 5191 vitavit
815 5117 900 5186 ad
935 5112 1469 5185 benedicendum
1519 5110 1741 5179 Deum
1804 5118 2078 5180 creatu-

540 5252 684 5299 ram
724 5223 1097 5320 angelicam
1135 5218 1542 5312 specialiter.
1589 5217 1839 5287 invitat
1870 5215 2076 5285 simul

539 5356 815 5406 omnem
866 5354 883 5401 ε
926 5340 996 5401 et
1028 5328 1347 5398 dicuntur
1390 5324 1553 5395 duo.
1599 5323 1862 5405 Primo,
1904 5322 2078 5391 invi-

606 5564 624 5602 ¹
657 5562 843 5623 Exod.
875 5578 947 5618 xx
979 5567 1038 5615 et
1074 5575 1199 5632 seq.

2196 828 2366 898 loco.
2419 857 2451 890 n
2498 828 2652 912 Vel,
2712 828 3089 898 secundum
3155 827 3359 895 aliam
3418 828 3739 910 litteram,

2191 937 2507 1026 probatio
2565 944 2666 1004 est
2718 937 2903 1027 quod
2944 938 3033 1006 sit
3087 935 3592 1006 benedicendus
3653 933 3738 1003 ab

2194 1044 2384 1110 omni
2422 1050 2753 1110 creatura.

2280 1146 2461 1214 Dicit
2488 1169 2654 1238 ergo
2698 1171 2713 1215 τ
2761 1146 2874 1215 Sic
2919 1147 3300 1217 benedicite
3363 1148 3741 1217 Dominum

2194 1254 2466 1345 Angeli,
2516 1255 2658 1323 imo
2691 1280 2724 1320 α
2759 1256 2994 1323 omnia
3036 1279 3243 1347 opera
3290 1255 3467 1345 ejus,
3514 1282 3547 1317 ι»
3612 1254 3739 1322 Dei

2190 1363 2466 1446 scilicet,
2506 1388 2540 1429 «
2568 1363 2933 1432 benedicite
2960 1366 3281 1432 Domino.
3321 1390 3354 1426 υ
3386 1363 3555 1431 Tob.
3589 1384 3733 1439 vm,

2191 1470 2230 1537 7
2263 1490 2278 1537 ε
2312 1471 2630 1547 Domine,
2668 1472 2852 1537 Deus
2879 1472 3178 1538 Patrum
3208 1468 3740 1547 nostrorunz,be-

2187 1578 2509 1644 nedicunt
2548 1585 2610 1642 te
2666 1575 2820 1644 coeli
2872 1585 2936 1643 et
2976 1586 3206 1658 terrae,
3251 1598 3603 1668 mareque,
3675 1585 3739 1643 et

2184 1688 2435 1775 sontes,
2496 1695 2561 1750 et
2594 1683 2922 1771 flumina,
2977 1694 3041 1751 et
3108 1707 3336 1753 omnes
3408 1695 3739 1752 creaturae

2189 1801 2344 1867 tuae,
2380 1813 2531 1880 quae
2563 1792 2632 1857 in
2670 1792 2765 1857 eis
2783 1800 2970 1869 sunt,
3006 1790 3117 1870 Et,
3145 1814 3266 1873 xn,
3314 1793 3394 1860 18
3440 1812 3454 1859 :
3497 1791 3736 1882 Ipsum

2188 1897 2581 1976 benedicite,
2614 1906 2679 1965 et
2705 1907 2980 1966 cantate
3008 1898 3149 1965 illi.

2278 2005 2362 2073 Et
2397 2004 2553 2089 hoc,
2608 2032 2644 2068 α
2696 2005 2770 2072 in
2809 2006 3000 2073 omni
3054 2005 3201 2073 loco
3239 2004 3736 2073 dominationis
3784 2037 4071 2084 umam·

3765 2093 4089 2194 ‘emese

3871 2202 3980 2248 dna.

2183 2111 2362 2200 ejm,
2399 2136 2434 2175 ι
2471 2112 2706 2179 nonin
2736 2133 2875 2180 uno
2906 2118 3199 2180 tantum.
3236 2110 3727 2180 Cassiodorus:

2190 2247 2223 2281 «
2269 2218 2459 2286 Sicut
2482 2217 2674 2286 nulla
2708 2228 3017 2287 creatura
3055 2242 3094 2287 a
3138 2218 3453 2288 laudibus
3492 2219 3738 2288 Domi-

2192 2356 2225 2390 «
2263 2327 2334 2393 ni
2373 2325 2649 2415 jubetur
2693 2327 2934 2418 excipi,
2977 2328 3073 2395 ita
3129 2351 3255 2397 nec
3318 2327 3508 2396 locus
3557 2330 3738 2418 quis-

2185 2462 2221 2499 α
2263 2458 2468 2526 quam
2509 2433 2914 2526 relinquitur
2936 2438 3054 2527 qui
3086 2459 3128 2505 a
3164 2436 3279 2506 tali
3312 2459 3596 2504 munere
3635 2457 3739 2503 se·

2184 2570 2220 2607 α
2261 2550 2601 2634 gregetur.
2639 2567 2674 2609 n
2705 2540 2994 2612 Malach.
3029 2566 3077 2621 ι,
3112 2545 3185 2611 11
3239 2564 3255 2613 :
3295 2542 3403 2612 Ab
3439 2554 3595 2613 ortu
3622 2565 3739 2611 so-

2186 2650 2274 2719 lis
2314 2673 2529 2742 usque
2565 2649 2663 2718 ad
2695 2674 3035 2733 occasum,
3078 2674 3412 2745 maynum
3461 2662 3559 2721 est
3607 2675 3738 2719 no-

2182 2780 2334 2826 men
2373 2780 2599 2826 meum
2632 2759 2703 2826 in
2752 2757 3097 2850 qentibuS,
3131 2770 3196 2827 et
3244 2760 3313 2827 in
3361 2760 3550 2827 omni
3588 2758 3734 2826 loco

2179 2866 2616 2954 sacrificatur
2677 2877 2742 2934 et
2770 2867 3062 2957 offertur
3085 2867 3355 2934 nomini
3372 2889 3519 2934 meo
3541 2865 3734 2934 obla-

2183 2973 2279 3039 tio
2310 2971 2596 3040 niunda.
2640 2969 2795 3051 Vel,
2845 2972 3224 3042 secundum
3283 2971 3486 3042 aliam
3537 2972 3730 3041 litte-

2183 3100 2355 3156 ram,
2398 3100 2550 3171 quoe
2578 3076 2810 3157 habet,
2867 3107 2899 3140 α
2942 3079 3500 3149 dominationes:
3537 3105 3571 3144 ιο
3618 3078 3733 3148 Sic

2182 3185 2317 3253 dixi
2365 3207 2382 3254 t
2418 3185 2829 3263 Benedicite,
2873 3193 2938 3254 et
2978 3186 3283 3257 debetis:
3322 3216 3355 3250 «
3399 3189 3728 3279 quoniam

2183 3290 2683 3359 dominationes
2748 3293 2896 3381 ejus
2950 3300 3110 3361 sunt
3150 3294 3219 3361 in
3257 3296 3446 3361 omni
3480 3291 3658 3370 loco,
3689 3320 3721 3356 ι

2181 3398 2373 3467 nullo
2420 3408 2729 3490 excepto.
2795 3398 3244 3469 Cassiodorus
3307 3424 3324 3469 τ
3369 3425 3403 3466 «
3448 3400 3619 3470 Cum
3662 3404 3732 3470 in

2185 3535 2218 3569 «ι
2254 3507 2442 3575 omni
2482 3506 2635 3576 loco
2673 3507 2942 3587 dicitur,
2980 3508 3529 3600 nihilexcipitur,
3573 3511 3735 3601 quia

2184 3639 2218 3680 α
2257 3617 2326 3683 in
2368 3617 2559 3684 omni
2589 3615 2742 3685 loco
2781 3614 3202 3687 dominatur.
3252 3643 3286 3684 ι

2273 3849 2308 3890 ι
2352 3823 2667 3901 Benedic,
2701 3826 2942 3891 anima
2972 3847 3148 3893 mea.
3191 3854 3224 3887 n
3275 3825 3401 3894 Hic
3430 3827 3734 3908 tertium,

2180 3938 2251 4004 in
2283 3957 2421 4026 quo
2451 3934 2624 4003 redit
2651 3933 2733 4002 ad
2766 3938 3013 4005 animae
3043 3936 3619 4011 exhortationem.
3651 3957 3737 4004 ne

2179 4042 2565 4112 crederetur
2591 4063 2742 4109 eam
2774 4043 2844 4110 in
2884 4042 3214 4112 omnibus
3242 4043 3566 4136 operibns
3595 4066 3735 4113 non

2182 4146 2807 4242 comprehendisse.

2270 4258 2388 4327 Ait
2422 4259 2608 4328 enim
2653 4279 2672 4328 ε
2715 4255 2833 4327 Sic
2877 4261 3114 4329 omnia
3143 4282 3354 4352 opera
3384 4259 3737 4331 benedici-

2181 4374 2272 4439 te.
2317 4370 2385 4433 et
2419 4373 2523 4446 tu,
2570 4391 2605 4427 κ
2634 4365 2874 4433 anima
2930 4387 3112 4446 mea,
3181 4363 3458 4435 benedic
3498 4366 3736 4437 Domi·

2181 4494 2269 4540 no
2300 4493 2324 4538 .·
2356 4494 2391 4536 n
2413 4470 2588 4540 sicut
2619 4468 2781 4539 dicit
2810 4468 3058 4540 Glossa
3088 4493 3108 4541 ε
3139 4496 3174 4537 ι
3207 4471 3264 4540 Δ
3298 4495 3436 4564 quo
3467 4472 3729 4565 incipit,

2184 4604 2219 4645 ι
2251 4578 2324 4646 in
2361 4574 2492 4646 hoc
2558 4576 2964 4646 terminatur
3019 4576 3362 4656 Psalmus,
3417 4587 3494 4648 ut
3543 4602 3740 4650 mon·

2186 4712 2219 4749 α
2253 4691 2503 4753 stretur
2553 4682 2737 4775 quod
2791 4681 2997 4752 debet
3047 4705 3196 4753 esse
3231 4683 3580 4755 circularis
3610 4686 3734 4757 Dei

2186 4819 2221 4860 ι
2291 4790 2702 4878 benedictio,
2758 4799 2825 4861 et
2888 4791 3036 4860 sine
3101 4791 3264 4873 fine,
3356 4794 3734 4865 secundum

2185 4926 2221 4962 α
2262 4896 2430 4967 illud
2473 4920 2491 4967 ε
2527 4897 2939 4967 Benedicam
2979 4900 3363 4970 Dominum
3421 4903 3493 4970 in
3545 4903 3740 4971 omni

2191 5031 2224 5065 ι
2264 5012 2566 5094 tempore
2589 5016 2637 5068 ¹.
2676 5027 2711 5066 ι
2746 4999 3050 5072 Benedic
3119 5026 3315 5096 ergo.
3393 5026 3436 5074 o
3502 5004 3734 5074 anima

2184 5129 2363 5185 mea,
2406 5113 2482 5174 ut
2554 5105 2914 5177 benedicat
2980 5116 3052 5177 te
3104 5109 3293 5178 Deus
3349 5120 3584 5179 noster
3618 5109 3737 5181 illa

2182 5210 2682 5295 benedictione,
2726 5213 2812 5285 de
2852 5237 3014 5307 qua,
3073 5212 3319 5284 Mattb.
3370 5237 3535 5298 xxv,
3578 5216 3665 5286 34
3710 5240 3728 5287 t

2198 5319 2445 5401 Venite,
2514 5319 2848 5390 benedieti
2902 5319 3139 5390 Patris
3200 5320 3358 5403 mei,
3392 5322 3738 5413 possidete

2254 5554 2280 5593 ¹
2317 5555 2475 5613 Psal.
2510 5559 2788 5626 xxxam.
