5008 6329
667 393 796 461 280

671 566 786 658 78.
841 558 1404 634 confundantur
1473 553 1796 647 superbi,
1890 548 2062 641 quia
2124 545 2229 614 in-

939 669 1122 757 juste
1206 661 1675 755 iniquitatem
1753 660 2075 728 fecerunt
2153 650 2225 719 in

937 796 1053 844 me
1117 796 1131 840 ε
1219 793 1350 862 ego
1409 787 1653 839 autem
1703 763 2089 836 exercebor
2154 757 2228 826 in

938 882 1306 951 mandatis
1348 878 1518 949 tuis.

672 1011 784 1081 79.
840 985 1373 1057 Convertamur
1432 980 1614 1051 mihi
1696 977 2041 1047 timentes
2131 990 2227 1059 te,

940 1113 1008 1165 ct
1048 1092 1172 1187 qui
1226 1104 1583 1161 noverunt
1632 1084 2048 1156 testimonia
2077 1100 2225 1152 tua.

679 1207 797 1277 80.
847 1203 1009 1274 Fiat
1057 1222 1178 1270 cor
1226 1219 1475 1269 meum
1524 1194 2073 1266 immaculatum
2155 1190 2228 1258 in

944 1305 1578 1400 justificationibus
1660 1303 1835 1390 tuis,
1920 1318 2004 1370 ut
2082 1320 2226 1367 non

948 1417 1373 1489 confundar.

1330 1939 1599 2038 1000).

764 2398 798 2439 c
832 2374 1088 2441 Manus
1125 2379 1284 2449 tute,
1319 2368 1634 2437 Domine.
1666 2391 1699 2431 s
1735 2364 1864 2433 llic
1891 2362 2220 2442 sccund0,

671 2484 846 2548 sicut
883 2480 1195 2569 superius
1243 2476 1499 2545 dictum
1532 2474 1680 2551 suit,
1715 2473 1940 2564 agitur
1967 2472 2051 2541 de
2089 2493 2229 2539 me-

675 2590 803 2658 rito
842 2588 1377 2680 proficientium,
1414 2593 1749 2676 quantum
1772 2582 1859 2651 ad
1888 2582 2225 2674 cognitio-

672 2720 832 2766 nem
871 2694 1122 2763 divinae
1164 2694 1533 2786 aequitatis.
1571 2690 1765 2761 Sicut
1803 2690 2080 2759 enimin
2110 2713 2229 2758 an-

673 2802 1028 2873 tecedente
1061 2802 1414 2871 octonario
1454 2799 1804 2868 consessus
1832 2806 1933 2866 est
1976 2820 2047 2866 se
2111 2820 2228 2867 cx·

687 2923 955 3006 pet-tum
985 2934 1131 2981 esse
1168 2911 1473 2980 divinam
1522 2909 1925 2994 bonitatem,
1966 2908 2064 2975 sic
2119 2905 2229 2975 hic

676 3021 1040 3091 confitetur
1056 3020 1461 3113 cognovisse
1483 3018 1785 3086 divinam
1805 3017 2226 3107 aequitatem,

659 3131 997 3222 justitiam
1067 3127 1322 3197 scilicet
1367 3149 1526 3197 cum
1578 3123 2076 3205 misericordia,
2108 3123 2226 3200 ubi

667 3238 852 3321 dicit,
893 3245 960 3314 5.
1029 3238 1160 3306 75:
1221 3265 1257 3301 α
1302 3235 1636 3326 Coqnovi,
1686 3233 2005 3303 Domine.
2044 3260 2078 3294 n
2138 3230 2230 3298 Et

677 3347 845 3436 petit
886 3344 1107 3412 Deum
1148 3344 1369 3434 magis
1398 3365 1669 3434 semper
1704 3339 2127 3433 promoveri,
2162 3340 2232 3407 in

675 3451 789 3520 illa
810 3451 1156 3543 aequitate,
1210 3459 1285 3518 ut
1332 3449 1583 3517 sentiat
1641 3449 1787 3539 ejus
1854 3447 2233 3515 misericor·

665 3559 850 3627 diam
903 3560 974 3626 in
1034 3556 1526 3626 afflictionibus
1578 3578 1649 3624 se
1712 3555 1823 3647 pie
1871 3553 2234 3623 consolan·

670 3675 838 3736 tem.

623 3796 632 3804 ·
758 3773 1101 3842 Dividitur
1169 3782 1400 3841 autem
1469 3771 1863 3840 octonarius
1941 3771 2067 3838 iste
2163 3770 2230 3835 in

673 3890 970 3974 quatuor
1024 3889 1273 3972 parteS.
1339 3880 1578 3947 l‘rimo
1656 3878 1932 3970 quidem
1977 3877 2231 3968 gratias

679 3988 947 4081 agendo
972 3988 1375 4057 beneficium
1410 3987 1773 4056 creationis
1801 3985 2063 4054 recolit.
2101 3985 2232 4053 Sc·-

690 4097 938 4178 cundo,
986 4098 1153 4189 petit
1201 4095 1344 4164 dari
1394 4095 1525 4164 sibi
1563 4094 1982 4163 intellectum
2030 4092 2228 4184 legis,

678 4205 798 4288 ibi,
835 4236 868 4270 α
903 4209 1016 4275 Da
1054 4206 1228 4273 mihi
1258 4204 1709 4274 intellectum.
1756 4229 1791 4270 s
1822 4203 2078 4288 Terti0,
2123 4225 2235 4269 re-

609 4305 622 4315 ’
673 4316 1026 4407 cognoscit
1064 4337 1135 4381 se
1191 4320 1556 4404 expertum
1605 4310 1909 4380 divinam
1954 4310 2233 4402 aequita·

675 4431 840 4504 tem,
892 4422 1010 4501 ibi,
1061 4430 1128 4499 5.
1178 4422 1345 4502 752,
1393 4448 1424 4486 ι
1470 4421 1796 4513 Coqnovi,
1845 4420 2228 4488 Domine.»

680 4528 937 4611 Quarto
976 4537 1044 4600 et
1081 4529 1352 4608 ultimo,
1378 4529 1622 4621 quaerit
1649 4550 1920 4619 semper
1947 4528 2088 4618 regi
2120 4549 2233 4595 se-

679 4629 979 4711 cundum
1028 4637 1240 4721 illam,
1288 4646 1351 4708 et
1412 4640 1481 4707 in
1520 4637 1650 4707 hac
1697 4634 2063 4720 consolari,
2109 4636 2228 4716 ibi,

679 4753 743 4825 ῒ.
786 4749 917 4816 76:
965 4774 1001 4810 α
1042 4747 1206 4815 Fiat
1232 4744 1706 4815 misericordia
1739 4755 1888 4812 tua.
1924 4769 1961 4807 n

766 4853 845 4922 In
883 4855 1131 4946 prima,
1165 4856 1389 4945 primo
1459 4852 1694 4922 recolit
1746 4851 2002 4944 gratias
2055 4849 2234 4918 rele-

675 4963 885 5034 r‘endo
911 4962 1319 5032 beneficium
1358 4961 1748 5046 creationis,
1791 4967 2123 5052 quantum
2149 4957 2233 5025 ad

676 5071 1001 5143 animam.
1066 5069 1414 5139 Secundo
1445 5067 1949 5161 plasmationis,
2008 5089 2235 5159 quan-

678 5187 824 5276 tum
846 5177 931 5248 ad
958 5200 1231 5273 corpuS,
1267 5177 1387 5257 ibi,
1417 5206 1453 5242 α
1476 5179 1573 5245 Et
1605 5175 2166 5271 plasmaverunt.
2194 5199 2229 5241 s

709 5615 720 5628 ·
759 5665 778 5704 ¹
807 5664 921 5721 lsa.
953 5672 1109 5728 xun,
1138 5656 1170 5716 7
1196 5671 1211 5715 ε
1242 5657 1308 5715 Et
1336 5672 1552 5714 omnem
1605 5652 1706 5727 qui
1759 5652 1982 5710 invoca
2030 5663 2229 5706 nomen

686 5767 892 5824 meum,
942 5770 1004 5810 m
1057 5748 1295 5822 aleriam
1345 5762 1523 5804 meam
1568 5744 1751 5802 creavi
1787 5757 1937 5812 cum,
1991 5738 2233 5811 tomani

1662 378 1748 450 D.
1797 378 2000 449 ALB.
2048 375 2270 445 MAG.
2323 371 2533 440 ORD.
2583 364 2882 436 PRAED.

2433 543 2610 611 Dicit
2646 555 2843 630 ergo:
2879 533 2979 602 Ita
3017 533 3197 599 bona
3247 533 3370 605 est,
3415 521 3737 597 Domine,
3770 515 3879 582 lex
4000 552 4121 616 73

2337 661 2480 730 tua,
2515 660 2584 720 et
2611 651 2875 739 justum
2898 651 3022 724 est,
3050 640 3209 732 quia
3240 660 3280 705 o
3336 662 3366 697 «
3397 629 3712 704 Domine,
3739 646 3883 690 ma-

2336 783 2467 827 nus
2498 769 2631 826 tuae
2667 758 2974 845 fecerunt
3016 771 3146 831 me,
3186 774 3219 808 »
3262 742 3346 810 ad
3403 735 3771 827 imaginem
3820 737 3885 795 et

2337 865 2859 936 similitudinem
2903 868 3119 925 tuam.
3172 853 3416 921 Genes.
3453 870 3501 924 1,
3555 844 3688 911 26:
3743 840 3886 907 Fa-

2337 977 2603 1044 ciamus
2661 971 3005 1039 hominem
3044 964 3140 1031 ad
3182 958 3553 1049 imaqinem
3584 959 3648 1018 et
3691 947 3889 1016 simi-

2340 1081 2715 1150 litudinem
2752 1085 3080 1143 nostram.
3120 1065 3326 1134 Eccli.
3357 1082 3528 1133 xvii.
3578 1059 3609 1124 1
3643 1080 3658 1124 :
3704 1057 3888 1124 Deus

2335 1189 2594 1257 creavit
2642 1185 2985 1252 hominem
3035 1178 3117 1246 de
3156 1186 3362 1252 terra,
3398 1183 3461 1239 et
3521 1167 3885 1239 secundum

2337 1295 2716 1386 imaqinem
2751 1311 2952 1358 suam
3006 1288 3171 1379 fecit
3203 1284 3436 1351 illum.
3502 1305 3536 1346 α
3570 1281 3667 1347 Et
3698 1275 3886 1367 plas-

2334 1410 2699 1472 maverunt
2753 1423 2881 1478 me,
2919 1424 2952 1464 n
3013 1393 3386 1465 secundum
3436 1409 3707 1479 corpus.
3752 1383 3878 1451 lsa.

2333 1534 2518 1596 wa,
2554 1511 2636 1577 8:
2669 1506 2988 1590 Domine,
3016 1512 3219 1594 pater
3262 1507 3490 1566 noster
3527 1517 3593 1562 cs
3632 1501 3733 1575 tu,
3765 1511 3885 1558 nos

2333 1641 2489 1688 vero
2524 1617 2754 1685 lutum
2787 1637 2808 1680 .·
2840 1626 2902 1680 et
2929 1611 3129 1700 fictor
3175 1617 3404 1676 noster
3431 1614 3531 1683 tu,
3580 1611 3644 1669 et
3682 1620 3885 1690 opera

2332 1747 2673 1796 manuum
2713 1734 2995 1790 tuarum
3025 1740 3255 1787 omnes
3290 1738 3436 1783 nos.
3463 1713 3565 1780 De
3596 1718 3885 1797 utroque

2335 1832 2572 1913 simul,
2635 1839 2702 1900 et
2757 1852 2879 1921 per
2924 1826 3160 1896 eadem
3214 1821 3451 1901 verba,
3493 1818 3652 1901 Job,
3684 1838 3755 1899 x,
3789 1815 3828 1880 8
3863 1834 3878 1879 :

2328 1944 2593 2010 Manus
2639 1949 2777 2007 tuae
2838 1940 3148 2026 lecerunt
3185 1955 3316 2012 me,
3377 1939 3440 1997 et
3489 1927 3887 2021 plasmave-

2331 2058 2498 2119 runt
2517 2072 2650 2117 ine.
2685 2046 2817 2115 Isa.
2851 2067 3036 2124 xmn,
3067 2044 3147 2111 7:
3190 2039 3431 2110 Creavi
3460 2058 3645 2117 eum,
3681 2051 3887 2122 quan·

2330 2169 2477 2227 tum
2520 2156 2607 2225 ad
2659 2154 2962 2224 animam
3002 2174 3017 2219 ε
3069 2149 3379 2242 formavi
3433 2166 3614 2220 enm,
3661 2135 3885 2233 quoad

2331 2287 2619 2358 corpus:
2648 2265 2787 2355 leci
2818 2284 2973 2331 eum
3005 2271 3054 2341 ¹,
3106 2264 3441 2350 quantum
3474 2253 3559 2322 ad
3616 2258 3885 2318 utrum-

2331 2396 2490 2465 que.
2527 2372 2771 2440 Manus
2802 2377 3031 2438 autem
3063 2367 3192 2434 Dei
3216 2362 3526 2456 potentia
3592 2354 3886 2449 appella-

2331 2490 2465 2565 tur,
2504 2488 2574 2549 et
2602 2478 2957 2569 sapientia,
2993 2475 3154 2567 quia
3183 2495 3304 2564 per
3332 2470 3510 2539 hanc
3540 2471 3880 2557 operatur,

2331 2588 2508 2655 sicut
2554 2585 2768 2654 homo
2815 2607 2936 2675 per
2993 2603 3263 2650 manus.
3302 2577 3553 2668 Supra,
3589 2575 3659 2640 in
3696 2567 3879 2638 l‘sal.

2331 2718 2468 2776 cm,
2506 2696 2640 2763 25:
2695 2695 2843 2762 Iloc
2888 2713 3079 2758 mare
3115 2707 3454 2778 maqnum
3501 2693 3566 2750 et
3618 2679 3887 2774 spatio-

2330 2826 2489 2873 sum
2521 2799 2872 2878 manibus,
2906 2796 3170 2889 supple,
3215 2794 3454 2863 fecisti.

2426 2938 2459 2978 α
2501 2914 2617 2979 Da
2651 2909 2827 2978 milei
2871 2906 3320 2987 intellectum,
3367 2929 3401 2966 n
3454 2923 3594 2969 non
3641 2904 3888 2989 poten-

2334 3020 2501 3088 tiam
2545 3015 3060 3093 intellectivam,
3110 3010 3441 3104 quoniam
3481 3005 3661 3074 hanc
3705 3000 3887 3071 dedi·

2335 3128 2422 3198 sti
2444 3128 2515 3196 in
2541 3124 2860 3204 creand0‚
2895 3122 3013 3193 sed
3051 3121 3137 3192 ad
3169 3115 3690 3210 intelligendum
3731 3134 3887 3205 gra-

2336 3225 2533 3320 tiam,
2598 3235 2772 3302 sicut
2818 3231 3163 3325 promittis
3212 3231 3282 3296 in
3339 3224 3524 3294 Psal.
3572 3244 3760 3300 xxxi,
3815 3220 3879 3296 8,

2336 3365 2547 3434 supra
2572 3364 2588 3411 ε
2614 3339 3044 3410 Intellectum
3067 3336 3198 3405 tibi
3225 3333 3430 3414 dabo,
3454 3342 3518 3400 et
3550 3332 3887 3400 instruam

2338 3460 2425 3527 te,
2469 3455 2598 3516 etc.
2634 3445 2697 3513 Il
2719 3443 2805 3514 ad
2831 3441 3129 3512 Timoth.
3176 3464 3247 3523 ιι,
3280 3442 3363 3509 7:
3398 3436 3724 3527 Intelliqe
3740 3453 3890 3525 qna?

2337 3555 2533 3623 dico:
2573 3551 2771 3623 dabit
2789 3553 2969 3621 enim
3000 3550 3131 3619 tibi
3166 3547 3510 3618 Dominus
3553 3545 3623 3612 in
3662 3539 3890 3609 omni-

2340 3662 2466 3731 bus
2506 3660 2951 3729 intellectum.
2997 3657 3305 3750 Sapient.
3356 3676 3478 3736 vn,
3527 3652 3606 3719 17
3643 3671 3659 3718 ε
3716 3652 3886 3742 lpse,

2336 3769 2594 3839 scilicet
2629 3769 2993 3847 Dominus,
3028 3765 3218 3833 dedit
3239 3763 3414 3831 milei
3448 3761 3695 3829 horum
3739 3777 3889 3849 qna?

2334 3889 2501 3947 sunt
2537 3877 2892 3945 scientiam
2926 3895 3181 3942 veram.
3227 3871 3331 3939 Da
3370 3879 3469 3947 tu,
3503 3889 3644 3936 non
3686 3863 3885 3945 alius,
3938 3875 4098 3923 soth·-
4124 3874 4211 3923 001

3914 3932 4047 3978 ..td

2337 3987 2547 4056 etiam
2605 3984 2935 4075 AngeluS‚
3015 3984 3216 4058 sicut,
3289 3975 3561 4046 Daniel.
3629 3997 3698 4051 x,
3754 3974 3882 4039 ¹2:
3954 3986 4208 4033 ιοιιοεωω.

2341 4095 2492 4185 qu
2530 4093 2687 4161 veni
2714 4100 2997 4184 propter
3031 4109 3372 4157 sermones
3416 4093 3597 4164 tuos,
3639 4079 3889 4150 scilicet

2336 4210 2415 4268 ut
2457 4197 2876 4269 intellectum
2906 4196 3027 4265 tibi
3068 4195 3330 4272 darem,
3367 4192 3530 4260 dicit
3559 4187 3886 4280 Angelus.

2339 4307 2478 4377 Sed
2509 4305 2881 4399 improprie
2923 4303 3267 4395 loquitur:
3300 4298 3435 4369 hoc
3480 4297 3665 4366 enim
3707 4291 3893 4363 solus

2338 4416 2528 4484 Deus
2581 4414 2767 4483 facit.
2819 4411 3023 4482 Eccli.
3078 4433 3153 4493 ιι,
3204 4409 3335 4478 26:
3385 4404 3674 4476 Homini
3721 4401 3893 4470 bono

2337 4523 2530 4592 dedit
2578 4524 2768 4592 Deus
2836 4518 3277 4612 sapientiam,
3328 4512 3891 4605 intelliqentiam,

2337 4640 2403 4701 ct
2428 4632 2813 4701 scientiam.
2848 4629 2949 4697 Da
2980 4649 3147 4719 ergo
3179 4623 3626 4704 intellectum,
3660 4619 3777 4689 sed
3810 4618 3893 4687 ad

2338 4738 2545 4832 quid?
2580 4766 2614 4803 «
2653 4738 2744 4808 Ut
2788 4736 3048 4804 discam
3093 4732 3430 4802 mandata
3461 4739 3612 4813 tua,
3657 4755 3693 4792 n
3754 4749 3893 4796 non

2339 4849 2527 4939 leges
2564 4846 2925 4925 humanas,
2973 4854 3041 4913 ct
3086 4848 3446 4936 praecepta.
3509 4838 3786 4908 Denter.
3820 4859 3890 4918 v,

2343 4957 2372 5024 1
2401 4954 2714 5062 {Discite
2741 4977 2845 5033 ea,
2888 4963 2953 5020 et
2990 4974 3190 5044 opere
3214 4945 3572 5040 complete.

2434 5299 2470 5335 α
2519 5268 2659 5358 Qui
2713 5267 2954 5334 timent
2990 5273 3057 5335 te
3101 5259 3431 5331 videbunt
3482 5280 3614 5326 me.
3653 5284 3689 5323 n
3764 5253 3893 5323 llic

2337 5379 2696 5472 persuasio
2733 5373 2819 5444 ab
2849 5373 3137 5443 utilitate
3185 5366 3490 5450 illorum,
3530 5364 3691 5458 quia
3727 5363 3891 5432 boni

2336 5656 2485 5715 cum,
2516 5646 2570 5699 et
2595 5639 2708 5712 {cci
2736 5655 2883 5696 eum.

4025 5291 4146 5356 54

4051 3944 4134 3977 ora
4164 3931 4237 3975 tn-
