5008 6329
716 317 840 381 422

711 489 1024 570 SanctuS,
1107 499 1410 567 sanctuS,
1518 500 1822 571 sanctus,
1919 495 2264 562 Dominus

713 599 1153 674 exercitumn,
1253 597 1482 662 statim
1541 597 1771 666 subdit
1823 622 1837 666 ε
1902 600 2126 667 Plena
2165 612 2266 669 est

713 707 929 770 omnis
996 715 1175 770 terra
1246 705 1482 795 qloria
1549 707 1729 796 ejus,
1791 707 2049 776 scilicet
2113 710 2264 778 Do-

713 810 943 876 mini¹.

799 1023 1137 1094 Dividitur
1166 1035 1394 1093 autern
1427 1024 1744 1093 Psalmus
1775 1026 1845 1091 in
1885 1024 2054 1093 duas
2101 1046 2265 1115 par-

714 1141 835 1200 tes.
872 1132 1127 1210 Primo,
1163 1142 1401 1200 monet
1430 1134 1516 1199 ad
1547 1131 1768 1200 laudis
1799 1134 2051 1201 divinae
2091 1156 2262 1201 con-

710 1240 1092 1308 fessionem.
1165 1237 1508 1324 Secundo,
1567 1241 1752 1309 addit
1826 1242 2046 1309 laudis
2095 1265 2262 1310 cau-

710 1368 879 1423 sam,
922 1345 1173 1413 scilicet
1210 1345 1457 1414 divinae
1488 1348 1969 1416 misericordiae
2027 1349 2258 1416 excel-

708 1449 1009 1530 lentiam,
1043 1450 1162 1536 ibi,
1201 1476 1234 1517 α
1282 1453 1628 1535 Quoniam
1661 1452 1898 1521 bonuS.
1932 1480 1962 1517 n

791 1768 968 1835 Dicit
996 1791 1155 1858 ergo
1188 1789 1203 1834 :
1261 1768 1376 1834 Sic
1416 1769 1656 1835 monui
1684 1768 1964 1837 laudare
1998 1770 2245 1861 Deum⁹

704 1884 769 1942 et
807 1875 1026 1942 adhuc
1054 1874 1204 1942 dico
1241 1897 1257 1940 ε
1296 1903 1329 1939 α
1386 1876 1855 1962 Confitemiui,
1894 1900 1926 1940 n
1988 1875 2252 1944 confes-

700 1982 885 2049 sione
923 1981 1165 2060 laudiS,
1201 2004 1409 2072 quam
1442 1981 1731 2051 libenter
1787 1982 1973 2050 Deus
2029 1982 2244 2064 audit,

696 2099 761 2158 et
789 2114 929 2169 ore,
964 2101 1029 2158 et
1057 2115 1285 2181 opere.
1317 2091 1487 2159 Tol».
1524 2115 1668 2174 xm,
1704 2094 1743 2159 6
1780 2115 1795 2159 :
1844 2092 2249 2180 Confitemi-

688 2200 765 2265 ni
792 2197 929 2275 itti,
972 2197 1232 2289 supple,
1267 2222 1410 2282 ore,
1453 2223 1814 2289 reyemque
1835 2197 2246 2267 saeculorum

694 2307 993 2375 exaltate
1018 2308 1085 2373 in
1116 2306 1435 2398 operibus
1467 2310 1728 2392 vestris,
1792 2317 1868 2376 ut
1923 2310 2246 2377 conlitea-

694 2415 859 2482 mini
898 2438 1123 2506 opere.
1194 2415 1633 2508 Contitemini
1692 2418 1899 2485 etiam
1939 2416 2241 2485 Domino

693 2524 1110 2592 confessione
1140 2526 1395 2616 peccati
1421 2525 1673 2615 primo,
1720 2528 1867 2593 sine
1926 2549 2060 2616 qua
2101 2547 2241 2592 non

692 2630 869 2699 valet
908 2634 1121 2721 prima
1156 2655 1171 2700 :
1208 2633 1394 2723 quia,
1439 2633 1643 2701 Eccli.
1679 2657 1794 2713 xv,
1836 2637 1905 2717 9,
1938 2635 2185 2702 dicitur
2218 2655 2234 2701 :

689 2740 840 2806 Non
897 2751 992 2807 est
1043 2742 1343 2832 speciosa
1395 2740 1554 2808 laus
1596 2743 1663 2808 in
1695 2766 1812 2808 ore
1827 2743 2232 2832 peccatoris.

692 2845 771 2911 Et
801 2846 1195 2937 intelligitur
1235 2858 1509 2938 peccata
1545 2849 1851 2916 confiteri
1912 2848 2231 2916 nolentis,

690 2953 773 3022 Et
826 2965 985 3024 tunc
1025 2955 1205 3024 Deus
1262 2957 1560 3025 dimittit.
1611 2957 1936 3026 l'roverh.
1971 2981 2231 3047 μανψ,

695 3062 772 3129 ¹3
805 3083 822 3128 :
861 3065 997 3147 Qui
1023 3075 1252 3133 autem
1281 3087 1362 3133 ea
1390 3070 1738 3157 consessus
1764 3066 2008 3155 luerit,
2046 3075 2110 3132 et
2137 3088 2235 3133 re-

691 3169 990 3259 liquerit,
1033 3175 1574 3242 misericordiam
1614 3184 2083 3266 consequetur.
2150 3174 2233 3241 Et

688 3282 783 3349 sic
802 3282 1107 3370 sequitur
1126 3281 1298 3362 laus,
1325 3289 1602 3373 propter
1628 3282 1813 3374 quod
1842 3282 2231 3350 dicitJosue

690 3387 773 3455 ad
810 3386 1090 3456 Achan:
1125 3390 1273 3457 Fili
1302 3392 1424 3466 mi,
1468 3390 1561 3457 da
1596 3392 1900 3481 qloriam
1934 3391 2232 3458 Domino

689 3500 830 3565 Deo
870 3499 1107 3574 lsrael,
1140 3508 1204 3565 et
1260 3499 1601 3586 confitere,
1661 3496 1929 3589 supple,
1970 3498 2235 3566 confes·

1776 315 1857 384 D.
1913 318 2112 387 ALB.
2167 321 2388 390 MAG.
2442 324 2650 393 ORD.
2702 325 3001 395 PRAED.

2376 499 2444 564 in
2475 499 2988 590 tranquillitate,
3027 499 3326 591 Sapient.
3359 524 3476 581 xn,
3518 504 3544 566 1
3586 524 3599 566 :
3633 502 3916 592 Oquam

2376 602 2588 671 honus
2628 616 2692 672 et
2768 609 3000 674 suavis
3071 616 3191 685 est,
3249 609 3564 681 Domine,
3632 609 3917 695 spiritus

2373 722 2536 778 tuus
2576 715 2646 780 in
2685 712 2928 781 nobis!
2962 714 3048 779 Et
3076 715 3460 782 confortans
3492 715 3560 779 in
3626 712 3918 779 tribula-

2372 821 2585 896 tione,
2621 819 2920 900 Nahum,
2964 842 3009 897 ι,
3045 821 3082 886 ’7
3120 843 3135 884 :
3172 822 3404 888 Bonus
3435 820 3793 896 DomiuuS,
3852 830 3916 886 et

2371 931 2770 1016 confortans
2809 929 2879 993 in
2910 928 3020 994 die
3057 927 3552 997 tribulationis.

2464 1174 2497 1208 (ι
2547 1149 2891 1231 Quoniam
2923 1150 2995 1215 in
3048 1159 3399 1217 aeternum.
3446 1173 3479 1212 n
3521 1146 3650 1214 Hic
3705 1169 3910 1214 mon-

2367 1262 2621 1321 stratur
2647 1255 2971 1324 bonitatis
2999 1257 3416 1337 excellentia,
3443 1266 3508 1325 et
3529 1256 3905 1346 tripliciter.

2366 1359 2630 1446 Primo,
2666 1386 2707 1431 a
2764 1363 3119 1432 duratione
3164 1364 3481 1433 bonitatis
3533 1375 3595 1433 et
3646 1363 3908 1430 miseri·

2363 1470 2637 1537 cordiae.
2698 1469 3040 1551 Secundo,
3099 1473 3184 1540 ab
3239 1473 3618 1541 intensione
3701 1493 3905 1561 super

2362 1596 2604 1645 omnes
2635 1578 3128 1658 misericordeS,
3173 1580 3291 1660 ibi,
3332 1588 3394 1656 ἲ.
3439 1583 3478 1646 2
3525 1603 3540 1647 :
3580 1605 3612 1644 α
3676 1577 3904 1666 Confi-

2359 1685 2798 1752 temiuiDeO.
2838 1710 2870 1750 n
2901 1685 3152 1767 Terti0,
3188 1687 3272 1754 ab
3316 1709 3599 1778 operum
3640 1684 3903 1774 magni-

2360 1786 2622 1866 tudine,
2685 1796 2752 1857 et
2816 1789 3405 1881 multiplicatione,
3462 1790 3581 1868 ibi,
3650 1797 3713 1866 ς’.
3766 1789 3808 1853 4
3877 1810 3893 1854 :

2361 1919 2395 1955 α
2443 1897 2584 1979 Qui
2606 1897 2783 1985 facit
2809 1896 3191 1966 mirabilia.
3231 1924 3263 1965 n

2447 2001 2628 2071 Dicit
2656 2026 2861 2096 ergo:
2927 2004 3041 2075 Sic
3096 2010 3514 2077 confitemini
3569 2011 3895 2097 Domino,

2356 2111 2683 2198 quoniam
2723 2111 2969 2192 bonus,
3004 2121 3070 2181 et
3108 2116 3309 2183 etiam
3332 2142 3364 2181 α
3397 2118 3723 2208 quoniam
3761 2120 3900 2186 mi-

2351 2217 2727 2283 sericordia
2765 2218 2941 2307 ejus,
2988 2244 3022 2285 ι
3073 2222 3204 2290 hoc
3243 2233 3367 2303 est,
3420 2223 3712 2303 bonitaS,
3758 2248 3896 2293 non

2352 2331 2453 2390 est
2490 2325 2886 2415 temporalis
2916 2335 2980 2394 et
3010 2330 3398 2397 transitoria
3429 2332 3603 2399 sicut
3640 2343 3889 2416 vestra,

2351 2428 2551 2509 Osee,
2585 2454 2679 2508 vi,
2724 2434 2809 2499 4:
2866 2436 3340 2504 Misericordia
3405 2449 3625 2506 vestra
3690 2443 3894 2531 quasi

2347 2540 2562 2607 nubes
2590 2543 2963 2624 matutina,
2994 2553 3060 2610 et
3102 2547 3280 2613 sicut
3308 2570 3416 2614 ros
3481 2572 3681 2616 mane
3727 2572 3893 2640 per-

2349 2649 2711 2715 transiens.
2751 2647 2887 2717 Sed
2920 2676 2955 2716 α
2990 2653 3061 2718 in
3097 2663 3451 2734 aeternum,
3490 2681 3523 2720 n
3557 2656 3623 2723 id
3651 2666 3776 2735 est,
3817 2659 3888 2725 in

2349 2756 2667 2843 praesenti
2708 2757 2983 2842 saecule,
3017 2767 3083 2827 et
3110 2760 3181 2827 in
3210 2760 3461 2830 futuro.
3496 2762 3703 2832 Eccli.
3772 2788 3882 2844 xc,

2347 2862 2426 2928 Π
2465 2883 2481 2927 :
2514 2863 2762 2931 Gratia
2798 2866 2977 2933 sicut
2989 2868 3364 2957 paradisus
3403 2870 3888 2940 bebenedictio-

2339 2967 2569 3047 nibus,
2595 2980 2658 3036 et
2678 2972 3147 3041 misericordia
3178 2976 3249 3042 iu
3265 2976 3592 3045 saeculum
3608 3001 3886 3069 perma-

2335 3084 2473 3143 net.
2506 3074 2715 3144 Eccli.
2748 3100 2913 3164 xvu,
2944 3081 3072 3149 28:
3109 3085 3334 3168 Quam
3371 3106 3627 3175 maqna
3664 3087 3873 3154 mise-

2339 3184 2959 3268 ricordiaDomini‚
2982 3200 3047 3256 et
3054 3192 3465 3281 propitiatio
3489 3192 3689 3260 iltius
3718 3217 3885 3262 con-

2336 3290 2753 3361 vertentibus
2771 3292 2869 3361 ad
2888 3317 2961 3362 se
2978 3298 3009 3362 ,Ι
3037 3293 3138 3362 lbi
3166 3318 3522 3376 coronans,
3554 3298 3735 3367 l'sal.
3769 3322 3881 3379 cn,

2339 3399 2422 3465 4:
2471 3402 2611 3484 Qui
2636 3411 2915 3470 coronat
2944 3414 3009 3471 te
3036 3406 3106 3471 iu
3146 3406 3609 3474 misericordia
3666 3419 3730 3476 et
3759 3411 3885 3476 mi-

2333 3509 2815 3579 serationibus.
2860 3511 3011 3590 Vel,
3044 3523 3268 3604 potest
3294 3513 3518 3583 referri
3553 3522 3773 3584 totum
3796 3516 3882 3585 ad

684 3605 873 3674 sione
920 3605 1135 3674 laudis
1171 3630 1185 3673 :
1222 3615 1290 3674 et
1319 3606 1451 3675 hoc
1490 3616 1564 3675 ut
1592 3606 1797 3697 digne
1827 3609 2075 3699 possis,
2120 3610 2233 3676 in-

684 3712 836 3781 dica
876 3714 1048 3782 milii
1082 3714 1272 3804 quod
1293 3715 1537 3805 seceris
1564 3712 1609 3782 '.
1655 3714 1785 3783 lsa.
1851 3738 2035 3793 xun,
2079 3720 2165 3784 26
2209 3739 2225 3784 ε

679 3821 907 3889 Narra
943 3824 1005 3889 si
1031 3823 1207 3913 quid
1228 3822 1462 3905 habes,
1511 3824 1889 3914 iniquitatis
1954 3835 2022 3893 et
2085 3824 2226 3894 cul-

678 3951 803 4018 pae,
841 3941 918 3999 ut
931 3929 1367 4019 justificeris.

2336 3615 2674 3701 futurum,
2733 3626 2800 3685 et
2855 3620 3159 3711 tangitur
3213 3619 3430 3688 laudis
3486 3623 3874 3712 praeniium.

2335 3723 2548 3803 Quasi
2579 3723 2880 3794 diceret:
2964 3725 3078 3795 Sic
3144 3725 3345 3797 lauda
3409 3728 3693 3808 bonum,
3758 3752 3882 3798 nec

2331 3829 2465 3901 hoc
2506 3833 2632 3902 erit
2658 3832 2932 3919 trustra,
2993 3859 3118 3905 nec
3154 3860 3278 3928 pro
3318 3838 3701 3928 temporali,
3760 3837 3879 3908 sed

2328 3963 2455 4031 pro
2529 3948 2808 4019 aeterno,
2874 3967 2907 4007 ι
2938 3946 3268 4035 quoniam
3327 3946 3396 4012 in
3443 3954 3798 4029 aeternum,
3834 3972 3870 4008 n

2327 4046 2397 4115 id
2454 4057 2583 4127 est,
2651 4048 2737 4117 ad
2791 4058 3043 4119 aeterne
3107 4051 3287 4121 bons
3355 4053 3869 4134 conferendum,

763 4162 798 4199 α
863 4137 1204 4221 Quoniam
1271 4136 1511 4205 bouus.
1583 4167 1615 4200 n
1702 4138 1827 4208 llic
1897 4140 2224 4232 supponit
2335 4156 2862 4224 ..misericordia
2899 4157 3077 4248 ejus,
3116 4184 3148 4225 ,
3218 4159 3421 4228 Modo
3477 4160 3660 4228 enim
3728 4170 3874 4229 tan..

672 4244 886 4313 laudis
917 4247 1276 4327 rationem,
1309 4247 1567 4316 scilicet
1606 4249 1911 4318 divinam
1952 4249 2219 4319 bonita—
2322 4265 2683 4334 [mummio
2720 4264 2975 4335 stillam
3004 4266 3275 4336 videtui·
3308 4267 3434 4337 Dei
3489 4270 3870 4338 misericor.

668 4357 831 4429 tem,
876 4351 1013 4417 imo
1060 4351 1279 4443 magis
1336 4350 1661 4420 bonitatis
1713 4354 2209 4423 excellentiam.
2319 4372 2457 4454 dia,
2496 4373 2615 4442 ,ω
2645 4382 2807 4443 mne
2881 4374 3271 4465 plenissime
3308 4375 3716 4448 effundetur,
3785 4377 3865 4446 1„

668 4454 897 4525 Primo
951 4479 1113 4548 ergo
1179 4459 1400 4549 tangit
1450 4457 1754 4527 divinam
1805 4459 2208 4529 bonitatem.
2318 4479 2506 4552 psal,
2538 4504 2704 4566 χχχ,
2744 4484 2856 4565 20,
2898 4506 3108 4575 „upra
3144 4506 3168 4552 ‚-
3216 4485 3619 4574 Misisti-wig
3666 4486 3864 4554 mise.

666 4563 1003 4644 Secunde,
1034 4564 1285 4635 divinae
1326 4567 1653 4636 bonitatis
1699 4568 2204 4650 excellentiam,
2312 4587 2690 4657 rimi-diam
2716 4611 2918 4658 ,uam
2942 4591 3012 4659 iii
3041 4592 3316 4660 civiiaie
3339 4593 3631 4661 munita,

659 4666 777 4749 ibi,
814 4697 851 4739 ι
895 4675 1240 4760 Quoniam
1278 4676 1352 4744 in
1378 4685 1742 4748 eternum.
1780 4703 1814 4744 ι

745 4779 919 4849 Dicit
948 4802 1109 4872 ergo
1144 4804 1160 4849 ε
1206 4780 1323 4851 Sic
1360 4784 1809 4866 confitemini,
1859 4785 1957 4878 [et
1998 4787 2207 4857 debe-

656 4886 766 4967 tis,
804 4913 837 4954 α
896 4892 1222 4980 quoniam
1264 4889 1507 4976 bonus,
1554 4918 1586 4958 ι
1647 4894 1913 4986 supple,
1964 4905 2065 4965 est
2103 4920 2205 4965 es·

655 4997 1024 5069 sentialiter
1086 5008 1155 5068 et
1217 5002 1284 5069 in
1342 5023 1443 5080 se,
1497 4999 1742 5070 Mauh.
1811 5025 1953 5089 xix,
2035 5006 2116 5072 17
2178 5026 2197 5074 :
2307 5021 2729 5082 monstratur
2762 5011 3087 5084 bonitatis
3116 5015 3540 5087 excellentia.
3587 5019 3847 5101 Primo,

661 5107 849 5174 Unus
885 5115 981 5174 ⁶⁸¹
1035 5106 1278 5191 bonu-⁹2
1321 5110 1534 5178 Deus·
1595 5108 1758 5178 1³¹10·
1829 5133 2021 5193 xvssl.
2062 5113 2193 5180 19:
2303 5126 2818 5214 comparatione
2867 5124 2954 5192 ad
3008 5147 3250 5195 omnes
3313 5128 3723 5198 excellentes
3777 5132 3848 5199 in

652 5215 863 5282 Nemo
919 5215 1131 5284 bonus
1185 5219 1324 5285 nisi
1398 5218 1592 5286 solus
1659 5221 1870 5288 Deus-
1961 5221 2198 5290 Bonus
2301 5228 2609 5298 scientia.
2649 5227 2994 5317 Secundo,
3027 5231 3115 5300 ad
3170 5233 3574 5303 excellentes
3602 5234 3674 5303 in
3722 5259 3850 5328 po·

652 5322 952 5393 etiamin
992 5326 1215 5408 nobis,
1271 5327 1522 5397 Thren.
1594 5351 1690 5407 ιιι.
1752 5331 1889 5400 25:
1959 5333 2198 5401 Bonus
2297 5341 2539 5425 tentia,
2616 5337 2737 5426 ibi,
2784 5345 2849 5417 ᾗ.
2921 5341 2962 5409 3
3027 5363 3045 5411 :
3115 5368 3152 5410 ι
3197 5344 3635 5434 Confitemini
3696 5346 3847 5416 Do·

648 5442 745 5503 est
771 5435 957 5502 Deus
977 5437 1412 5527 sperantibus
1441 5440 1514 5508 in
1542 5462 1721 5509 eum.
1756 5438 1935 5520 Quia
1961 5443 2194 5514 suavis
2298 5448 2511 5517 mino.
2557 5474 2593 5513 κ

2402 4934 2437 4970 α
2469 4907 2912 4997 Confitemini
2935 4909 3105 4978 Dea.
3131 4937 3165 4972 ι
3203 4908 3332 4980 llic
3354 4912 3438 4980 ab
3470 4914 3851 4983 intensione

713 5668 735 5708 ⁸
761 5667 876 5729 12⁸.
904 5684 979 5740 π,
1005 5667 1062 5729 3.
2364 5676 2392 5718 ¹
2415 5679 2616 5752 tome,
2642 5695 2745 5750 vn,
2774 5682 2864 5741 ¹0.
