5008 6329
742 313 873 380 276

1740 309 1827 377 D.
1878 309 2080 380 ALB.
2132 309 2350 379 MAG.
2403 309 2608 378 ORD.
2661 309 2959 379 PRAED.

741 493 843 553 est
870 487 1018 576 ipsa
1036 484 1304 552 bonitas
1335 481 1589 547 divina.
1620 479 2016 550 Secundum
2047 490 2147 549 est
2167 481 2293 549 Dei
2397 482 2660 548 mitatis
2697 480 2852 570 ejus
2905 482 3275 548 contemnis
3311 480 3351 548 ?
3417 481 3591 549 Cum
3644 481 3942 551 secundo

740 593 1049 683 aequitaS.
1091 590 1420 670 Tertium,
1477 590 1752 658 veritas.
1813 590 1900 657 Et
1943 598 2284 679 quartum,

739 698 1057 766 charitas,
1091 696 1177 764 Et
1214 697 1592 765 secundum
1658 695 1808 763 haec
1856 703 2175 784 quatuor,
2219 696 2288 759 in

738 804 870 872 hoc
899 804 1137 872 ordine
1163 814 1322 873 sunt
1351 813 1649 894 quatuor
1686 802 2043 870 octonarii.

824 915 902 982 In
933 914 1065 984 hoc
1090 939 1252 1007 ergo
1283 917 1509 1005 primo
1557 912 1785 1001 agitur
1840 910 1921 977 de
1977 910 2284 1000 profectu

730 1024 803 1091 in
841 1025 1231 1115 cognitione
1270 1022 1519 1088 divinae
1550 1019 1903 1086 bonitatis,
1940 1017 2285 1087 Dividitur

731 1141 961 1201 autem
993 1133 1223 1198 intres
1254 1137 1504 1220 parteS,
1578 1126 1750 1194 Cum
1800 1128 1985 1195 enim
2052 1127 2280 1194 nullus

728 1243 815 1308 sit
840 1240 956 1329 qui
986 1260 1126 1305 non
1155 1238 1244 1305 sit
1282 1244 1599 1326 expertus
1628 1237 1700 1302 in
1739 1235 1969 1325 aliquo
1999 1235 2279 1302 bonita-

703 1357 862 1417 tem
902 1347 1229 1426 divinam,
1263 1348 1486 1436 primo
1509 1344 1871 1413 recolendo
1936 1343 2119 1433 quod
2169 1345 2279 1432 ip-

724 1479 869 1524 sam
901 1458 1208 1534 senserit,
1252 1455 1507 1545 gratias
1538 1452 1679 1542 agit
1709 1451 1790 1519 de
1835 1450 2140 1519 bonitate
2180 1450 2277 1517 di-

721 1565 908 1631 vina.
980 1560 1323 1638 Secundo,
1380 1558 1548 1648 petit
1610 1580 1736 1647 pro
1779 1559 1926 1647 ipsa
1981 1555 2272 1646 amplius

719 1668 1102 1754 sentienda,
1134 1676 1202 1735 et
1257 1667 1567 1734 intimius
1607 1663 2108 1756 cognoscenda,
2152 1664 2268 1746 ibi,

717 1788 782 1856 ὲ.
846 1779 974 1845 ὓϋε
1043 1801 1076 1842 α
1117 1776 1536 1852 Bonitcdem,
1609 1782 1673 1839 et
1728 1773 2196 1864 disciplinam.
2232 1798 2266 1834 ι)

714 1883 972 1965 Tertio,
1003 1890 1081 1949 ut
1118 1878 1520 1948 ostendatur
1583 1878 1756 1945 ratio
1814 1899 1953 1944 suoe
1991 1877 2270 1967 petitio-

713 1992 848 2072 nis,
891 1988 1189 2059 ostendit
1215 1987 1596 2078 profectum
1635 2008 1839 2053 suum
1867 1987 1937 2053 in
1967 1986 2262 2075 cognita,

714 2099 833 2178 ibi,
878 2106 941 2174 ὴ.
984 2099 1062 2165 71
1106 2120 1121 2164 :
1191 2123 1224 2162 ι
1259 2098 1534 2163 Bonum
1590 2095 1791 2175 milii,
1867 2096 2185 2162 Domine.
2228 2119 2261 2159 a

800 2208 880 2275 In
909 2208 1132 2299 prima
1170 2205 1332 2273 duo,
1380 2204 1641 2283 Primo,
1713 2202 2075 2272 recolendo
2139 2203 2265 2271 be-

711 2315 1031 2383 neficium
1070 2314 1323 2404 gratias
1353 2313 1520 2401 agit,
1553 2311 1716 2401 quia
1752 2311 2010 2400 accepit
2049 2333 2089 2377 a
2117 2309 2261 2378 Deo

710 2428 1112 2496 bonitatem.
1151 2424 1498 2504 Secund0,
1556 2425 1864 2514 assignat
1931 2425 2262 2514 acceptio-

708 2538 817 2604 nis
855 2557 1159 2613 causam,
1191 2556 1332 2602 non
1363 2555 1489 2599 sua
1527 2531 1798 2608 merita,
1833 2531 1954 2599 sed
1981 2531 2107 2599 Dei
2137 2554 2263 2599 ve-

706 2645 1003 2722 ritatem,
1038 2644 1158 2723 ibi,
1197 2668 1230 2709 α
1271 2640 1669 2713 Secundum
1698 2639 2005 2711 verbum.
2043 2645 2112 2706 a·

800 2960 918 3028 Ait
953 2980 1159 3050 ergo:
1195 2958 1252 3027 Ο
1291 2958 1613 3040 Domine,
1672 2959 1770 3027 sic
1793 2981 2108 3050 propono
2145 2959 2255 3028 fir-

711 3068 913 3136 miter
948 3076 1152 3146 stare,
1187 3075 1252 3134 et
1283 3066 1551 3156 justum
1582 3074 1708 3149 est,
1752 3068 1914 3157 quia
1957 3092 1991 3133 ι
2029 3070 2256 3159 fecisti

704 3176 1074 3245 bonitatem
1104 3197 1259 3243 cum
1289 3197 1481 3243 servo
1503 3184 1646 3242 tuo.
1684 3173 1978 3253 Baruch,
2015 3198 2087 3258 n,
2121 3178 2247 3244 27:

697 3286 949 3355 Fecisti
1004 3287 1075 3353 in
1131 3283 1354 3364 nobis,
1432 3285 1729 3351 Domine
1774 3287 1963 3352 Deus
1998 3295 2247 3364 noster,

694 3393 1074 3462 secundum
1103 3414 1374 3460 omnem
1417 3390 1795 3459 bonitatem
1843 3400 2063 3460 tuam.
2135 3392 2253 3461 Sa·

697 3503 908 3593 pient.
949 3524 1068 3578 xu,
1119 3503 1195 3569 1:
1263 3502 1324 3570 Ο
1376 3522 1591 3591 quam
1648 3499 1867 3568 bonus
1911 3509 1976 3567 et
2020 3503 2252 3569 suavis

697 3619 819 3689 est,
852 3610 1168 3687 Domine,
1228 3609 1519 3699 spiritus
1557 3618 1719 3676 tuus
1776 3610 1848 3676 in
1887 3608 2253 3677 omnibus!

700 3741 736 3780 ιι
793 3716 966 3784 Cum
992 3738 1183 3782 servo
1212 3724 1358 3794 tuo,
1403 3739 1438 3780 ι
1472 3735 1681 3793 nunc,
1724 3712 1844 3781 sed
1882 3723 2248 3806 antequam

701 3818 958 3888 faceres
1003 3818 1407 3898 bonitatem,
1449 3817 1756 3895 inimic0,
1798 3818 1907 3885 cui
1966 3816 2254 3886 debeba-

345 3939 534 4003 ὅσω·
561 3950 673 4036 ‘ff'o
703 3936 815 3996 tur
852 3950 1078 4019 poena.
1114 3925 1270 4012 vel,
1315 3952 1346 3990 ι
1407 3948 1565 3994 cum
1627 3948 1820 3993 servo
1876 3935 1996 3994 tuo
2030 3949 2046 3995 ε
2084 3954 2120 3993 n
2151 3937 2253 3996 est

344 4000 657 4148 ‘offui-gno·
704 4037 888 4105 enim
929 4058 1165 4104 servus
1204 4033 1446 4125 culpae.
1512 4033 1719 4102 Joan.
1769 4057 1915 4113 vm,
1949 4036 2079 4104 21:
2116 4037 2252 4120 Qui

549 4137 567 4153 ⁶
699 4145 877 4237 facit
895 4151 1278 4236 peccatum,
1310 4163 1544 4208 servus
1569 4151 1667 4208 est
1687 4143 1979 4232 peccati,
2020 4151 2085 4210 et
2139 4141 2250 4211 hic

700 4259 803 4322 est
832 4251 1172 4319 inimicus.
1208 4247 1295 4316 Et
1322 4254 1423 4315 est
1462 4269 1702 4315 servus
1737 4248 1975 4338 gratiae
2014 4248 2250 4340 expel-

693 4359 896 4429 lentis
924 4365 1304 4449 peccatum,
1365 4377 1517 4446 quoe
1561 4362 1663 4423 est
1707 4354 1918 4424 timor
1954 4357 2239 4426 servilis.

692 4468 899 4538 Joan.
934 4488 1079 4545 vm,
1115 4467 1201 4533 35
1235 4487 1253 4533 ε
1283 4467 1540 4535 Servus
1574 4488 1711 4533 non
1743 4474 1974 4532 manet
2003 4466 2076 4534 in
2118 4466 2245 4534 do-

693 4600 806 4646 mo
831 4577 904 4644 in
936 4585 1291 4650 aetemum,
1353 4574 1541 4665 quia,
1610 4572 1638 4640 1
1700 4572 1905 4641 Joan.
1963 4596 2058 4654 xv,
2097 4576 2176 4642 18
2219 4596 2237 4643 ε

687 4685 1006 4774 Perfecta
1044 4683 1349 4750 charitas
1387 4683 1586 4772 foras
1621 4682 1840 4749 mittit
1897 4681 2232 4750 timorem.

685 4791 770 4859 Et
800 4798 900 4859 est
930 4811 1167 4857 servus
1197 4788 1620 4867 reverentiae,
1664 4789 1781 4878 qui
1807 4789 2004 4856 timet
2051 4810 2239 4857 amo-

685 4922 757 4968 re
797 4896 1013 4978 filiali,
1045 4906 1111 4965 et
1144 4898 1350 4965 etiam
1381 4894 1652 4975 initiali,
1685 4894 1771 4964 de
1800 4918 1967 4987 quo,
1991 4895 2230 4966 Matth.

680 5031 843 5085 xxv,
877 5007 1006 5074 21:
1074 5007 1301 5096 Euqe,
1360 5027 1548 5074 serve
1591 5003 1784 5086 bone,
1863 5016 1928 5073 et
1973 5004 2230 5095 fidelis.

681 5111 855 5179 Cum
885 5133 1085 5179 servo
1115 5112 1342 5201 primo
1369 5109 1532 5178 iacit
1569 5108 1975 5191 bonitatem,
2010 5112 2231 5201 ipsum

678 5216 1138 5309 exspectando
1203 5217 1290 5285 ad
1355 5217 1858 5308 poenitentiam,
1919 5219 2232 5307 quamvis

680 5346 848 5394 suus
875 5346 1018 5392 non
1047 5326 1160 5396 sit.
1200 5323 1307 5392 Ad
1338 5322 1635 5392 Roman.
1679 5345 1753 5404 u,
1787 5324 1872 5394 4:
1903 5325 2013 5393 An
2059 5323 2232 5393 divi·

2391 589 2549 657 facit
2585 589 2989 668 bonitatem,
3033 591 3259 681 ipsum
3327 588 3411 657 ad
3467 590 3939 679 perfectiorem

2391 698 2677 784 gratiam
2735 697 3221 766 transferendo·
3246 696 3488 765 Matth.
3559 720 3746 779 xxiv,
3796 701 3880 767 47
3918 723 3933 766 :

2387 805 2603 870 Amen
2640 804 2791 870 dico
2822 805 3034 889 vobis,
3083 806 3414 896 quoniam
3464 808 3936 897 superomnia

2388 910 2563 977 bona
2589 933 2718 977 sua
2745 913 3105 978 constituet
3125 935 3304 979 eum.

2472 1019 2860 1087 Bonitatem
2882 1041 3041 1109 ergo
3062 1019 3275 1088 fecisti
3304 1043 3461 1088 cum
3483 1044 3680 1090 servo
3702 1030 3848 1104 tuo,
3868 1031 3934 1091 et

2381 1125 2512 1195 hoc
2552 1152 2586 1193 α
2616 1127 2989 1195 secundum
3010 1127 3290 1195 verbum
3310 1139 3534 1211 tuum,
3572 1157 3606 1193 z>
3649 1153 3790 1198 non
3830 1154 3932 1199 se-

2380 1235 2678 1302 cundum
2709 1237 3034 1304 meritum
3072 1259 3331 1304 meum.
3374 1237 3560 1305 Psal.
3596 1262 3925 1325 Lxxxvm,

2380 1344 2463 1410 33
2499 1365 2516 1409 ε
2554 1344 3114 1433 Quoeprocedunt
3143 1344 3227 1412 de
3274 1344 3481 1414 labiis
3545 1349 3737 1430 meis,
3789 1372 3925 1416 non

2376 1451 2639 1539 faciam
2697 1451 2922 1518 irrita.
2996 1451 3125 1519 Isa.
3205 1475 3314 1533 mr,
3397 1454 3474 1520 11
3540 1475 3557 1520 ε
3631 1454 3920 1523 Verbum

2377 1577 2626 1633 meum,
2652 1556 2843 1644 quod
2867 1556 3252 1646 eqredietur
3281 1556 3365 1624 de
3391 1581 3506 1625 ore
3541 1581 3715 1639 meo,
3783 1584 3921 1627 non

2374 1672 2741 1730 revertetur
2777 1664 2874 1731 ad
2898 1687 3004 1731 me
3040 1687 3359 1744 vacuum,
3401 1665 3605 1735 sed...
3632 1690 3922 1758 prospe-

2371 1769 2663 1837 rabitur.
2728 1770 2890 1850 Sed,
2949 1771 3233 1841 Numer.
3305 1797 3373 1853 x,
3434 1776 3545 1853 29,
3607 1774 3854 1843 dicitur
3895 1798 3910 1843 :

2369 1879 2710 1946 Dominus
2749 1878 2926 1948 bona
2979 1882 3308 1971 promisit
3346 1883 3620 1952 Israeli.
3684 1883 3915 1954 Oratio

2371 1983 2747 2054 Manassae:
2793 1989 2916 2067 Tu,
2946 1989 3268 2072 Domine,
3323 1990 3697 2058 secundum
3737 1993 3918 2061 mul-

2369 2093 2735 2161 titudinem
2772 2093 3101 2164 bonitatis
3131 2106 3290 2175 tuae,
3335 2099 3722 2188 promisisti
3758 2124 3915 2192 poe-

2367 2200 2725 2267 nitentium
2793 2210 2856 2267 et
2908 2202 3371 2270 remissionem
3412 2205 3499 2271 iis
3535 2207 3659 2295 qui
3679 2229 3915 2297 pecca-

2368 2318 2606 2375 verunt
2643 2308 2793 2380 tibi.

2452 2649 2483 2683 «
2514 2623 2930 2705 Bonitalem,
2980 2635 3045 2693 et
3090 2626 3558 2718 disciplinam.
3626 2630 3753 2699 llic
3790 2655 3904 2699 se-

2360 2728 2684 2814 cundum,
2725 2731 2795 2798 in
2826 2755 2962 2822 quo
3008 2734 3178 2824 petit
3249 2758 3321 2803 se
3368 2735 3598 2805 doceri
3627 2739 3903 2808 bonita-

2358 2847 2546 2905 tem:
2601 2847 2670 2907 et
2697 2840 2947 2930 primo,
3005 2846 3178 2933 petit
3230 2853 3306 2911 ut
3361 2845 3684 2915 doceatur
3738 2848 3902 2941 quid

2358 2945 2741 3013 faciendum
2801 2948 2912 3015 sit.
2992 2947 3336 3033 Secund0,
3407 2954 3753 3043 quomodo
3810 2955 3905 3024 ia·

2357 3052 2671 3120 ciendum
2699 3055 2811 3135 sit,
2845 3052 2962 3133 ibi,
3003 3061 3069 3132 5.
3139 3058 3267 3126 68:
3304 3084 3337 3123 ι
3360 3060 3597 3128 Bonus
3626 3084 3693 3130 es
3720 3072 3822 3131 tu.
3864 3089 3900 3128 a

2443 3160 2522 3229 ln
2549 3162 2771 3252 prima
2808 3161 2968 3232 duo.
3006 3162 3269 3252 Primo,
3302 3169 3566 3259 petitio.
3634 3171 3904 3242 Secun-

2352 3267 2466 3353 do,
2509 3270 2885 3359 persuasio,
2919 3270 3039 3353 ibi,
3076 3297 3110 3338 ι
3148 3275 3329 3360 Quia
3358 3277 3735 3347 mandatis.
3772 3305 3808 3344 n

2439 3375 2519 3444 ln
2555 3378 2779 3468 prima
2824 3378 2954 3447 tria
2988 3380 3363 3451 secundum
3430 3385 3560 3453 tria
3596 3408 3747 3478 quae
3776 3411 3903 3480 pe-

2352 3485 2453 3552 tit.
2501 3484 2759 3566 Primo,
2818 3488 2988 3577 petit
3038 3488 3412 3560 bonitatem
3453 3492 3541 3561 ad
3605 3518 3903 3587 operan-

2353 3592 2515 3661 dum
2571 3594 2758 3686 quod
2804 3596 3068 3685 justum
3125 3608 3250 3669 est.
3297 3600 3641 3685 Secundo,
3692 3604 3901 3675 disci-

2353 3700 2609 3792 plinam
2642 3703 2727 3771 ad
2757 3705 3231 3776 sustinendum
3255 3708 3441 3800 quod
3468 3712 3727 3781 maium
3751 3724 3893 3785 est:

2351 3808 2635 3890 malum,
2675 3812 2980 3904 inquam,
3024 3836 3267 3904 poenoe,
3311 3816 3431 3903 ibi,
3497 3844 3531 3885 ι
3566 3822 3663 3889 Et
3699 3821 3903 3891 disci·

2343 3917 2644 4009 plinam.
2687 3948 2721 3983 n
2791 3921 3044 4003 Tertio,
3103 3925 3463 3994 scientiam
3520 3950 3755 3999 veram
3812 3932 3900 4001 ad

2352 4024 2872 4097 discernendum
2928 4030 3093 4120 quid
3149 4032 3517 4124 expediens
3599 4045 3728 4117 est,
3769 4038 3895 4127 ibi,

2353 4158 2387 4199 ι
2427 4137 2524 4204 Et
2547 4136 2932 4205 scientiam.
2968 4164 3003 4205 ι

2434 4240 2616 4311 Dicit
2643 4265 2849 4333 ergo:
2896 4244 3012 4314 Sic
3057 4245 3436 4318 honitatem
3479 4272 3752 4322 mecum
3789 4254 3897 4325 ie-

2347 4351 2520 4432 cisti,
2576 4352 2798 4445 ipsam
2854 4356 3065 4440 sensi,
3129 4357 3249 4428 sed
3304 4358 3590 4431 ulterius
3644 4386 3817 4456 rogo
3867 4388 3886 4438 ε

2348 4487 2384 4523 α
2414 4462 2807 4532 Bonitatem
2869 4463 3034 4533 doce
3073 4489 3206 4548 me,
3242 4493 3277 4535 ι
3309 4491 3464 4560 qum
3500 4480 3605 4542 est
3631 4472 3891 4544 fructus

2344 4567 2539 4639 lucis.
2569 4570 2680 4639 Ad
2716 4570 2969 4663 Ephes.
2996 4595 3068 4659 ν,
3101 4578 3184 4646 9:
3225 4578 3529 4648 Fructus
3581 4580 3756 4652 lucis
3792 4593 3890 4652 est

2346 4677 2416 4744 in
2445 4679 2637 4746 omni
2665 4678 2989 4760 bonitate,
3029 4691 3096 4750 et
3120 4681 3437 4773 justitia,
3487 4696 3552 4755 et
3577 4692 3883 4761 veritate.

2347 4785 2540 4854 Illam
2560 4785 2933 4857 bonitatem
2972 4788 3168 4873 doce,
3200 4814 3408 4883 quam
3447 4797 3761 4890 praecipis
3794 4799 3891 4868 ia·

2339 4917 2517 4976 cere,
2559 4894 2742 4966 Psal.
2801 4919 3039 4978 xxxvl,
3106 4901 3175 4980 3,
3227 4923 3434 4994 supra
3480 4924 3498 4973 ε
3556 4906 3776 4997 Spera
3813 4908 3887 4976 in

2336 5004 2663 5086 Domino,
2702 5014 2768 5073 et
2827 5006 2948 5095 lac
3005 5005 3406 5083 bonitatem.
3465 5009 3689 5091 Illam,
3731 5036 3884 5106 qum

2337 5119 2434 5178 est
2466 5110 2665 5180 malis
2703 5113 2773 5180 in
2803 5113 3341 5200 abominatione,
3384 5118 3568 5190 Psal.
3617 5144 3879 5208 xxxvn,

2336 5220 2457 5285 21:
2489 5219 2963 5291 Detraleebant
3017 5225 3218 5311 milii,
3276 5227 3608 5317 quoniam
3650 5253 3883 5322 seque-

2335 5323 2461 5392 bar
2487 5325 2887 5397 bonitatem.
2931 5329 3073 5399 Nec
3119 5339 3223 5400 est
3279 5334 3771 5407 inconveniens
3817 5341 3874 5408 si

676 5433 814 5502 tias
843 5430 1194 5518 bonitatis,
1234 5440 1300 5501 et
1330 5431 1714 5524 patientiae,
1783 5440 1849 5500 et
1905 5431 2229 5523 lonqani-
2331 5432 2574 5503 dixerit
2600 5436 2910 5527 superius
2947 5436 3077 5506 sibi
3106 5438 3335 5509 datam
3367 5445 3414 5524 ¹,
3449 5443 3655 5515 ethic
3710 5447 3878 5538 petit

742 5660 760 5697 ¹
793 5620 964 5731 αἶ).
997 5656 1088 5713 ⁶5.
