5008 6329
776 323 904 393 326

1037 498 1389 567 tribulant
1466 520 1582 569 me
1674 525 1689 569 :
1761 526 1800 572 a
1878 505 2320 576 testimoniis

1033 602 1179 671 tuis
1212 626 1356 672 non
1398 606 1774 679 declinavi.

779 708 933 776 158.
988 706 1151 774 Vidi
1224 712 1776 800 praevaricantes
1833 738 1900 788 et
1985 721 2320 791 tabesce-

1044 814 1234 898 bam,
1272 818 1443 907 quia
1485 822 1770 912 eloquia
1804 842 1925 892 tua
1965 848 2109 894 non
2150 849 2321 895 cus-

1035 922 1432 996 todierunt.

778 1028 930 1118 ¹59·
984 1028 1165 1099 Vide
1198 1032 1548 1121 quoniam
1590 1037 1927 1107 mandata
1961 1058 2082 1109 tua
2133 1042 2317 1112 dile-

1029 1136 1125 1220 xi,
1200 1138 1517 1210 Domine
1588 1165 1602 1209 ε
1670 1143 1739 1212 in
1818 1149 2316 1221 misericordia

1029 1259 1151 1310 tua
1191 1243 1474 1314 vivifica
1517 1270 1659 1319 me.

776 1347 927 1416 160.
986 1347 1440 1443 Principium
1530 1360 1920 1431 verborum
1992 1383 2311 1444 tuorum,

1028 1460 1288 1530 veritas
1341 1482 1358 1532 ε
1406 1464 1477 1532 in
1530 1485 1882 1540 aeternum
1924 1476 2170 1544 omnia
2202 1476 2317 1565 ju-

1028 1565 1214 1636 dicia
1256 1568 1554 1656 justitiae
1587 1592 1750 1645 tuae.

1552 2103 1683 2202 (π)

846 2549 878 2581 α
939 2522 1098 2589 Vide
1130 2523 1601 2614 humilitatem
1641 2551 1890 2601 meam.
1941 2558 1974 2599 n
2019 2535 2148 2604 llic
2194 2560 2305 2607 se-

749 2627 1071 2714 cundum,
1105 2630 1290 2720 quod
1334 2636 1627 2722 pertinet
1672 2638 1758 2705 ad
1789 2642 2107 2710 meritum
2148 2667 2306 2735 per-

749 2736 1075 2805 fectorum
1153 2741 1561 2826 activorum,
1659 2747 1914 2817 scilicet
1982 2755 2298 2822 meritum

749 2842 1020 2911 illorum
1060 2847 1130 2913 in
1174 2856 1352 2917 statu
1393 2851 1847 2935 adversitati&
1908 2858 1979 2925 in
2019 2882 2157 2949 quo
2190 2886 2301 2930 re-

744 2954 1012 3044 fugiunt
1051 2956 1134 3023 ad
1174 2957 1424 3037 Deum,
1455 2971 1521 3030 et
1559 2974 1758 3032 orant
1785 2988 1824 3033 a
1857 2968 2296 3041 tribulatione

742 3057 1052 3129 liberari:
1123 3073 1185 3132 et
1242 3065 1564 3135 dicuntur
1618 3071 1755 3139 duo
1812 3072 1947 3144 hic.
2033 3076 2291 3158 Primo,

740 3170 1139 3261 supplicatio
1234 3178 1649 3267 assignando
1740 3206 1979 3253 causas
2085 3210 2294 3279 quare

739 3277 1198 3348 exaudiendus
1281 3283 1392 3352 sit.
1471 3284 1815 3377 Secundo,
1882 3295 2293 3364 confidentia

739 3386 922 3475 quod
1023 3391 1486 3462 exaudiendus
1581 3398 1693 3475 sit,
1779 3399 1902 3483 ibi,
1971 3411 2034 3478 ἵζ’.
2118 3407 2285 3474 16οε

740 3519 775 3554 a
816 3495 1250 3587 Principium
1283 3500 1664 3570 verborum.
1703 3530 1736 3571 ¹»

1773 332 1856 400 D.
1910 334 2113 403 ΑΕΒ.
2167 337 2386 406 MAG.
2441 339 2648 408 ORD.
2703 342 2996 412 PRAED.

2433 510 2611 578 Psal.
2660 537 2891 594 xxxin,
2949 518 3053 593 16,
3134 540 3374 609 supra:
3422 518 3625 586 Oculi
3687 521 3974 588 Domini

2425 642 2631 708 super
2683 622 2938 710 justos.
3000 626 3106 703 Et,
3172 627 3473 718 Sapient.
3538 650 3630 705 ιν,
3696 630 3817 695 15:
3885 630 3975 694 Et

2427 738 2763 817 respectus
2827 733 2896 797 in
2935 734 3174 802 electos
3216 737 3437 806 illius.
3485 766 3518 798 «
3583 737 3975 805 Humilita-

2428 843 2562 899 tem
2600 857 2845 904 meam.
2886 865 2916 898 »
2957 838 3221 924 Judith,
3271 865 3364 918 vr,
3441 844 3562 909 15:
3648 841 3966 923 Domine,

2424 942 2613 1008 Deus
2649 942 2803 1010 coeli
2859 956 2921 1011 et
2977 956 3192 1024 terre-e,
3237 950 3485 1039 respice
3538 948 3635 1015 ad
3666 959 3971 1015 nostram

2423 1048 2917 1135 humilitatem,
2978 1063 3040 1120 et
3077 1055 3325 1142 faciem
3373 1065 3770 1122 sanctorum
3825 1064 3974 1121 tuo-

2424 1177 2582 1223 rum
2623 1159 2912 1228 attende.
2946 1158 3031 1227 Et
3057 1162 3155 1227 sic.
3183 1162 3340 1229 facit
3372 1162 3707 1230 Dominus
3746 1161 3972 1228 liben-

2422 1272 2550 1332 ter.
2595 1263 2867 1333 Deuter.
2913 1290 3097 1347 xxvi,
3143 1271 3222 1335 7:
3276 1272 3597 1361 Respexit
3625 1272 3968 1338 Dominus

2421 1369 2890 1439 humilitatem
2918 1385 3247 1458 nostram,
3290 1386 3352 1442 et
3384 1376 3715 1455 laborem,
3760 1387 3968 1466 atque

2419 1480 2804 1565 anqustias.
2876 1480 2949 1546 ln
3012 1481 3189 1550 Psal.
3257 1506 3551 1561 cxxxvii,
3621 1485 3692 1562 6,
3749 1482 3960 1550 infra:

2421 1588 2745 1656 Humilia
2782 1592 3073 1683 respicit,
3108 1600 3172 1659 et
3199 1593 3346 1660 alta
3393 1617 3436 1660 a
3471 1593 3671 1683 lonqe
3715 1615 3969 1682 cayno-

2418 1695 2568 1760 scit.
2603 1693 2823 1783 Hujus
2860 1699 3048 1765 testis
3075 1707 3174 1766 est
3218 1697 3334 1766 illa
3375 1722 3526 1790 quae
3557 1698 3745 1777 dicit,
3794 1697 3958 1766 Luc.

2419 1825 2466 1880 1,
2500 1802 2587 1870 48
2615 1824 2630 1870 :
2670 1803 2989 1897 Respexit
3015 1806 3478 1875 humilitatem
3500 1808 3778 1875 ancillae
3794 1828 3957 1874 suae.

2422 1909 2617 1979 Sicut
2675 1913 2856 1980 enim
2921 1922 3151 1982 tumor
3202 1919 3455 1983 ventris
3521 1918 3794 2007 signum
3862 1923 3963 1982 est

2417 2020 2897 2109 corruptioniS,
2957 2023 3054 2090 sic
3118 2029 3348 2090 tumor
3393 2025 3637 2090 mentis
3685 2023 3958 2112 signum

2418 2134 2519 2195 est
2547 2131 2999 2219 corruptionis
3037 2131 3403 2221 spiritualis
3436 2154 3452 2198 :
3490 2140 3556 2199 et
3594 2133 3772 2199 sicut
3798 2151 3961 2220 gra-

2416 2232 2636 2302 cilitas
2664 2236 2935 2326 signum
2964 2245 3064 2304 est
3083 2238 3492 2328 virginitatis
3512 2247 3580 2306 et
3610 2237 3963 2327 integrita-

2414 2340 2528 2421 tis,
2583 2343 2681 2410 sic
2734 2339 3081 2413 humilitas
3127 2345 3530 2436 integritatis
3586 2344 3958 2437 spiritualis

2413 2458 2481 2517 et
2509 2450 2940 2541 virginitatis.

2504 2689 2538 2730 e
2610 2668 2705 2734 Et
2767 2668 2948 2758 eripe
2999 2690 3126 2735 me.
3210 2693 3242 2734 »
3312 2669 3480 2737 Ecce
3546 2672 3948 2743 secundum.

2411 2771 2620 2851 Quasi
2661 2773 2949 2844 diceret:
3006 2775 3119 2845 Sic
3173 2776 3623 2848 humilitatem
3666 2781 3946 2872 respice,

2410 2886 2476 2945 et
2515 2879 2611 2947 sic
2651 2903 2688 2946 a
2722 2882 2914 2948 malis
2954 2884 3221 2950 aeternis
3268 2887 3473 2975 eripe.
3538 2886 3806 2955 Daniel.
3850 2910 3949 2965 ιιι,

2407 2987 2762 3057 43:15rue
2794 3013 2914 3057 nos
2972 2993 3041 3058 in
3088 2993 3526 3062 mirabilibus
3580 2998 3742 3064 tuis.
3807 2996 3952 3065 lloc

2405 3101 2508 3162 est
2537 3096 2719 3163 enim
2761 3097 2930 3166 bene
2968 3100 3218 3168 sanctis
3255 3100 3496 3171 facere.
3551 3101 3611 3170 11
3646 3101 3830 3173 Petr.
3874 3124 3946 3185 ιι,

2402 3205 2487 3269 9;
2531 3205 2738 3272 Novit
2776 3207 2960 3274 Deus
2984 3209 3144 3299 pios
3190 3208 3273 3276 de
3318 3211 3688 3278 tentatione
3738 3211 3951 3302 eripe-

2401 3333 2497 3390 re,
2541 3320 2607 3380 et
2644 3334 2767 3403 per
2820 3313 2949 3383 hoc
2985 3325 3162 3384 certe
3224 3317 3305 3385 de
3354 3328 3605 3386 aeterna
3653 3318 3947 3386 damna-

2400 3419 2612 3488 tione.
2656 3419 2941 3512 Propter
3002 3420 3133 3491 hoc
3178 3425 3361 3515 quod
3390 3424 3739 3493 humilitas
3794 3447 3946 3494 me-

2399 3538 2586 3596 retur
2626 3534 3071 3623 ereptionem,
3118 3533 3386 3618 dicitur,
3434 3535 3760 3606 proverb.
3794 3558 3938 3616 xvi,

821 3603 897 3670 ln
928 3605 1147 3695 prima
1195 3608 1332 3678 duo
1373 3613 1745 3684 secundum
1805 3617 1942 3688 duo
1986 3644 2137 3712 quae
2175 3646 2285 3714 pe-
2403 3634 2482 3701 19
2523 3658 2539 3704 ε
2602 3638 2854 3706 Melius
2898 3651 2994 3707 est
3036 3640 3404 3710 humiliari
3453 3666 3612 3712 cum
3657 3642 3943 3712 mitibus

728 3711 832 3787 tit,
876 3708 945 3777 in
984 3714 1238 3804 quibus
1286 3727 1385 3786 est
1454 3720 1656 3812 plena
1712 3724 2082 3798 tribulatio.
2129 3730 2283 3797 l’ri-
2393 3764 2607 3832 quam
2636 3745 2937 3814 dividere
2978 3748 3204 3840 spolia
3249 3773 3404 3818 cum
3448 3751 3783 3843 superbis.
3854 3750 3940 3818 Et

726 3842 841 3888 mo
871 3822 1147 3912 quidem
1181 3830 1349 3916 petit
1379 3829 1465 3897 ab
1504 3835 1695 3900 omni
1737 3836 1921 3905 malo
1977 3837 2275 3909 liberari.
2394 3870 2653 3935 rursus,
2686 3852 2963 3938 ibidem,
2989 3877 3104 3940 xv,
3146 3857 3266 3925 33:
3305 3856 3648 3936 Gloriam,
3682 3857 3940 3927 scilicet

726 3924 1066 4007 Secundo,
1138 3934 1552 4004 {eternaliter
1604 3940 1963 4022 vivificari,
2019 3946 2136 4024 ibi,
2209 3950 2275 4017 in
2388 3956 2757 4048 ereptionis
2793 3982 2834 4027 a
2887 3960 3069 4029 malo
3100 3970 3380 4044 aeterne,
3439 3965 3769 4055 praecedit
3804 3964 3936 4032 hu·

1027 4048 1092 4118 5.
1181 4045 1347 4113 1542
1430 4076 1462 4108 «
1554 4051 1848 4143 Propter
1920 4055 2273 4148 eloquium
2386 4063 2677 4136 militas.

715 4154 939 4216 tuum.
974 4176 1010 4214 n

805 4255 881 4325 In
937 4260 1156 4349 prima
1231 4262 1393 4332 duo.
1463 4263 1724 4351 Primo,
1780 4272 1949 4360 petit
2014 4277 2183 4367 eripi
2231 4300 2272 4345 a
2473 4310 2510 4349 ι
2576 4286 2757 4369 Quia
2806 4285 3043 4376 leqem.
3099 4311 3134 4353 ι
3184 4285 3309 4354 llic
3378 4288 3642 4378 probat.
3713 4286 3924 4368 Quasi

711 4364 910 4434 malis
965 4371 1261 4439 aeternis.
1322 4371 1670 4456 Secunde,
1718 4400 1758 4446 a
1812 4386 2268 4470 praesentibus
2378 4391 2675 4463 diceret:
2755 4393 2948 4485 Rogo
3012 4403 3089 4463 ut
3179 4395 3450 4487 eripias,
3556 4405 3625 4466 et
3686 4395 3918 4478 debes,

710 4473 1027 4556 miseriis,
1096 4477 1218 4559 ibi,
1278 4486 1343 4555 5.
1418 4483 1588 4550 154:
1661 4508 1697 4550 ι
1756 4487 2016 4558 ludica
2050 4491 2266 4580 judi·
2383 4531 2416 4564 α
2482 4505 2654 4594 quia
2721 4504 2935 4597 Iegem
2999 4515 3219 4592 tuam,
3297 4530 3332 4572 ι
3409 4529 3615 4599 quam
3686 4506 3914 4588 doces,

704 4583 911 4652 cium·
940 4612 970 4649 ¹·
2370 4609 2616 4679 Matth.
2649 4634 2747 4694 ιι,
2780 4614 2906 4682 29;
2965 4615 3222 4683 Discite
3275 4639 3317 4683 a
3347 4636 3453 4682 me
3504 4616 3674 4707 quia
3728 4617 3919 4683 mitis

794 4691 871 4762 In
908 4698 1131 4786 prima
1170 4700 1320 4770 tria.
1358 4701 1619 4786 Primo,
1654 4710 1821 4799 petit
1849 4718 1926 4778 ut
1972 4708 2260 4781 humili·
2366 4740 2522 4787 sum
2578 4729 2644 4787 et
2697 4719 2983 4788 humilis
3016 4720 3236 4790 corde.
3287 4721 3370 4789 Et
3425 4743 3685 4802 rursus,
3745 4722 3910 4792 Luc.

700 4805 909 4870 tatem
947 4803 1096 4890 ejus
1133 4808 1460 4878 attendat.
1498 4811 1842 4894 Secundo,
1895 4826 1972 4886 ut
2010 4822 2253 4891 merito
2365 4848 2508 4907 xiv,
2555 4828 2628 4894 11
2668 4835 2735 4895 et
2760 4849 2948 4907 xvm,
2988 4830 3116 4896 14:
3164 4829 3484 4899 Omnis...
3516 4830 3736 4923 quise
3778 4831 3915 4899 hu-

697 4906 1101 4979 humilitatis
1140 4912 1322 4982 illius
1351 4918 1592 5010 eripiat
1630 4943 1671 4988 a
1709 4922 1910 4993 malis
1948 4929 2245 5008 aeternis,
2363 4933 2601 5001 miliat
2636 4932 3085 5003 exaltabitur.
3119 4960 3155 5002 e
3181 4936 3333 5005 Non
3375 4959 3531 5005 sum
3560 4935 3843 5006 oblitus.
3874 4966 3908 5000 ι»

697 5017 815 5101 ibi,
862 5046 895 5087 ι
927 5024 1023 5090 Et
1050 5025 1234 5116 eripe
1261 5049 1391 5096 me.
1430 5052 1465 5094 ι
1504 5028 1756 5111 Tertio,
1789 5034 2039 5124 probat
2065 5038 2252 5128 quod
2363 5040 2571 5121 Infra,
2641 5042 2712 5109 in
2768 5040 3007 5111 eodem
3073 5042 3350 5113 Psalmo
3397 5066 3629 5125 cxviii,
3700 5046 3826 5113 176
3887 5068 3904 5114 ε

692 5127 1177 5217 exaudiendus,
1215 5132 1334 5217 ibi,
1373 5163 1407 5197 α
1453 5138 1637 5221 Quia
1678 5140 1919 5232 leqem.
1958 5166 1993 5208 ι
2365 5149 2606 5233 Quaere
2640 5170 2906 5216 servum
2936 5158 3160 5231 tuum,
3202 5150 3366 5243 quia
3394 5150 3731 5219 mandata
3780 5159 3906 5220 tua

2353 5280 2492 5326 non
2519 5280 2676 5326 sum
2714 5256 2993 5329 oblitus.

771 5443 951 5516 Dicit
977 5469 1184 5541 ergo:
1219 5447 1277 5520 Ο
1318 5451 1640 5536 Domine,
1678 5453 1968 5528 clamavi
1989 5416 2240 5532 ⁸arden-

680 5557 1261 5645 ter,instanter,et
1289 5569 1365 5631 tu
1388 5588 1462 5633 es
1491 5588 1738 5659 prope:
1764 5572 2229 5662 ergooevide,»
2440 5604 2473 5640 «ι
2517 5575 2772 5647 ,ludica
2812 5576 3194 5668 judicium.
3238 5600 3273 5642 ι
3307 5575 3435 5646 liic
3489 5577 3889 5657 secundum,
3988 5590 4177 5662 1⁸4

678 5669 879 5742 oculo
915 5670 1186 5763 pietatis
1214 5681 1281 5739 et
1322 5675 1836 5759 misericordiae,
1865 5680 1949 5750 de
1988 5703 2126 5772 quo
2156 5683 2229 5750 in
2346 5686 2418 5755 in
2474 5711 2612 5780 quo
2652 5691 2821 5780 petit
2866 5711 2907 5757 a
2941 5687 3233 5758 miseriis
3267 5690 3718 5781 presentibus
3748 5687 3897 5757 red-

400 5457 593 5526 158
