5008 6329
481 532 546 593 5

707 330 833 399 360

795 533 826 564 «
887 508 1272 573 Torrentem
1331 512 1805 597 pertransivit.
1862 542 1892 575 »
1958 515 2084 585 Hic
2141 538 2249 583 se-

698 613 1022 691 cundum,
1059 614 1129 680 in
1171 638 1307 705 quo
1341 627 1577 687 monet
1616 621 1700 687 ad
1738 625 2110 712 gratiarum
2144 647 2252 691 ac·

695 717 947 784 tionem
988 740 1112 807 pro
1159 719 1561 794 liberatione
1619 749 1658 793 a
1714 730 2110 796 tentatione.
2164 728 2250 797 Et

689 825 937 912 prim0,
998 848 1038 891 a
1093 833 1469 900 tentatione
1536 857 1687 924 quae
1727 834 1810 900 ab
1870 833 2087 903 hoste.
2128 835 2249 904 Se-

689 931 937 1017 cund0,
1001 957 1039 1001 a
1106 940 1486 1007 tentatione
1546 962 1697 1030 quae
1766 963 1804 1007 a
1862 963 2088 1027 carne,
2120 944 2239 1025 ibi,

687 1066 721 1099 «
756 1040 1079 1111 Forsitan
1095 1048 1603 1134 pertransisset.
1638 1073 1665 1110 n

768 1144 947 1214 Dicit
982 1170 1146 1237 ergo
1176 1172 1191 1216 ε
1230 1148 1345 1217 Sic
1385 1149 1565 1218 dicat
1602 1152 1810 1220 Israel
1846 1156 2240 1245 praeceden-

678 1252 795 1336 tia,
839 1262 905 1320 et
934 1255 1137 1321 etiam
1180 1255 1360 1324 dicat
1394 1280 1410 1324 ε
1451 1284 1487 1324 α
1517 1262 1774 1329 Anima
1802 1274 2040 1332 nostra
2072 1288 2241 1356 per-

676 1360 974 1438 transiit,
1003 1387 1036 1423 »
1065 1361 1358 1452 perfecte
1390 1370 1682 1449 transiit,
1717 1394 1750 1436 ι
1779 1382 2169 1453 torrentem,
2198 1400 2232 1441 ι»

669 1466 1181 1538 tribulationem
1284 1475 1418 1542 cito
1505 1479 1993 1564 transitoriam,
2061 1483 2238 1549 sicut

669 1584 936 1645 torrens
966 1578 1099 1646 cito
1129 1582 1395 1664 transit,
1432 1605 1585 1673 quae
1626 1584 1912 1654 insertur
1976 1588 2061 1655 ab
2101 1587 2237 1656 ho-

670 1685 911 1753 stibus.
958 1686 1083 1755 Hic
1138 1695 1403 1758 torrens
1438 1714 1576 1782 quo
1657 1703 1861 1785 caput
1918 1705 2230 1765 nostrum

669 1792 1251 1865 abundantissime
1313 1808 1415 1868 est
1460 1810 1800 1893 potatum,
1837 1804 2022 1873 Psal.
2068 1829 2225 1886 cvn,

665 1901 759 1967 7:
802 1903 907 1968 De
934 1912 1228 1972 torrente
1276 1907 1348 1974 in
1408 1910 1521 1975 via
1581 1908 1781 1978 bibet.
1835 1910 1966 1980 Isa.
2038 1936 2223 1992 xant,

671 2008 793 2075 16:
827 2010 1169 2079 Dominus
1205 2012 1399 2081 dedit
1447 2017 1518 2082 in
1572 2019 1753 2085 mari
1797 2021 2007 2097 viam,
2042 2030 2106 2088 et
2154 2024 2228 2089 in

664 2118 865 2207 aquis
901 2119 1340 2204 torrentibus,
1373 2123 1442 2190 in
1491 2124 2044 2195 tribulationibus
2090 2128 2228 2197 sci-

666 2224 821 2293 licet
851 2227 1283 2310 transitoriis,
1341 2232 1684 2302 semitam.
1723 2235 1980 2305 Jerem.
2031 2237 2218 2317 xxxi,

665 2334 706 2400 9
741 2355 757 2398 ε
798 2333 1163 2402 Adducam
1193 2360 1305 2405 eos
1342 2361 1472 2429 per
1509 2351 1837 2409 torrentes
1874 2366 2221 2434 aquarum

662 2440 732 2507 in
762 2442 876 2508 via
902 2451 1108 2523 recta,
1153 2452 1280 2512 etc.

753 2682 784 2718 «ι
828 2656 1177 2727 Forsitan.
1225 2684 1259 2724 ι
1287 2657 1459 2728 Ecce
1480 2662 1855 2731 secundum
1892 2686 1907 2732 ε
1950 2673 2017 2733 et
2045 2666 2220 2735 sicut

657 2759 803 2829 vult
867 2760 1129 2841 Glossa,
1189 2766 1496 2854 forsitan
1555 2771 1852 2839 sumitur
1896 2795 2020 2863 pro
2072 2798 2219 2864 pu-

655 2867 913 2937 lasne?

746 2975 829 3043 Et
875 2984 977 3043 est
1028 2999 1311 3048 sensus:
1367 2979 1484 3050 Sic
1533 2991 1762 3053 autem
1821 2989 2208 3076 pertransiit

655 3090 1053 3161 torrentem,
1094 3093 1163 3153 et
1226 3093 1517 3178 putasne
1600 3120 1632 3152 α
1681 3093 1921 3160 anima
1977 3105 2214 3163 nostra

644 3192 1150 3282 pertransisset,
1197 3219 1231 3259 ι
1291 3197 1582 3285 perfecte
1641 3203 2015 3278 transisset,
2080 3205 2210 3271 nisi

653 3298 812 3388 quia
880 3296 1216 3366 Dominus
1280 3311 1426 3369 erat
1483 3304 1551 3371 in
1610 3305 1835 3389 nobis»,
1871 3332 1905 3372 α
1950 3332 2210 3400 aquam

651 3405 1294 3475 intolerabilemP»
1354 3411 1565 3490 Quasi
1633 3413 1925 3484 diceret:
2002 3416 2208 3486 Nullo

652 3512 886 3582 modo.
927 3516 1202 3604 Aquam
1243 3526 1474 3587 autem
1518 3521 2021 3591 intolerabilem
2080 3547 2209 3616 ap-

650 3619 862 3712 pellat
917 3622 1394 3704 tentationem,
1444 3651 1566 3697 seu
1616 3628 2125 3700 tribulationem
2166 3655 2205 3700 a

650 3749 875 3799 carne.
911 3730 1040 3802 Isa.
1083 3753 1273 3813 xant,
1333 3734 1375 3799 2
1411 3756 1429 3801 :
1485 3735 1662 3803 Cum
1704 3739 2056 3805 transieris
2072 3762 2208 3831 per

648 3863 892 3931 aquas,
948 3853 1168 3912 tecum
1228 3866 1368 3911 ero.
1423 3841 1532 3924 Et,
1576 3866 1660 3921 ιι,
1711 3846 1831 3913 10:
1893 3848 2207 3915 Posuisti

636 3946 1075 4037 profundum
1134 3949 1350 4016 maris
1400 3949 1612 4030 viam,
1684 3961 1761 4018 nt
1825 3952 2203 4020 transirent
2310 3944 2543 4015 dentes
2573 3948 2807 4019 leonis.
2840 3950 3104 4020 Daniel.
3151 3976 3269 4034 vn,
3303 3957 3370 4034 ὅ,
3413 3955 3515 4026 De
3563 3980 3683 4027 ore
3720 3960 3859 4026 ursi
3907 4002 3937 4036 .

645 4048 945 4121 liberati.
1041 4055 1261 4146 Aquae
1347 4064 1578 4123 autem
1673 4056 1815 4125 istae
1889 4054 2203 4148 aliquan·

639 4159 728 4230 do
758 4162 952 4253 quasi
983 4161 1475 4243 intolerabiles,
1509 4165 1785 4255 quando
1818 4165 2023 4234 sortes
2054 4189 2201 4234 car-

639 4269 747 4336 nis
796 4270 1124 4360 ingruunt
1180 4268 1680 4350 tribulationes,
1723 4272 1847 4342 Dei
1902 4275 2198 4365 permis-

636 4375 855 4444 sione.
889 4374 1020 4445 Isa.
1062 4399 1208 4457 vm,
1253 4379 1292 4446 7
1328 4398 1347 4452 ε
1390 4381 1568 4448 Ecce
1593 4382 1936 4450 Dominus
1971 4384 2196 4456 addu-

631 4495 735 4553 cet
774 4506 984 4578 super
1043 4508 1179 4566 eos,
1211 4485 1281 4555 id
1337 4494 1468 4570 est,
1519 4486 1760 4556 adduci
1819 4493 2191 4580 permittet,

1703 341 1789 409 D.
1838 342 2039 411 ALB.
2092 344 2316 413 MAG.
2370 348 2579 417 ORD.
2633 352 2925 421 PRAED.

2457 544 2489 584 α
2548 522 2953 591 Benedictus
3009 528 3372 606 Dominus,
3431 533 3555 618 qui
3614 553 3748 595 non
3805 530 3914 596 de-

2361 623 2488 690 dit.
2538 651 2571 688 »
2610 626 2731 695 Hic
2786 638 2885 695 est
2934 632 3230 699 secunda
3285 657 3439 724 pars
3506 633 3790 711 Psalmi,
3842 636 3911 701 in
3995 661 4215 710 Secund·

2361 752 2496 820 qua
2526 743 2885 826 postquam
2920 742 3261 827 praecessit
3290 742 3601 811 invitatio
3633 742 3718 809 ad
3757 765 3909 832 gra-

2356 837 2608 908 tiarum
2639 844 2999 929 actionem,
3048 847 3484 938 subjungitur
3533 850 3906 940 gratiarum

2355 949 2576 1016 actio:
2623 959 2696 1017 ut
2724 953 2897 1021 sicut
2936 955 3249 1023 invitavit
3279 957 3516 1041 verbu,
3559 961 3656 1026 sic
3701 958 3906 1025 etiam

2353 1054 2595 1122 invitet
2680 1059 3015 1149 exemplo,
3084 1061 3239 1129 Duo
3314 1085 3478 1155 ergo
3561 1065 3902 1133 dicuntur.

2353 1158 2617 1241 Primo,
2667 1166 2915 1254 gratias
2965 1168 3124 1258 agit.
3182 1167 3524 1254 Secundo,
3578 1158 3905 1263 supponit

2350 1264 2702 1346 beneficia,
2736 1280 3008 1362 propter
3048 1296 3198 1364 quae
3252 1285 3410 1344 sunt
3450 1278 3740 1369 agenda,
3777 1277 3896 1356 ibi,

2352 1402 2387 1437 α
2436 1377 2575 1460 Qui
2610 1402 2745 1447 non
2782 1381 2969 1449 dedit
3004 1406 3150 1452 nos.
3191 1410 3223 1449 ιο

2437 1482 2617 1551 Dicit
2654 1509 2855 1576 ergo:
2903 1487 3017 1557 Sic
3054 1491 3293 1558 monui
3333 1491 3544 1562 Israel
3576 1495 3662 1561 ad
3693 1516 3897 1585 agen·

2344 1588 2511 1658 dum
2599 1594 2872 1683 gratiaS,
2950 1603 3019 1663 et
3102 1601 3243 1687 ipse
3329 1599 3479 1668 dico
3556 1601 3820 1691 primus
3874 1624 3890 1669 ε

2348 1725 2380 1759 «
2424 1700 2831 1769 Benedictus
2859 1705 3223 1772 Dominus.
3262 1733 3296 1768 »
3326 1706 3576 1797 Supra,
3603 1710 3674 1774 in
3707 1708 3891 1776 Psal.

2340 1807 2571 1882 cn,1:
2632 1809 2946 1896 Benedic‚
3018 1813 3255 1879 anima
3312 1836 3489 1894 mea,
3562 1816 3888 1883 Domino,

2339 1909 2404 1976 11
2436 1911 2523 1979 ad
2576 1911 2873 1984 Corinth.
2925 1941 2970 1999 1,
3012 1919 3051 1985 3
3105 1939 3120 1986 ε
3158 1920 3566 1988 Benedictus
3604 1923 3790 1989 Deus
3827 1915 3896 1988 et

2334 2017 2554 2085 Pater
2580 2021 2863 2088 Domini
2889 2025 3106 2090 nostri
3129 2027 3294 2093 ,lesu
3337 2026 3614 2095 Christi.

2428 2256 2462 2296 ι
2513 2233 2651 2316 Qui
2676 2257 2809 2302 non
2837 2236 3025 2304 dedit
3085 2261 3232 2306 nos.
3274 2266 3304 2303 a»
3376 2239 3505 2309 llic
3561 2243 3887 2333 supponit

2331 2335 2660 2408 beneficia
2687 2352 2961 2433 propter
3006 2367 3156 2435 quae
3214 2355 3372 2414 sunt
3438 2349 3746 2439 agenda:
3817 2358 3886 2418 et

2330 2454 2492 2514 sunt
2531 2448 2689 2516 duo.
2726 2448 3062 2535 Primum,
3112 2452 3421 2522 liberatio
3489 2454 3574 2523 ab
3648 2466 3882 2546 aperta

2328 2557 2825 2643 persecutione,
2869 2581 3020 2648 quae
3072 2561 3494 2652 significatur
3542 2563 3609 2631 in
3657 2562 3884 2631 denti-

2326 2660 2482 2729 bus.
2522 2662 2934 2743 Secundum,
2969 2667 3055 2733 ab
3095 2667 3385 2747 occulta,
3443 2691 3594 2760 quae
3652 2671 3722 2737 in
3779 2669 3884 2738 la-

2327 2789 2509 2859 queo
2550 2769 2964 2862 designatur,
3001 2772 3123 2855 ibi,
3157 2781 3220 2850 ὲ.
3282 2776 3320 2841 ’ἵ
3350 2798 3366 2842 :
3406 2799 3439 2841 ι
3471 2778 3730 2844 Anima
3759 2800 3877 2845 no-

2322 2884 2494 2943 stra.
2535 2902 2569 2943 a

2414 2984 2599 3053 Dicit
2634 3009 2840 3078 ergo:
2876 2987 2988 3056 Sic
3022 2988 3199 3073 dico,
3241 2990 3428 3081 quod
3475 2990 3876 3063 benedictus

2322 3098 2428 3158 est
2484 3090 2686 3170 Deus,
2724 3118 2757 3160 ι
2794 3096 2940 3186 qui,
2978 3121 3012 3160 n
3043 3095 3109 3163 id
3145 3104 3272 3181 est,
3307 3097 3468 3189 quia
3516 3097 3630 3168 ille
3673 3128 3707 3162 «
3739 3122 3876 3169 non

2322 3196 2515 3266 dedit
2539 3222 2690 3280 nos,
2723 3226 2757 3267 ι»
2834 3202 2901 3270 id
2959 3211 3085 3285 est,
3143 3204 3287 3273 dari
3341 3207 3677 3296 permisit,
3727 3237 3760 3271 α
3802 3210 3875 3277 in

2319 3307 2702 3395 captionem
2736 3308 3049 3379 dentibus
3086 3335 3347 3396 eorum,
3385 3340 3419 3377 n
3456 3314 3596 3382 imo
3655 3316 3875 3406 magis

2318 3412 2595 3502 eripuit,
2663 3416 2835 3483 sicut
2893 3418 2961 3484 in
3025 3441 3317 3508 persona
3392 3420 3539 3510 ejus
3597 3421 3868 3506 dicitur,

2312 3517 2474 3604 Job,
2510 3543 2699 3606 xxix,
2751 3525 2866 3590 17:
2915 3526 3360 3595 Contcrcbam
3412 3529 3676 3597 molam
3729 3531 3872 3598 ini-

2312 3627 2461 3717 qui,
2540 3638 2605 3697 et
2680 3630 2763 3697 dc
2808 3629 3124 3701 dentibus
3197 3635 3396 3703 illius
3460 3635 3868 3726 auferebam

2305 3732 2645 3823 praedam.
2690 3735 2939 3806 Dentes
2976 3737 3395 3821 daemonum,
3438 3743 3656 3834 aperti
3705 3767 3868 3835 pcr-

3942 726 4058 771 pars
4075 718 4263 764 thalmi.

2311 3847 2681 3912 secutores,
2746 3843 2924 3927 Joel,
3003 3868 3049 3924 1,
3110 3849 3193 3914 ὃς
3252 3850 3501 3917 Dentes
3565 3849 3723 3939 ejus
3789 3861 3866 3920 ut
3894 3883 4073 3931 noae„
4110 3887 4211 3931 a..

3947 3948 4159 3989 mmm.

3942 3993 4062 4047 peni
4092 4007 4105 4042 ι
4119 4004 4194 4038 οι·-

2308 4043 2730 4145 apparebant
2758 4065 2891 4127 tres
2946 4059 3218 4129 ordines
3284 4062 3592 4132 dentium
3625 4065 3672 4133 ¹.
3708 4065 3862 4134 No·
3906 4052 4181 4093 '‘ww“

2304 4170 2462 4229 cent
2500 4162 2712 4245 enim,
2744 4173 2812 4234 et
2841 4164 3170 4236 devorant
3206 4167 3583 4252 blanditiis,
3623 4173 3854 4252 minis,

2308 4274 2377 4336 et
2433 4269 2708 4339 tandem
2772 4272 3139 4358 morsibus,
3199 4274 3392 4344 factis
3458 4275 3741 4363 scilicet,
3790 4287 3861 4348 et

2304 4370 2659 4440 violentia.
2704 4370 2840 4442 Sed
2876 4375 3215 4445 Dominus
3259 4401 3422 4446 suos
3460 4379 3685 4473 eripit.
3720 4379 3850 4450 Isa.

2301 4497 2488 4560 κως,
2549 4480 2635 4546 24
2693 4502 2711 4549 :
2787 4481 3153 4574 Numquid
3215 4483 3506 4553 tolletur
3559 4509 3605 4555 a
3676 4488 3858 4576 lorti

630 4616 850 4685 aquas
884 4594 1231 4684 fluminis,
1273 4596 1548 4664 fluentis
1577 4605 1646 4665 et
1673 4587 2008 4667 inistabilis
2047 4622 2196 4670 car·
2290 4583 2589 4675 1)ΓὸθᾶοῩ
2604 4598 2729 4656 ω’(
2741 4588 2930 4680 quod
2945 4599 3224 4682 caldum
3241 4593 3527 4682 [uerita
3542 4590 3849 4675 ’'Oba-⁹1⁰·

627 4703 760 4783 nis,
802 4702 1065 4770 multas
1092 4712 1158 4770 et
1186 4725 1500 4794 magnas.
1531 4701 1667 4773 Sed
1707 4704 2194 4799 Dominus‘Jali·

2294 4692 2573 4762 salvum
2609 4718 2747 4763 esse
2769 4696 3095 4789 poterit?
3164 4697 3500 4790 Equidem
3575 4701 3854 4772 tolletur

629 4809 905 4902 quando
944 4816 1302 4900 temperat,
1336 4816 1404 4878 et
1441 4811 1777 4882 sustinere
1816 4811 1996 4883 facit.
2041 4816 2070 4883 1
2101 4816 2189 4885 ad
2296 4817 2338 4863 ἃ
2375 4794 2530 4867 ῙΟΓῑῙ
2568 4800 2818 4891 Pfaed⁸2
2852 4810 2920 4870 0²
2957 4803 3139 4894 ΦΨ(1
3169 4812 3444 4897 ⁰⁸P¹¹¹¹¹¹
3485 4828 3526 4874 ⁸
3563 4805 3847 4876 ¹'0b11820

631 4917 939 4990 Corinth.
1000 4939 1071 5000 x,
1126 4919 1250 4986 ¹3:
1320 4918 1587 4988 Fidelis
1625 4923 1839 5005 Deus,
1871 4924 1996 5014 qui
2046 4947 2186 4993 non

615 5027 937 5119 patietur
971 5045 1088 5093 vos
1133 5026 1393 5093 tentari
1419 5047 1638 5119 supra
1693 5028 1773 5096 id
1831 5030 2023 5120 quod
2049 5054 2187 5123 po-

628 5134 840 5214 testis,
874 5140 1003 5202 etc.

698 5592 716 5628 ⁸
749 5584 979 5646 Daniel.
1001 5601 1099 5661 vn,
1127 5590 1195 5646 5:
1225 5593 1296 5648 Et
1324 5609 1449 5652 ecce
1477 5593 1650 5653 bestia
1676 5595 1793 5656 atta
1818 5598 2015 5660 similis
2042 5617 2174 5660 urso

622 5682 684 5740 in
703 5684 872 5756 parte
886 5680 1037 5738 stetit
1056 5693 1079 5736 .·
1113 5685 1168 5737 et
1205 5688 1316 5741 tres
1343 5684 1567 5744 ordines
1594 5695 1752 5747 eram
1789 5689 1850 5749 in
1877 5707 1973 5750 ore
2029 5693 2172 5766 eJ‘us,

2296 4901 2545 4993 fuerat,
2577 4907 2968 4978 salvabitur.

2383 5282 2419 5321 ι
2454 5257 2713 5326 Anima
2738 5265 2971 5325 nostra
2996 5258 3175 5327 sieut
3203 5283 3467 5351 passer.
3502 5289 3537 5324 ι»
3572 5259 3702 5331 llic
3737 5286 3836 5334 se·

2288 5365 2592 5433 cundum
2666 5363 3094 5445 beneficium,
3155 5366 3225 5433 in
3291 5388 3427 5458 quo
3457 5375 3837 5462 tanguntur

2284 5632 2339 5682 ot
2366 5627 2425 5682 in
2454 5627 2706 5684 dentibus
2726 5625 2864 5699 ejus.
