5008 6329
525 2244 579 2309 7

748 339 877 406 478

1733 333 1819 400 D.
1861 333 2064 401 ALB.
2107 332 2330 404 MAG.
2374 333 2583 402 ORD.
2627 333 2924 403 PRAED.

843 537 874 568 a
903 507 1139 574 Portio
1178 527 1350 571 mea.
1400 531 1432 570 ιο
1494 504 1665 574 Ecce
1708 505 2006 573 tertium.
2044 506 2129 573 Et
2186 505 2296 573 di·
2395 507 2582 575 visti.
2613 507 2865 575 Jerem.
2903 528 3018 586 xx,
3069 506 3186 573 13:
3232 503 3582 571 Liberavit
3639 505 3943 570 animam

744 618 853 682 xi:
895 615 995 680 Tu
1025 636 1096 680 es
1132 642 1164 675 «
1215 617 1443 704 portio
1482 637 1656 699 mea,
1714 642 1745 679 »
1791 638 1997 705 quam
2047 639 2291 705 exspe-

744 731 879 799 ct0,
922 744 1126 811 quam
1157 720 1485 802 desidem,
1525 747 1679 792 ecce
1711 747 1928 800 amor,
1975 746 2115 790 non
2147 723 2282 800 hic,

2390 616 2722 706 pauperis
2748 616 2830 681 de
2862 635 3076 680 manu
3107 612 3484 680 malorum.
3530 610 3614 677 Et
3645 618 3744 676 est
3774 610 3943 676 bene

2394 722 2721 791 liberatus
2780 745 2984 813 quem
3051 731 3124 788 tu
3191 720 3467 789 liberas.
3528 718 3733 786 Joan.
3794 720 3981 793 vius

746 829 863 897 sed
907 854 938 894 ι
975 831 1045 896 in
1082 841 1261 898 terra
1308 833 1708 906 viventium,
1743 858 1771 893 n
1833 853 1985 898 ecce
2037 830 2288 920 longa·
2396 830 2479 895 36
2525 852 2540 895 ε
2579 831 2660 898 Si
2687 831 2916 897 Filius
2959 852 3076 896 vos
3110 829 3529 910 liberaverit,
3563 849 3712 893 vere
3744 823 3942 892 liberi

745 937 1017 1005 nimitas
1046 938 1112 1003 in
1144 960 1398 1005 amore.
1437 936 1683 1026 Supra,
1720 937 1789 1001 in
1821 935 2004 1002 Psal.
2042 959 2157 1012 xv,
2203 939 2279 1004 5:

741 1047 1080 1113 Dominus
1100 1067 1267 1134 pars
1303 1043 1721 1110 haereditatis
1750 1064 1935 1109 mese.
1994 1041 2280 1111 Numer.

2393 936 2582 1000 eritis
2648 958 2670 1000 .·
2757 934 2939 1024 quod
3005 936 3226 1022 majus
3293 943 3396 1002 est
3471 957 3676 1024 quam
3770 930 3940 997 libe-

2392 1042 2553 1107 rari.
2607 1040 2811 1108 Eccli.
2883 1063 2971 1119 m,
3037 1041 3115 1106 12
3171 1062 3186 1105 ε
3235 1042 3453 1107 Eruis
3533 1042 3938 1107 sustinentes

740 1176 929 1231 xvut,
964 1155 1085 1219 20:
1132 1155 1282 1241 qu
1322 1174 1491 1241 pars
1544 1161 1609 1218 et
1652 1150 2016 1218 lzaereditas
2047 1162 2171 1220 tua
2211 1154 2281 1219 in
2389 1157 2476 1229 te,
2557 1157 2621 1213 et
2698 1145 2948 1213 liberas
3022 1168 3132 1213 eos
3207 1145 3290 1212 de
3362 1144 3684 1213 manibus
3763 1167 3934 1235 qen-

743 1259 963 1326 medio
1015 1259 1326 1347 filiorum
1372 1259 1613 1326 Israel.
1679 1258 1931 1326 Thren.
1979 1283 2077 1337 ιιι,
2146 1261 2276 1328 24:

738 1367 916 1432 Pars
964 1388 1113 1432 mea
1166 1366 1519 1445 Dominus,
1572 1366 1754 1433 dixit
1801 1367 2041 1432 anima
2097 1389 2271 1436 mea.

740 1471 877 1540 Sed
907 1500 941 1536 α
985 1474 1056 1539 in
1094 1483 1273 1539 terra
1305 1473 1698 1549 viventium,
1737 1498 1769 1539 r
1805 1494 1947 1538 non
1977 1475 2277 1540 morien·

735 1581 930 1658 tium,
973 1603 1123 1670 quae
1167 1589 1268 1648 est
1314 1579 1448 1662 hic,
1492 1589 1558 1647 et
1614 1588 2070 1658 mortuorum,
2126 1603 2276 1670 quae

733 1699 834 1757 est
880 1688 1205 1758 infernus.
1270 1688 1516 1778 Supra,
1563 1690 1631 1755 in
1692 1688 1873 1755 Psal.
1918 1712 2108 1767 xxvt,
2150 1691 2269 1756 13:

733 1798 950 1868 Credo
998 1798 1221 1865 videre
1269 1797 1445 1866 bona
1501 1798 1791 1867 Domini
1821 1798 1893 1864 in
1948 1806 2131 1866 terra
2163 1799 2273 1865 vi-

737 1906 1059 1983 ventium,
1107 1913 1233 1974 etc.

819 2249 851 2282 «
890 2221 1171 2288 Intende
1207 2221 1303 2288 ad
1327 2221 1886 2312 deprecationem.
1925 2248 1959 2284 n
1994 2221 2123 2289 Hic
2161 2243 2266 2288 se-

725 2328 1047 2407 cundum,
1079 2329 1147 2395 in
1191 2352 1326 2420 quo
1367 2328 1804 2420 subjungitur
1831 2329 2093 2418 petitio.
2132 2328 2269 2397 Pe-

722 2435 803 2501 tit
831 2443 1059 2503 autem
1089 2436 1239 2504 tria.
1260 2436 1726 2504 Attentionem
1750 2436 2022 2524 judicis.
2059 2435 2268 2527 Erep-

721 2541 975 2609 tionem
1040 2564 1080 2608 a
1137 2541 1357 2617 malis,
1390 2541 1508 2620 ibi,
1564 2570 1594 2601 α
1629 2541 1878 2612 Libera
1924 2566 2053 2610 me.
2100 2571 2133 2605 »
2178 2543 2265 2611 Et

721 2646 1147 2715 eductionem
1222 2647 1304 2716 de
1359 2646 1749 2717 habitaculo
1826 2651 2073 2733 carnis,
2137 2652 2255 2731 ibi,

719 2764 782 2832 5.
827 2758 868 2825 8
903 2779 918 2824 :
966 2784 1000 2820 α
1033 2757 1236 2825 Educ
1271 2758 1354 2826 de
1388 2760 1727 2827 custodia.
1765 2785 1797 2824 n

803 2864 882 2930 In
929 2864 1171 2955 prima,
1222 2865 1487 2955 petitio.
1545 2865 1624 2933 ln
1671 2868 1993 2946 secunda,
2046 2891 2258 2960 quare

715 2970 885 3038 ratio
916 2969 1156 3039 debeat
1191 2972 1434 3055 audiri,
1478 2972 1597 3058 ibi,
1645 2999 1681 3036 α
1717 2975 1899 3059 Quia
1927 2974 2258 3045 humilia·

714 3085 824 3144 tus
848 3099 1024 3146 sum.
1062 3102 1096 3143 n

801 3183 1013 3264 Quasi
1065 3185 1353 3256 diceret:
1425 3187 1533 3255 Ad
1605 3196 1670 3256 te
1725 3187 2042 3272 clamavi,
2086 3190 2252 3259 inte

714 3293 1004 3383 speravi,
1066 3302 1127 3361 te
1175 3292 1344 3385 elegi
1384 3317 1399 3361 ε
1451 3317 1642 3387 ergo,
1692 3294 2016 3381 Domine,
2087 3326 2119 3360 α
2152 3299 2253 3366 in·

711 3400 907 3468 tende
950 3400 1047 3467 ad
1071 3401 1608 3492 deprecationem
1636 3425 1887 3483 meam,
1924 3430 1957 3466 n
2000 3404 2087 3473 ad
2128 3405 2253 3473 im-

708 3507 1057 3598 plendum,
1113 3517 1180 3577 et
1235 3508 1463 3590 debes,
1526 3537 1560 3574 α
1596 3512 1764 3601 quia
1828 3512 2248 3582 humiliatus

704 3637 857 3681 sum
919 3615 1150 3693 nimis,
1195 3642 1227 3677 »v
1276 3615 1346 3684 id
1401 3625 1526 3695 est,
1588 3616 1812 3696 valde,
1865 3618 2243 3687 secundum

704 3743 967 3791 morem
995 3720 1383 3814 Scripturae.
1434 3722 1588 3808 Vel,
1630 3725 1862 3803 nimis,
1898 3727 2062 3816 quia
2116 3724 2249 3794 hu-

704 3830 999 3900 miliatus
1037 3855 1196 3900 sum
1237 3834 1517 3902 interius
1558 3835 1628 3901 in
1664 3832 1894 3916 corde,
1927 3843 1994 3903 et
2051 3844 2245 3904 exte-

707 3938 843 4006 rius
908 3938 978 4007 in
1058 3963 1362 4030 corpore.
1424 3941 1736 4009 Primum
1784 3951 1886 4010 est
1943 3943 2239 4012 virtutiS.

706 4046 1119 4127 Secundum,
1148 4048 1542 4140 dejectionis
1572 4058 1636 4119 et
1665 4050 2073 4119 afflictionis.
2113 4052 2154 4121 J
2161 4076 2244 4120 u-

704 4154 877 4238 dith,
935 4178 1029 4234 ix,
1094 4158 1173 4224 16
1218 4179 1233 4223 ε
1292 4157 1687 4226 Ilumilium
1734 4167 1797 4224 et
1845 4169 2242 4228 mansueto-

704 4284 857 4330 rum
883 4284 1145 4354 semper
1179 4260 1307 4330 tibi
1340 4262 1616 4355 placuit
1644 4263 2051 4356 deprecatio.
2096 4265 2240 4334 Da-

704 4367 863 4437 niel.
907 4391 1002 4446 m.
1037 4369 1160 4437 39:
1214 4370 1297 4437 ln
1334 4369 1566 4437 animo
1639 4372 1957 4451 contrito,
1988 4382 2053 4439 et
2087 4374 2238 4464 spi-

701 4477 844 4567 ritu
895 4476 1314 4544 humilitatis
1355 4477 1841 4568 suscipiamur,
1901 4478 2156 4548 scilicet
2194 4504 2235 4549 a

702 4592 794 4664 te,
831 4582 1146 4652 Domine.

789 4827 824 4867 ι
861 4800 1102 4871 Libera
1130 4823 1257 4868 me.
1305 4824 1338 4865 s
1371 4798 1499 4869 Hic
1543 4799 1948 4880 secundum,
1988 4800 2060 4868 in
2094 4822 2233 4892 quo

700 4911 866 5002 petit
894 4910 980 4978 ab
1009 4908 1411 4977 adversariis
1451 4907 1966 4977 liberationem:
2010 4917 2076 4977 et
2123 4908 2234 4976 di-

696 5025 942 5084 cuntur
1014 5012 1172 5081 duo.
1233 5008 1492 5091 Primo,
1551 5013 1807 5103 petitio.
1884 5011 2226 5093 Secundo,

696 5122 867 5190 ratio
933 5143 1140 5212 quare
1214 5117 1452 5187 debeat
1505 5118 1750 5202 audiri,
1784 5118 1901 5197 ibi,
1976 5146 2009 5182 α
2049 5122 2232 5206 Quia

696 5229 1069 5319 confortati
1092 5238 1275 5296 sunt.
1312 5250 1346 5291 x·

780 5336 897 5403 Ait
925 5335 1149 5403 enim:
1196 5332 1310 5402 Sic
1341 5329 1612 5400 intende
1669 5330 1755 5398 ad
1801 5330 2230 5423 deprecatio-

694 5465 877 5521 nem,
911 5447 977 5510 et
1006 5440 1209 5508 etiam
1248 5465 1283 5505 ι
1311 5437 1528 5508 libera
1556 5460 1664 5506 me
1690 5462 1734 5507 a
1751 5442 2228 5532 persequenti-

697 5548 822 5618 bus
858 5572 985 5618 me.
1018 5576 1048 5611 ι
1112 5547 1363 5616 Jerem.
1414 5569 1533 5632 xv,
1580 5549 1659 5616 15
1693 5569 1709 5615 ε
1748 5547 1957 5617 Tuere
2004 5571 2115 5617 me
2142 5549 2230 5618 ab

694 5656 802 5724 his
830 5660 953 5751 qui
995 5665 1495 5751 persequuntur
1548 5679 1679 5740 me,
1729 5658 1905 5726 sicut
1938 5680 2230 5727 consue-

2388 1257 2589 1322 tium.

2475 1606 2507 1644 α
2550 1579 2753 1647 Educ
2791 1579 2872 1646 de
2900 1576 3235 1645 custodia.
3274 1602 3306 1641 n
3350 1577 3479 1644 Hic
3516 1577 3817 1652 tertium,
3862 1575 3930 1641 in

2382 1709 2518 1776 quo
2552 1687 2719 1776 petit
2758 1685 3172 1774 ereptionem
3204 1684 3285 1752 de
3315 1682 3539 1751 carnis
3570 1681 3928 1750 habitacu-

2378 1792 2470 1859 lo.
2509 1792 2592 1859 Et
2621 1793 2814 1882 ponit
2842 1793 3066 1882 primo
3108 1792 3532 1880 petitionem.
3580 1787 3922 1868 Secundo,

2377 1898 2566 1965 addit
2593 1898 2957 1965 utilitatem
2997 1896 3366 1987 duplicem,
3398 1896 3518 1973 ibi,
3567 1923 3600 1956 «
3632 1894 3747 1962 Ad
3777 1918 3928 1962 con-

2373 2005 2738 2094 fitendum.

2465 2113 2701 2180 Prima
2748 2121 2849 2180 est
2888 2120 2961 2179 ut
3008 2111 3163 2180 inde
3192 2111 3380 2179 Deus
3417 2110 3755 2189 laudetur,
3800 2111 3918 2191 ibi,

2377 2248 2410 2288 α
2451 2222 2568 2292 Ad
2600 2221 3063 2311 confitendum
3091 2222 3359 2289 nomini
3396 2230 3539 2289 tuo.
3575 2247 3611 2284 n
3669 2218 3921 2288 Secun-

2374 2327 2483 2407 da,
2548 2335 2619 2395 ut
2685 2329 3036 2418 proximus
3093 2327 3489 2408 aedificetur,
3569 2325 3688 2404 ibi,
3746 2354 3778 2390 α
3810 2328 3922 2393 Me

2371 2443 2764 2527 exspectant
2778 2433 2991 2524 justi.
3030 2459 3063 2495 n

2461 2542 2635 2610 Dicit
2662 2564 2826 2633 ergo
2863 2564 2878 2608 :
2916 2540 3029 2608 Sic
3076 2549 3232 2631 peto
3290 2563 3330 2607 a
3374 2539 3919 2631 persecutoribus

2368 2650 2665 2730 liberari,
2709 2659 2776 2719 et
2818 2651 3021 2719 etiam
3084 2648 3218 2717 hoc
3269 2657 3427 2739 peto
3464 2671 3479 2716 z
3539 2678 3571 2711 «
3608 2649 3806 2717 Educ
3837 2649 3919 2714 de

2363 2756 2706 2842 custodia,
2752 2782 2784 2821 n
2845 2756 2977 2824 alia
3035 2755 3284 2834 littera,
3329 2780 3362 2820 α
3417 2755 3500 2823 de
3552 2778 3840 2827 carcere.
3877 2782 3909 2821 ιο

2363 2865 2628 2932 carnis:
2686 2885 2934 2954 corpus
2989 2864 3177 2931 enim
3231 2884 3461 2931 carcer
3507 2870 3610 2931 est
3662 2865 3908 2931 animae
3940 2874 4136 2974 griffi-⁸
4185 2879 4261 2974 3}

2362 2980 2614 3041 sanctae
2661 2971 2748 3040 ad
2806 2978 3060 3040 aeterna
3107 2970 3537 3061 suspirantis.
3592 2969 3752 3050 Job,
3787 2994 3904 3057 vn,

2366 3083 2489 3149 12:
2533 3079 2897 3173 Numquid
2919 3100 3112 3148 mare
3146 3102 3268 3173 eqo
3295 3101 3479 3159 sum,
3527 3087 3653 3148 aut
3697 3089 3902 3161 cetus,

2359 3190 2530 3282 quia
2576 3189 3088 3258 circumdedisti
3152 3212 3260 3257 me
3328 3211 3595 3257 carcere
3628 3188 3670 3256 ?
3721 3189 3906 3259 Mare

2359 3304 2694 3389 peccator,
2730 3306 2918 3365 cetus
2956 3294 3293 3378 diabolus,
3337 3295 3418 3365 de
3473 3295 3722 3390 quibus
3772 3321 3910 3367 non

2359 3414 2460 3474 est
2489 3405 2742 3473 mirum
2772 3407 2830 3473 si
2858 3426 3126 3473 carcere
3183 3404 3717 3486 circumdantur,
3749 3428 3905 3475 cum

2355 3511 2640 3580 tendant
2711 3511 2795 3579 ad
2845 3510 3130 3589 malum,
3163 3510 3284 3578 sed
3334 3509 3419 3579 de
3450 3509 3572 3581 illo
3603 3512 3722 3603 qui
3762 3535 3904 3582 non

2354 3617 2677 3686 tendebat
2723 3619 2851 3686 nisi
2904 3619 2971 3684 in
3034 3618 3327 3697 bonum,
3361 3618 3615 3686 mirum
3655 3626 3781 3687 est.
3826 3619 3903 3688 ln

2352 3722 2486 3793 hoc
2550 3747 2816 3794 carcere
2890 3722 3210 3816 gemebat
3264 3725 3383 3816 qui
3448 3725 3741 3808 dicebat,
3817 3727 3902 3795 ad

2354 3831 2648 3900 Roman.
2691 3853 2811 3910 vn,
2853 3831 2979 3899 24:
3012 3830 3282 3921 Infelix
3308 3853 3432 3923 eqo
3461 3830 3664 3899 homo
3685 3836 3718 3899 Ι
3741 3835 3901 3925 quis

2352 3960 2458 4005 me
2510 3936 2831 4006 liberabit
2858 3937 2941 4005 de
2993 3959 3274 4030 corpore
3317 3939 3562 4007 mortis
3617 3938 3904 4030 hujus?

2350 4044 2491 4114 Nec
2522 4047 2800 4123 mirum,
2844 4044 3002 4136 quia
3046 4046 3118 4112 in
3149 4042 3279 4113 boc
3309 4067 3580 4115 carcere
3618 4046 3796 4116 same
3833 4055 3899 4116 et

2348 4152 2457 4221 siti
2503 4152 2867 4231 cruciatur,
2933 4149 3176 4220 Matth.
3234 4174 3307 4233 v,
3375 4154 3461 4220 6:
3519 4154 3723 4221 Beati
3777 4154 3900 4246 qui

2346 4260 2682 4336 esuriunt,
2724 4269 2788 4326 et
2812 4259 3062 4326 sitiunt
3078 4257 3470 4347 justitiam,
3510 4260 3585 4327 in
3629 4282 3895 4330 carcere

2346 4368 2679 4460 corporis.
2724 4365 3070 4435 Leonibus
3125 4366 3211 4435 ad
3254 4366 3727 4437 devorandum
3772 4392 3898 4438 ex-

2346 4478 2647 4570 ponitur,
2733 4475 2989 4544 scilicet
3083 4473 3385 4543 motibus
3483 4475 3892 4559 carnalibus,

2345 4583 2615 4655 Daniel.
2668 4606 2765 4667 vx,
2812 4583 2918 4659 16,
2959 4581 3205 4651 Daniel
3234 4583 3487 4652 missus
3534 4591 3637 4653 est
3689 4586 3757 4653 in
3790 4585 3895 4655 la-

2342 4713 2499 4758 cum
2558 4689 2862 4758 leonum.
2916 4688 3242 4757 Tenebris
3297 4698 3699 4774 excaecatur,
3759 4691 3890 4760 lsa.

2342 4820 2482 4876 xxi,
2545 4797 2628 4864 4:
2690 4798 3055 4864 Emarcuit
3108 4817 3228 4863 cor
3280 4818 3533 4873 meum,
3606 4798 3892 4868 tenebra!

2340 4909 2850 4998 stupefecerunt
2905 4926 3036 4972 me.
3097 4902 3272 4971 Luto
3317 4904 3748 4975 sordidarum
3786 4908 3894 4977 af-

2340 5014 2711 5083 fectionum
2746 5011 3200 5102 immergitur,
3232 5010 3313 5079 In
3345 5010 3526 5081 Psal.
3566 5037 3800 5097 nxvm,
3823 5015 3889 5094 3,

2339 5144 2590 5213 supra:
2633 5121 2903 5211 Infizus
2928 5141 3086 5188 sum
3111 5120 3184 5187 in
3227 5118 3396 5189 limo
3426 5122 3798 5214 profundi,
3829 5134 3894 5192 et

2355 5252 2491 5296 non
2518 5239 2616 5296 est
2638 5226 3052 5295 substantia.
3084 5224 3172 5293 Et
3206 5235 3395 5307 nota,
3428 5227 3615 5319 quod
3642 5228 3699 5295 si
3738 5251 3894 5299 reus

2346 5345 2473 5419 est,
2506 5335 2592 5404 ad
2649 5336 2979 5424 majorem
3017 5356 3292 5425 poenam
3345 5334 3728 5404 custoditur
3760 5337 3893 5405 :ad

2339 5441 2657 5534 gloriam,
2690 5442 2746 5509 si
2803 5438 3083 5520 electus,
3128 5441 3306 5509 sicut
3350 5442 3679 5532 pincerna
3705 5442 3890 5512 Pha-

2338 5551 2571 5620 raonis
2618 5557 2687 5619 et
2734 5549 2988 5642 pistor:
3042 5572 3339 5641 quorum
3379 5548 3551 5618 alter
3607 5550 3888 5622 eductus

2339 5661 2422 5729 de
2469 5680 2738 5728 carcere
2766 5680 3136 5748 suspensus
3175 5665 3302 5738 est,
3336 5656 3508 5727 alter
3551 5681 3715 5729 vero
3745 5662 3889 5751 pri-
