5008 6329
359 2784 483 2817 rum·

597 341 728 409 312

1578 343 1660 408 D.
1717 341 1912 407 ΑΕΒ.
1967 340 2177 409 MAG.
2235 341 2436 408 01¹1).
2493 341 2783 411 PRAED.

607 515 762 585 133.
818 515 1129 587 Gressus
1197 536 1398 583 meos
1450 511 1677 603 dirige
1739 512 2138 581 secundum
2250 513 2667 581 voluntatem
2708 514 3115 604 inquisiisse.
3163 511 3504 586 Secundo,
3551 506 3804 575 arden-

864 622 1234 714 eloquium
1267 639 1503 703 tuum,
1539 638 1607 690 et
1639 642 1784 690 non
1817 619 2141 690 domine-

866 747 982 797 tur
1013 728 1155 797 mei
1188 727 1428 796 omnis
1464 726 1839 816 injustitia.

609 839 766 922 134.
822 834 1126 903 Redime
1193 855 1307 901 me
1364 857 1403 903 a
1457 834 1840 905 calumniis
1903 833 2144 905 homi-

870 963 1072 1019 num,
1099 958 1177 1010 ut
1199 942 1602 1011 custodiam
1620 944 1952 1012 mandata
1994 962 2135 1011 tua.

613 1047 770 1117 135.
828 1046 1109 1117 Faciem
1155 1066 1355 1119 tuam
1397 1050 1728 1120 illumina
1760 1071 1977 1140 super
2006 1070 2147 1117 ser-

2250 630 2351 688 ter
2388 644 2641 700 orasse,
2679 620 2793 699 ibi,
2829 627 2893 695 δ’.
2943 620 3059 686 131
3114 642 3128 686 :
3168 643 3201 684 α
3249 618 3338 686 Os
3378 636 3607 683 meum
3638 634 3806 703 ape-

2255 751 2388 797 rm.
2430 756 2460 789 »

2343 836 2418 901 In
2449 837 2669 924 prima
2708 836 2855 901 tria.
2893 835 3153 913 Primo,
3190 829 3555 899 necessitas
3584 828 3808 917 inqui-

2256 941 2443 1008 rendi
2521 950 2959 1020 monstratur,
3030 942 3122 1008 ibi
3191 966 3225 1002 α
3284 935 3676 1007 Mirabilia.
3762 960 3791 995 u

2262 1047 2599 1125 Secund0‚
2637 1048 2917 1114 infertur
2951 1047 3326 1136 inquisitio,
3380 1043 3501 1121 ibi,
3536 1069 3570 1103 «
3642 1041 3804 1108 Ideo

871 1175 1044 1222 vum
1083 1172 1319 1236 tuum,
1363 1174 1434 1226 et
1491 1155 1664 1224 doce
1705 1176 1822 1224 me
1888 1153 2148 1244 justifi-
2257 1164 2562 1223 scrutata
2617 1165 2735 1223 est.
2784 1180 2815 1219 n
2864 1155 3118 1232 Terti0,
3153 1154 3409 1222 fructus
3439 1159 3507 1219 et
3551 1148 3806 1216 utilitas

874 1262 1188 1332 cationes
1220 1280 1406 1332 tuas·

617 1368 776 1438 136.
834 1367 1090 1437 Exitus
1120 1390 1475 1459 aquarum
1507 1368 1956 1437 deduxerunt
1988 1389 2154 1436 ocu-

880 1470 929 1540 li
996 1471 1167 1555 mei,
1220 1470 1388 1562 quia
1440 1493 1584 1541 non
1653 1471 2153 1542 custodierunt

883 1578 1114 1667 legem
1155 1595 1380 1648 tuam.

1398 2117 1535 2213 ‹e›

256 2557 584 2657 T‘ssihssiin
716 2576 746 2613 α
783 2547 1146 2616 Mirabilia
1195 2550 1582 2617 testmeonia
1622 2558 1767 2616 tua.
1812 2576 1844 2609 ιο
1905 2547 2091 2615 Sicut
2123 2573 2162 2616 a

279 2662 564 2778 1¹:32ng
613 2656 949 2748 principio
1006 2658 1213 2723 totius
1295 2656 1500 2746 hujus
1576 2656 1833 2724 Psalmi
1908 2656 2160 2725 dictum

611 2765 764 2842 fuit,
806 2786 963 2832 eum
1004 2772 1230 2832 aetum
1263 2765 1352 2832 sit
1401 2765 1470 2831 in
1522 2765 1743 2855 prima
1818 2772 2008 2854 parte
2083 2763 2164 2832 de

614 2870 858 2938 merito
919 2868 1412 2958 incipientium,
1480 2868 1915 2960 postmodum
1955 2869 2169 2959 proli-

614 2976 967 3055 cientium,
1003 2974 1111 3043 hic
1138 2976 1338 3044 tertio
1379 2976 1607 3068 agitur
1633 2976 1715 3045 de
1741 2976 1985 3045 merito
2016 2998 2169 3066 per-

614 3083 978 3154 seclorum.

711 3189 889 3259 Sunt
942 3199 1169 3259 autem
1235 3192 1366 3259 tria
1421 3214 1670 3283 genera
1710 3191 2164 3283 perfectionis.

616 3299 740 3369 Est
770 3299 1090 3390 perfectio
1116 3297 1587 3382 praelatorum,
1620 3309 1686 3369 et
1717 3308 1818 3370 est
1849 3300 2168 3389 perfectio

617 3405 1076 3476 laborantium
1110 3408 1176 3474 in
1217 3407 1465 3489 activa,
1507 3416 1574 3476 et
1628 3407 1948 3498 perfectio
1986 3407 2173 3498 quie-

619 3514 955 3583 scentium
996 3514 1064 3580 in
1096 3513 1651 3604 contemplativa,
1711 3522 1780 3582 et
1846 3514 1988 3583 Deo
2046 3537 2171 3582 va-

619 3623 949 3691 cantium.
983 3622 1228 3712 Agitur
1268 3645 1430 3712 ergo
1489 3623 1711 3712 primo
1777 3620 1861 3690 de
1928 3622 2168 3689 merito

619 3730 1076 3822 perfectorum
1133 3731 1202 3797 in
1266 3740 1446 3800 statu
1535 3730 1971 3822 praelationis.
2053 3731 2172 3800 Se·

619 3837 873 3917 cundo,
909 3840 976 3905 in
1005 3846 1181 3907 statu
1211 3840 1524 3908 actionis.
1573 3839 1799 3908 Tertio
1865 3841 1934 3906 in
1992 3848 2167 3908 statu

621 3945 1241 4037 contemplationis,
1307 3947 1699 4016 Secundum
1749 3948 1958 4026 ihm.
2002 3949 2166 4016 143:

634 4081 668 4116 ι
708 4052 1027 4123 Clamari
1053 4054 1122 4120 in
1177 4062 1317 4121 toto
1360 4055 1562 4121 eorde
1597 4077 1768 4122 nic-0.
1806 4080 1840 4120 ι
1871 4053 2171 4123 Tertium

626 4182 791 4228 vero
831 4159 949 4238 ibi,
994 4166 1056 4235 ὲ.
1123 4161 1288 4227 161:
1343 4191 1375 4223 α
1439 4162 1793 4253 Principes
1832 4162 2175 4254 persecuti

621 4275 786 4334 sun!
816 4288 923 4332 me
946 4267 1189 4358 qratis.
1227 4290 1262 4333 ι
1614 4355 1618 4359 .

713 4370 791 4438 In
821 4374 1040 4462 prima
1070 4371 1233 4452 duo,
1265 4373 1643 4443 secundum
1682 4374 1819 4444 duo
1865 4397 2017 4466 quoe
2061 4397 2174 4443 re—

623 4478 990 4571 quiruntur
1098 4480 1182 4549 ad
1284 4482 1770 4572 perfectionem
1877 4482 2169 4553 l'raelati.

625 4586 888 4664 Primo,
921 4585 1102 4677 quod
1132 4587 1219 4654 sit
1246 4587 1582 4678 perfectus
1612 4589 1681 4658 in
1717 4577 1941 4681 seipso
1980 4589 2176 4657 abso·

624 4695 791 4765 lute.
839 4691 1181 4772 Secundo,
1242 4694 1427 4786 quod
1458 4693 1786 4764 relatione
1850 4695 1936 4764 ad
1973 4695 2168 4776 alios,

626 4825 803 4893 quos
840 4800 1046 4871 habet
1073 4824 1306 4894 regere
1349 4803 1433 4872 de
1472 4825 1636 4894 quo,
1699 4804 1819 4888 ibi,
1868 4811 1933 4882 ς’.
2000 4805 2165 4873 137:

627 4937 663 4978 ι
702 4913 946 4981 Iustus
982 4933 1074 4990 eS,
1105 4914 1423 4982 Domine.
1468 4941 1502 4978 ιο

718 5016 793 5085 In
833 5040 905 5085 se
943 5027 1169 5087 autem
1234 5018 1434 5089 debet
1497 5022 1726 5112 pertici
1756 5022 1826 5091 in
1878 5019 2168 5089 duobus.

624 5126 704 5194 ln
734 5126 1042 5220 diligenti
1072 5129 1511 5220 inquisitione
1561 5129 1975 5199 mirabilium
2022 5128 2170 5210 Dei,

626 5244 704 5303 ut
731 5236 1107 5304 instruatur
1134 5236 1200 5304 in
1230 5238 1536 5307 scientia.
1590 5236 1664 5306 In
1695 5238 1979 5308 ferventi
2017 5259 2174 5326 sup·

624 5343 1016 5434 plicatione,
1077 5353 1142 5412 et
1179 5343 1423 5415 humili
1462 5348 1769 5426 oratione
1800 5350 1884 5419 ad
1927 5350 2170 5436 Deum,

625 5457 704 5516 ut
733 5448 1117 5540 perficiatur
1144 5454 1212 5520 in
1243 5454 1404 5522 vita.
1443 5452 1676 5523 Primo
1696 5478 1860 5548 ergo
1891 5456 2174 5549 loquens

627 5557 697 5626 in
731 5579 1016 5650 persona
1043 5559 1206 5648 justi
1236 5562 1307 5630 in
1354 5571 1533 5632 statu
1596 5564 2012 5656 praelationis
2049 5564 2174 5632 ab·

630 5665 876 5750 solute,
909 5674 977 5735 et
1006 5666 1075 5735 in
1103 5691 1175 5737 se
1203 5669 1505 5759 perfecti,
1544 5673 1905 5741 confitetur
1940 5694 2010 5741 se
2049 5670 2174 5741 Dei

2262 1286 2552 1354 sequens
2619 1286 2702 1330 ex
2764 1262 3229 1353 inquisitione,
3293 1260 3411 1339 ibi,
3490 1266 3556 1335 δ’.
3613 1256 3738 1323 130
3787 1277 3804 1323 t

2267 1402 2298 1437 «
2331 1374 2725 1441 Declaratio
2761 1394 3173 1439 sermonum.
3222 1399 3255 1433 »

2357 1684 2529 1752 Dicit
2560 1705 2719 1773 ergo
2758 1705 2772 1749 :
2837 1680 2974 1759 Sic,
3013 1678 3331 1757 Domine,
3364 1677 3587 1767 legem
3619 1684 3809 1743 tuam

2267 1795 2693 1882 impugnant,
2739 1798 2803 1856 et
2833 1787 3187 1877 dissipant,
3246 1784 3365 1852 sed
3404 1807 3545 1851 non
3585 1784 3810 1851 omni-

2266 1924 2354 1969 no
2385 1896 2903 1989 desperandum,
2956 1903 3031 1961 ut
3095 1901 3316 1961 totum
3372 1900 3656 1983 propter
3683 1888 3816 1958 hoc

2268 2007 2566 2097 abjiciaS,
2620 2026 2776 2071 nam
2825 2029 2859 2068 ι
2920 2000 3282 2069 mirabilia
3364 2028 3396 2061 n
3445 2006 3604 2066 sunt
3637 2024 3671 2063 α
3717 2008 3818 2065 te-

2265 2116 2589 2184 stimonia
2621 2125 2767 2189 tua,
2806 2136 2837 2177 ι
2872 2110 3171 2201 antiquis
3201 2107 3506 2200 patribus
3529 2105 3819 2174 mirabi-

2268 2224 2443 2303 liter,
2513 2230 2575 2289 et
2634 2228 2769 2288 tam
2864 2216 3389 2285 misericorditer
3453 2214 3655 2297 facta,
3736 2212 3820 2279 de

2270 2330 2539 2423 quibuS,
2605 2325 2764 2408 Job,
2826 2351 2893 2406 v,
2944 2329 2985 2394 9
3058 2325 3261 2409 :Qui
3321 2325 3498 2414 lacit
3560 2345 3817 2412 maqmz

2269 2450 2332 2507 el
2399 2433 2875 2505 inscrutabilia
2977 2444 3041 2499 el
3125 2430 3484 2500 mirabilia
3567 2430 3824 2520 absque

2270 2568 2575 2614 numero.
2659 2542 2852 2619 item,
2927 2551 3253 2609 creaturae
3309 2561 3577 2620 omneS,
3671 2560 3822 2629 quae

2272 2661 2675 2724 attestantur
2724 2659 2857 2716 tnae
2893 2650 3244 2739 potentioe,
3280 2655 3348 2716 et
3388 2654 3521 2714 tuoe
3551 2647 3828 2737 sapien-

2272 2766 2405 2845 tiae,
2449 2771 2512 2830 et
2554 2771 2682 2828 tum
2723 2759 3035 2834 bonitati,
3070 2757 3151 2824 de
3200 2756 3476 2849 quibus,
3515 2755 3719 2822 Joan.
3754 2776 3822 2833 v,

2274 2874 2357 2938 36
2402 2894 2416 2938 :
2453 2871 2611 2958 Ipsa
2651 2891 2854 2958 opera
2894 2889 3047 2957 qua·
3087 2888 3209 2954 eqo
3247 2864 3463 2953 jacie,
3523 2862 3827 2929 testimo-

2272 2982 2461 3047 uium
2488 2975 2842 3068 perhibent
2879 2974 2963 3040 do
3024 2996 3150 3041 me.
3199 2973 3401 3053 Item,
3460 2978 3821 3062 praecepta,

2275 3111 2424 3181 qua·
2456 3109 2614 3153 vere
2639 3089 3042 3152 attestantur
3073 3082 3388 3160 bonitati,
3422 3079 3504 3148 de
3545 3078 3822 3173 quibus,

2270 3198 2427 3279 sot»,
2503 3219 2758 3275 xxxvii,
2814 3196 2890 3260 Η
2933 3197 3140 3274 2810,
3199 3191 3528 3261 cessando
3587 3213 3625 3259 a
3665 3213 3831 3282 pec-

2273 3313 2448 3383 catu,
2497 3315 2561 3371 el
2596 3300 2945 3370 concide-ra
3002 3300 3362 3368 mirabilia
3433 3300 3589 3376 Dei,
3645 3320 3830 3389 proe-

2273 3420 2487 3502 cepta.
2533 3411 2778 3477 tlinnia
2810 3417 3035 3475 autern
3077 3406 3221 3475 lnrc
3252 3416 3413 3475 sunt
3451 3405 3651 3473 nobis
3690 3405 3829 3470 mi-

2277 3519 2534 3593 rabilia,
2580 3517 2892 3592 namine,
2931 3539 3067 3582 nnn
3120 3514 3265 3584 tibi.
3318 3512 3531 3582 Eccli.
3584 3534 3822 3589 xxxix,

2274 3631 2357 3697 223
2426 3650 2442 3694 :
2515 3626 2715 3694 Nihil
2765 3637 2860 3693 cs!
2916 3624 3237 3693 mirabile
3313 3625 3381 3692 in
3467 3629 3827 3713 conspectu

2274 3760 2452 3827 ejus.

2367 3979 2397 4011 ιι
2451 3949 2633 4017 Ideo.
2686 3978 2715 4008 n
2760 3945 2883 4014 llic
2924 3945 3325 4014 secundum.
3389 3943 3601 4026 Quasi
3633 3944 3827 4012 ‹lice-

2277 4067 2375 4128 ret
2408 4080 2423 4124 :
2463 4058 2578 4125 Sic
2605 4065 2760 4124 sunt
2801 4053 3162 4135 mirabilia,
3225 4063 3292 4122 et
3357 4053 3660 4145 antiquis
3701 4052 3830 4120 Pa·

2275 4165 2489 4233 tribns
2556 4164 2752 4241 facta,
2795 4171 2859 4229 et
2916 4184 3150 4252 opera,
3220 4169 3291 4228 et
3345 4167 3709 4251 praecepta,
3762 4167 3827 4227 et

2276 4273 2434 4365 quia
2477 4269 2837 4347 mirabilia,
2875 4267 3318 4359 inquisitione
3379 4266 3718 4357 indigent,
3760 4274 3830 4333 et

2278 4405 2311 4446 ι
2357 4378 2506 4445 ideo
2549 4384 2854 4443 scrutata
2892 4373 3105 4465 estzea
3135 4374 3374 4442 anima
3403 4395 3582 4453 mea,
3627 4400 3662 4434 n
3690 4394 3828 4440 non

2275 4485 2647 4556 divinitatis
2710 4490 2992 4566 secreta,
3027 4483 3213 4574 quia,
3285 4479 3618 4550 Proverb.
3660 4503 3819 4557 xxv,

2276 4596 2359 4664 27
2397 4649 2413 4675 ,
2446 4593 2693 4660 dicitur
2734 4614 2749 4661 ε
2782 4594 3144 4660 scrutator
3173 4587 3568 4678 majestatis
3596 4589 3830 4680 oppri-

2276 4712 2498 4771 metm·
2525 4726 2569 4769 a
2604 4701 2860 4793 ylario.
2897 4697 3031 4767 Sed
3064 4697 3436 4788 Scripturas
3475 4695 3834 4764 eontinen-

2275 4818 2375 4879 tes
2431 4819 2497 4878 et
2566 4807 2899 4877 mirabilia
2957 4805 3276 4875 Patribus
3343 4803 3545 4880 iacta,
3589 4811 3658 4870 et
3712 4809 3829 4869 tua

2274 4926 2633 5010 pra-cepta,
2665 4916 2770 4983 11ae
2802 4911 3207 4983 scrutandae.
3243 4910 3327 4980 Et
3355 4918 3683 4980 creaturae
3722 4907 3833 4975 di-

2274 5027 2560 5117 ligenter
2598 5021 3054 5115 inspiciendae,
3096 5021 3256 5112 quia
3304 5042 3427 5112 per
3455 5040 3570 5086 eas
3610 5015 3697 5084 ad
3719 5038 3833 5084 co-

2274 5135 2649 5223 gnitionem
2717 5128 3089 5198 divinitatis
3147 5128 3444 5196 venitur.
3508 5124 3822 5215 Sapient.

2274 5266 2416 5324 xm,
2458 5246 2498 5312 5
2543 5244 2650 5311 :A
2693 5238 3171 5331 maqnitudiue
3219 5236 3468 5329 speciei
3521 5245 3587 5303 et
3643 5257 3830 5302 crea·

2276 5362 2446 5421 tura·
2493 5346 3039 5440 coquoscibiliter
3084 5345 3339 5438 poterit
3402 5353 3672 5412 creator
3696 5341 3828 5410 Ιιο-

2275 5483 2425 5527 rum
2483 5456 2723 5524 videri.
2771 5453 2872 5522 Ad
2931 5453 3222 5520 noman.
3284 5474 3332 5531 1,
3366 5452 3503 5519 20:
3568 5449 3828 5518 Invisi-

2277 5567 2447 5636 bilia
2506 5566 2745 5657 ἱρείης,
2831 5561 3086 5631 scilicet
3160 5558 3314 5639 Dei,
3382 5582 3427 5626 α
3490 5567 3823 5628 creatura

2274 5674 2541 5756 mundi,
2563 5696 2695 5766 per
2720 5694 2801 5740 ea
2827 5693 2979 5763 quae
3004 5670 3198 5759 sacta
3224 5665 3816 5750 sunt,inte11ecta,
