5008 6329
685 309 815 378 388
1670 310 1756 376 D.
1811 309 2012 378 ALB.
2066 309 2279 377 MAG.
2334 309 2538 377 ORD.
2592 309 2887 379 PRAED.

681 502 869 563 nem,
904 485 1076 551 sicut
1099 484 1243 572 jam
1276 481 1586 571 superius
1615 487 1873 548 tactum
1914 479 2066 548 fuit.
2102 479 2232 548 Isa.
2348 509 2380 541 «
2417 481 2576 571 quia
2623 489 3011 572 peccatores
3051 482 3384 550 redimere
3437 483 3650 550 venit.
3689 506 3722 545 »
3760 477 3898 546 Sed

678 612 863 674 xmv,
914 590 1047 657 23:
1094 588 1406 656 Redemit
1442 589 1786 655 Dominus
1840 589 2079 657 Jacob.
2124 587 2233 669 Et,
2342 589 2615 658 tandem
2676 590 2940 681 plenius
2980 590 3268 659 redimet
3308 592 3378 657 in
3427 590 3729 681 generali
3781 612 3898 656 re-

672 696 927 765 Jerem.
971 719 1155 772 xxxi,
1214 697 1288 761 11
1330 695 1694 764 :Redemit
1730 699 2075 764 Dominus
2105 700 2239 766 Ja-
2343 699 2781 766 surrectione.
2838 698 2946 765 Ad
3003 698 3298 767 Roman.
3340 720 3486 780 vm,
3540 698 3623 765 23
3680 721 3695 764 :
3751 697 3899 787 Ipsi

677 803 823 881 cob,
857 813 921 871 et
964 802 1280 871 liberavit
1317 827 1472 872 eum
1513 805 1595 872 de
1643 827 1860 872 manu
1902 807 2238 896 potentio-
2347 806 2528 873 intra
2558 829 2678 872 nos
2713 808 3082 895 qemimus‚
3108 807 3550 897 adoptionem
3577 803 3895 893 filiorum

669 913 789 978 riS.
836 910 941 988 Et,
996 909 1125 980 lsa.
1163 935 1344 993 xmv,
1379 915 1463 980 22
1500 937 1515 981 :
1555 915 1912 981 Revertere
1959 913 2056 980 ad
2100 935 2232 996 me,
2343 916 2473 981 Dei
2509 923 2990 1004 capet-tantm,
3026 914 3561 1006 redemptionem
3593 912 3896 1003 eorporis

672 1018 1004 1109 quoniam
1042 1021 1299 1088 redemi
1346 1031 1430 1089 te.
1486 1019 1856 1110 Gregorius
1912 1041 1927 1086 ε
1984 1045 2014 1082 a
2053 1019 2232 1086 Nul-
2340 1021 2579 1088 nostri.
2630 1019 2758 1086 lsa.
2809 1041 2995 1093 xmn,
3040 1021 3126 1088 25
3165 1023 3370 1111 :qu
3405 1043 3563 1088 sum
3600 1021 3747 1112 ipse
3774 1018 3898 1108 qui

677 1153 712 1189 «ι
755 1124 900 1194 lum
947 1137 1371 1219 peccatorem
1428 1135 1880 1197 revertentem
1920 1127 2227 1218 despicit,
2341 1128 2530 1197 deleo
2573 1129 2995 1218 iniquitates,
3031 1135 3160 1197 etc.

1879 1587 2343 1664 PSALMUS
2402 1575 2680 1661 CXXX.

1673 1926 2158 2001 Humilitatis
2190 1929 2470 2000 sincera
2485 1928 2880 2022 professio.

2374 2291 2439 2338 2.
2493 2266 2571 2340 Si
2639 2290 2781 2338 non
2834 2266 3211 2340 humiliter
3268 2269 3697 2348 sentiebam,
3755 2268 3880 2336 scd

2590 2375 2889 2446 exaltavi
2930 2375 3252 2446 animam
3294 2396 3534 2448 meam
3571 2396 3588 2446 ε

2499 2483 2703 2557 Sicut
2751 2484 3148 2556 ablactatus
3215 2503 3324 2557 est
3383 2506 3604 2577 super
3650 2503 3880 2556 matre

2589 2614 2745 2676 sua,
2781 2593 2877 2663 ita
2899 2591 3281 2663 retributio
3310 2592 3381 2663 in
3415 2591 3659 2663 anima
3687 2613 3873 2662 mea.

2371 2699 2436 2768 3.
2491 2696 2747 2789 Speret
2793 2698 3011 2769 Israel
3054 2697 3128 2768 in
3191 2699 3538 2783 Domino,
3590 2719 3676 2767 ex
3743 2699 3880 2767 hoc

2591 2825 2781 2873 nunc
2813 2824 2881 2876 et
2915 2826 3149 2898 usque
3181 2805 3254 2876 in
3299 2808 3679 2876 saeculum.

720 2286 778 2334 ι.
836 2262 1223 2337 Canticum
1253 2267 1613 2360 graduum
1646 2265 1907 2336 David.

846 2370 1184 2453 Domine,
1238 2395 1384 2443 non
1451 2390 1558 2442 est
1634 2373 2028 2443 exaltatum
2093 2395 2218 2444 cor

928 2500 1199 2561 meum,
1276 2502 1508 2572 neque
1572 2479 1739 2551 elati
1799 2497 1973 2549 sunt
2022 2480 2213 2552 oculi

925 2589 1097 2660 mei.

840 2700 1096 2792 Neque
1155 2700 1517 2770 ambulavi
1578 2700 1650 2769 in
1722 2699 2035 2793 magnis,
2090 2722 2215 2770 ne-

926 2827 1067 2898 que
1117 2804 1189 2876 in
1223 2806 1678 2878 mirabilibus
1719 2827 1943 2900 supet·
1979 2828 2120 2876 me.

2407 3181 2577 3250 Cum
2608 3182 2792 3250 enim
2822 3190 3050 3250 actum
3081 3181 3168 3249 sit
3198 3183 3270 3249 in
3300 3180 3582 3251 Psalmo
3612 3202 3877 3272 praece-
3901 3176 4224 3275 aem‘sssszffig

2318 3291 2499 3359 denti
2586 3289 2669 3360 de
2741 3288 3155 3358 confidentia
3217 3287 3690 3381 supplicantis,
3762 3285 3875 3357 hio
3902 3281 4224 3382 m

2320 3401 2544 3491 agitur
2572 3396 2654 3466 de
2683 3396 3067 3468 humilitate
3098 3397 3530 3479 confidentis,
3574 3419 3660 3467 ne
3696 3396 3872 3466 forte
3901 3390 4224 3437 “hm

2318 3504 2635 3598 superbia
2707 3504 3018 3575 credatur
3094 3504 3212 3575 illa
3299 3505 3739 3587 confidentia,
3807 3511 3876 3574 et

2319 3616 2783 3709 presumptio,
2807 3614 2925 3683 ubi
2955 3614 3278 3685 dicuntur
3303 3614 3469 3687 duo.
3499 3614 3871 3684 Praemisso

2318 3721 2516 3790 titulo
2557 3722 2937 3802 communi,
2967 3729 3127 3814 post
3153 3722 3476 3813 exprimit
3516 3743 3714 3792 suam
3743 3718 3871 3790 hu·

2320 3829 2701 3915 militatem,
2752 3829 3044 3923 loquens
3101 3831 3170 3899 in
3211 3852 3508 3922 persona
3555 3831 3869 3899 omnium

2318 3937 2795 4030 perfectorum.
2869 3936 3216 4018 Secundo,
3292 3959 3377 4008 ex
3448 3937 3584 4009 hoc
3669 3937 3874 4008 infert

2320 4045 2791 4115 invitationem
2819 4045 2906 4114 ad
2950 4045 3466 4132 confidentiam,
3496 4045 3620 4129 ibi,
3651 4051 3718 4124 ἁ.
3773 4046 3815 4115 3
3850 4066 3872 4115 t

2333 4178 2364 4216 ι
2400 4152 2637 4244 Speret
2682 4152 2926 4221 lsrael.
2965 4175 3000 4217 ι

2408 4258 2484 4328 ln
2524 4261 2745 4352 prima
2801 4260 2963 4329 duo.
3026 4259 3289 4340 Primo,
3351 4269 3663 4332 removet
3714 4283 3755 4331 a
3802 4283 3874 4331 se

2319 4388 2593 4436 omnem
2625 4366 3018 4447 elationem,
3051 4377 3119 4437 et
3154 4366 3572 4460 superbiam.
3609 4368 3877 4438 Secun-

2320 4475 2434 4557 do,
2467 4477 2766 4548 ostendit
2788 4500 2989 4548 suam
3017 4475 3505 4564 humilitatem,
3549 4476 3670 4559 ibi,
3690 4484 3757 4555 Ἰ.
3784 4478 3869 4546 2:

2324 4611 2358 4653 ι
2407 4587 2490 4656 Si
2542 4609 2680 4656 non
2734 4586 3117 4657 humiliter.
3156 4612 3191 4654 ι

984 3309 1080 3377 IN
1126 3309 1430 3379 PSALM
1441 3310 1566 3381 tm
1615 3310 1875 3382 CXXX

1162 3542 1691 3590 cummanum.

837 3861 873 3899 α
919 3834 1276 3905 Canticum
1313 3834 1666 3927 qroduum
1698 3833 1957 3904 David.
1994 3860 2029 3902 ι

749 4187 787 4232 c
856 4162 1149 4231 Domine
1227 4183 1362 4229 non
1441 4170 1539 4229 est
1615 4160 2011 4229 exaltatum
2100 4184 2215 4230 cor

655 4292 886 4339 meum
916 4277 964 4336 ¹.
1010 4294 1046 4336 ι
1104 4267 1234 4338 llic
1290 4275 1395 4337 est
1425 4266 1739 4337 Psalmus
1797 4269 2213 4337 centesimus

653 4373 1045 4466 trigesimus
1074 4372 1145 4440 in
1173 4380 1319 4441 toto
1357 4371 1559 4451 libro.
1591 4381 1660 4441 et
1687 4372 1786 4441 sic
1815 4373 2211 4465 trigesimus

658 4482 728 4550 in
764 4481 964 4550 tertia
1007 4488 1195 4572 parte
1236 4478 1416 4557 libri,
1459 4481 1530 4547 in
1577 4477 1871 4547 Psalmis
1913 4478 2215 4572 gradua-

654 4586 835 4657 libus
874 4585 1346 4669 duodecimus,
1387 4584 1722 4655 secundus
1769 4586 1839 4654 in
1895 4584 2032 4654 illis
2094 4588 2212 4679 qui

654 4695 1002 4787 pertinent
1027 4691 1113 4763 ad
1150 4691 1818 4762 consummationem
1870 4692 1944 4760 in
1994 4690 2207 4761 bono.

727 4943 747 4981 ¹
778 4965 809 4997 α
841 4942 909 5001 ln
947 4941 1063 5001 isto
1101 4942 1331 5018 psalmo
1359 4940 1819 5002 commendatur
1864 4925 2043 5002 nobis
2086 4944 2209 5003 hn-

654 5057 685 5087 «
726 5033 955 5091 militas
981 5032 1133 5089 servi
1164 5032 1269 5091 Dei
1322 5037 1384 5090 et
1426 5032 1643 5091 tidelis.
1671 5053 1703 5086 ιι
1754 5032 1815 5092 S.
1862 5034 2017 5110 Aug.
2050 5033 2210 5094 1,·ὴό-

652 5124 802 5183 bren
853 5121 1153 5181 l'attribne
1209 5121 1245 5179 a
1303 5122 1503 5180 David.
1540 5122 1617 5180 Ce
1663 5122 1850 5180 serait
1896 5122 2060 5183 alors
2089 5141 2209 5183 une

654 5215 911 5284 repense
966 5209 1002 5267 a
1064 5225 1214 5266 ceux
1276 5210 1381 5284 qni
1454 5210 1796 5268 accusaient
1860 5209 2206 5269 d‘ambition

653 5301 796 5359 l’elu
824 5298 906 5357 du
935 5300 1243 5375 Seigneur‚
1268 5306 1331 5359 et
1377 5299 1568 5359 l'echo
1614 5299 1687 5358 de
1718 5300 1779 5358 la
1816 5300 2022 5374 parole
2061 5300 2209 5374 qu'il

654 5391 950 5451 adressait
987 5390 1024 5449 a
1048 5389 1263 5451 nichol
1290 5407 1307 5449 t
1336 5392 1447 5451 Ere
1492 5390 1715 5449 humitis
1746 5392 1806 5447 ia
1851 5393 2025 5451 ocutis
2052 5394 2207 5458 meis.

651 5482 705 5543 11
736 5483 903 5557 neg..
934 5495 1022 5562 θη,
1066 5484 1157 5539 22.
1198 5480 1513 5550 notiusch,
1552 5479 1822 5542 Johnson
1854 5489 1917 5540 et
1945 5482 2207 5541 d'atttres

652 5578 897 5632 auteurs
938 5571 1064 5630 s'en
1092 5571 1368 5631 tiennent
1407 5571 1444 5630 a
1487 5571 1862 5631 l'indication
1915 5573 1997 5631 dn
2042 5573 2205 5641 titre,

653 5660 807 5720 omia
835 5659 916 5718 dn
940 5664 1098 5718 reste
1124 5657 1275 5718 dans
1325 5662 1412 5719 les
1452 5660 1751 5736 Septante.
1786 5664 1945 5720 Nous
1973 5677 2200 5720 remar-

2407 4693 2486 4762 Iu
2529 4693 2752 4785 prima
2809 4693 2972 4765 duo.
3023 4693 3287 4776 Primo,
3337 4704 3649 4767 removet
3693 4719 3737 4766 a
3798 4717 3872 4766 se

2318 4958 2580 5018 querens
2615 4944 2921 5016 pourtant,
2959 4938 2996 4997 a
3052 4937 3112 4997 la
3157 4938 3313 4998 snite
3372 4939 3448 5000 de
3496 4941 3566 5001 D.
3615 4939 3869 5014 calmet,

2317 5050 2433 5108 qne
2461 5033 2517 5092 le
2546 5032 2790 5091 dernier
2815 5035 3012 5088 verset
3038 5035 3132 5089 est
3181 5045 3323 5089 sans
3350 5038 3600 5108 rapport
3636 5048 3779 5093 avec
3800 5048 3870 5093 ce

2315 5122 2418 5197 qni
2448 5120 2723 5195 precede,
2754 5124 2815 5177 et
2862 5135 3019 5177 nous
3069 5134 3146 5176 en
3193 5120 3595 5180 concluerons
3643 5137 3761 5197 qne
3799 5138 3869 5181 ce

2315 5215 2493 5274 chant
2521 5213 2674 5271 n'est
2714 5210 3170 5287 probablement
3215 5212 3401 5287 qn'un
3447 5213 3766 5289 fragment,
3788 5231 3867 5275 ou

2313 5304 2450 5363 bien
2471 5320 2598 5388 ‚nne
2629 5307 2835 5360 courte
2873 5300 3093 5375 prstre,
3126 5301 3308 5375 qu'on
3346 5320 3383 5362 a
3411 5303 3588 5361 voulu
3618 5303 3870 5380 adaptet·

2315 5394 2449 5469 plus
2473 5392 2605 5451 tard
2632 5390 2669 5449 a
2694 5390 2918 5466 l'usage
2944 5390 3272 5467 liturgiqne
3303 5408 3413 5467 par
3442 5391 3759 5455 l'addition
3784 5394 3867 5455 dn

3225 5646 3296 5705 n.
3331 5644 3578 5709 [Μὴ-ιι
