5008 6329
662 357 788 426 412

661 531 786 611 ori,
822 532 1116 600 melodia
1165 536 1337 615 auri,
1399 545 1466 604 et
1531 535 1753 625 jubilo
1795 537 2062 605 cordi?
2126 536 2211 605 Et

662 639 1044 708 Bernardus
1075 642 1260 723 dicit,
1297 646 1481 736 quod
1550 672 1582 711 α
1624 646 1825 714 Jesus
1851 655 1951 715 est
1994 647 2211 715 melos

667 775 698 808 «
733 749 800 813 in
832 754 1019 830 aure,
1065 752 1196 818 mel
1240 753 1306 819 in
1341 777 1485 830 ore,
1511 753 1775 842 jubilus
1806 755 1875 820 in
1907 755 2134 821 corde.
2175 782 2207 816 »

663 852 839 931 Quid
872 860 1147 926 suavius
1189 861 1338 928 oleo
1363 864 1397 928 ἱ)
1437 861 1542 937 Et,
1578 861 1837 927 Cantic.
1895 884 1940 936 1,
2002 863 2069 937 2,
2104 861 2212 927 di-

661 963 873 1033 citur:
912 967 1156 1037 Oleum
1198 973 1492 1060 effusum
1532 990 1777 1034 nomen
1809 968 2212 1036 tuum.Alia

616 1069 883 1144 ’littera
913 1074 1139 1158 habet,
1204 1100 1236 1139 α
1278 1076 1548 1142 suavis:
1593 1099 1626 1140 ιο
1698 1084 1766 1142 et
1830 1075 2206 1143 secundum

663 1182 792 1252 hoc
830 1184 991 1250 satis
1047 1181 1299 1249 dictum
1340 1182 1465 1250 fuit
1502 1205 1732 1273 supra,
1786 1182 1967 1251 Psal.
2023 1207 2206 1266 xcix,

665 1293 703 1359 4
758 1301 823 1358 et
867 1293 932 1373 5,
978 1290 1109 1357 ibi:
1179 1291 1492 1360 Laudate
1546 1315 1791 1360 nomen
1831 1292 2009 1381 ejus,
2045 1316 2210 1383 quo-

663 1401 852 1467 niam
881 1402 1115 1468 suavis
1134 1412 1230 1468 est
1259 1403 1600 1468 Dominus
1623 1397 1666 1467 ¹.

757 1738 791 1777 ι
829 1712 1166 1796 Quoniam
1202 1711 1415 1781 Jacob
1452 1713 1682 1804 eleqit.
1729 1738 1762 1779 ιο
1798 1713 1925 1782 llic
1964 1737 2215 1782 secun-

666 1817 754 1886 da
792 1820 988 1898 ratio,
1026 1818 1431 1887 luctatorum
1466 1820 1705 1888 electio
1738 1843 1752 1889 :
1815 1831 1882 1890 et
1911 1829 2213 1912 tangun-

663 1934 774 1993 tur
811 1926 966 1994 duo.
1004 1926 1262 2005 Primo,
1335 1927 1518 2018 quod
1548 1927 1716 1995 tales
1745 1926 2052 2020 elegerit.
2094 1927 2213 1997 Se·

661 2034 911 2113 cundo,
954 2034 1037 2101 ad
1070 2034 1231 2125 quid
1272 2035 1455 2125 ipsos
1486 2035 1792 2125 elegerit,
1848 2036 1966 2114 ibi,
2045 2064 2076 2099 α
2110 2036 2212 2104 Is-

658 2140 831 2208 rael.
870 2165 902 2205 ιο

748 2251 862 2316 Ait
892 2272 1097 2337 ergo:
1170 2248 1285 2316 Sic
1341 2248 1518 2326 dico,
1590 2248 1776 2340 quod
1849 2250 2209 2318 benedicas

660 2379 861 2445 opere
916 2378 1165 2423 nomen
1241 2357 1412 2446 ejuS,
1474 2355 1801 2445 quoniam
1847 2377 2106 2423 suave:
2142 2362 2210 2423 et

657 2466 887 2544 etiam,
922 2492 955 2527 α
1000 2466 1328 2556 quoniam
1398 2465 1742 2531 Dominus
1808 2464 2017 2553 eleqit
2073 2464 2210 2532 sibi

650 2572 891 2649 Jacob,
933 2600 963 2634 ιο
1007 2572 1091 2639 ad
1122 2571 1417 2639 litteram
1455 2570 1647 2638 illum
1704 2570 2043 2662 populum
2078 2571 2211 2640 Ju-

657 2678 947 2760 daicum,
982 2689 1055 2748 ut
1086 2681 1333 2770 ipsum,
1374 2680 1567 2769 quasi
1604 2703 1724 2770 per
1751 2680 2054 2770 seipsum
2096 2702 2210 2747 ex-

655 2786 928 2869 coleret,
962 2795 1027 2855 et
1052 2787 1207 2854 data
1238 2786 1512 2877 speciali
1549 2786 1697 2878 lege
1731 2795 2019 2877 regeret.
2055 2786 2209 2855 Ma-

655 2891 829 2960 lach.
874 2914 922 2972 1,
978 2894 1057 2959 2:
1130 2893 1373 2959 Dileaei
1422 2891 1663 2976 Jacob,
1724 2893 1921 2962 Esau
1973 2904 2205 2962 autem

654 2998 811 3067 odio
845 2998 1129 3068 habui&

743 3106 937 3177 Unde
967 3115 1033 3177 et
1080 3104 1311 3175 subdit
1355 3128 1372 3175 ε

745 3240 782 3282 ι
816 3215 1059 3293 Israel,
1100 3242 1133 3280 ιο
1166 3215 1283 3307 qui
1344 3215 1523 3283 idem
1583 3223 1683 3283 est
1742 3214 1928 3308 quod
1962 3215 2202 3298 Jacob,

658 3324 885 3416 elegit,
941 3350 975 3389 ι
1011 3325 1079 3390 in
1110 3322 1607 3405 hereditatem,
1645 3350 1678 3388 ιο
1740 3346 1892 3416 quae
1946 3322 2209 3393 excoli-

660 3439 794 3514 tur,
817 3439 883 3498 et
906 3431 1184 3522 regitur,
1222 3456 1256 3495 ι
1287 3429 1444 3498 sibi.
1484 3454 1518 3495 ι
1554 3429 1828 3499 Denter.
1861 3454 2047 3511 xxvi,
2087 3433 2200 3500 18:

658 3540 755 3608 Ee
809 3538 1147 3606 Dominus
1177 3537 1383 3627 eleqi!
1416 3548 1479 3604 te
1504 3537 1731 3615 leodic,
1770 3547 1847 3605 ut
1866 3540 1963 3606 sis
1989 3539 2053 3606 ei
2080 3561 2208 3631 po·

651 3645 870 3740 pulus
892 3643 1293 3738 peculiaris.
1331 3643 1460 3711 lsa.
1525 3667 1660 3719 xm.
1704 3646 1785 3713 8:
1855 3646 1953 3713 Ει
1977 3654 2082 3728 tu,
2112 3645 2210 3714 Is-

661 3751 832 3831 rael,
891 3774 1076 3820 serve
1127 3772 1317 3818 meus
1338 3773 1361 3818 .·
1434 3749 1674 3831 Jacob,
1733 3773 1937 3844 quem
1975 3750 2155 3842 cleqi
2182 3773 2208 3819 .·

662 3857 868 3926 lsrael
908 3860 1118 3940 enim,
1186 3860 1302 3950 qui
1370 3856 1592 3926 Deum
1634 3880 1795 3927 vera
1835 3858 1967 3927 lide
1995 3857 2204 3940 videt,

662 3974 730 4035 et
755 3966 967 4036 Jacob
996 3965 1199 4035 simul
1264 3988 1387 4058 per
1441 3967 1913 4058 operationem
1953 3965 2203 4036 bonam

664 4071 1000 4141 Dominus
1035 4072 1261 4164 elegit.
1327 4073 1565 4143 Jacob.
1612 4098 1684 4154 n,
1726 4075 1815 4143 26
1841 4097 1858 4143 ε
1889 4074 2095 4144 Fides
2118 4073 2212 4143 si—

661 4203 748 4249 ne
781 4180 1097 4273 operibus
1153 4191 1428 4249 mortuo
1499 4190 1620 4251 est.
1682 4181 1768 4251 Et
1824 4203 2084 4264 rursus,
2121 4179 2207 4249 ad

662 4286 870 4356 llebr.
903 4310 1000 4368 xi,
1059 4290 1145 4358 ὃς
1204 4290 1371 4357 Sine
1432 4289 1577 4379 fide
1631 4287 2062 4382 impossibile
2113 4296 2211 4357 est

652 4393 928 4488 placere
953 4397 1120 4463 Deo.
1185 4393 1322 4464 Sed
1360 4395 1606 4466 divites
1636 4396 1706 4465 in
1787 4395 1919 4464 fide
1974 4395 2202 4490 elegit.

656 4501 891 4571 Jacob.
937 4524 1010 4585 u,
1040 4504 1081 4571 5
1109 4524 1125 4571 :
1167 4505 1408 4572 Nonne
1441 4506 1622 4573 Deus
1639 4504 1848 4596 eleqit
1862 4527 2210 4598 pauperes

660 4609 901 4678 divites
931 4610 1001 4677 in
1052 4608 1221 4699 fide,
1271 4610 1569 4679 heredes
1615 4611 1816 4702 requi
1847 4609 1890 4679 ?
1941 4610 2029 4680 Et
2079 4609 2208 4680 hos

661 4726 1288 4811 quantumcumque
1317 4740 1680 4811 pauperes,
1715 4717 1874 4786 iacit
1915 4717 2209 4788 fortissi-

660 4845 812 4892 mos
839 4823 1203 4893 luctatores
1231 4833 1470 4893 contra
1506 4845 1807 4902 carnem,
1842 4823 2204 4904 mundum,

659 4939 727 5001 et
753 4930 1126 5000 diabolum.
1172 4930 1317 5000 lad
1355 4930 1667 5001 Corinth.
1711 4954 1759 5013 ι,
1802 4931 1934 5000 27:
1993 4933 2210 5023 Infir-

661 5063 776 5108 ma
805 5040 1050 5109 mundi
1074 5040 1282 5132 eloqu
1316 5043 1529 5121 Deus,
1548 5050 1627 5110 ut
1653 5040 2042 5132 confundat
2063 5043 2212 5133 sor-

664 5147 785 5216 tia.
821 5146 950 5218 lsa.
984 5170 1094 5236 n,
1135 5148 1213 5216 3¹
1247 5169 1263 5214 :
1304 5149 1444 5234 Qui
1466 5159 1747 5240 sperant
1777 5149 1848 5217 in
1878 5150 2205 5231 Domino,

667 5254 1032 5324 mutabunt
1052 5255 1569 5347 fortitudinem.

680 5650 685 5656 ·
735 5626 755 5665 ⁸
775 5621 862 5681 ct.
892 5619 1072 5680 etiam
1103 5617 1536 5694 expositionem
1558 5621 1623 5681 in
1646 5623 1703 5696 ἃ.
1733 5625 1767 5680 9
1810 5622 1970 5683 Psal.
1998 5639 2205 5696 xxxm,

665 5721 807 5775 tom.
837 5715 940 5774 XV
978 5714 1229 5790 hujusce
1255 5707 1558 5770 editionis.
2161 5719 2208 5735 ··

1658 363 1741 433 D.
1792 363 1992 431 ALB.
2046 364 2262 432 MAG.
2319 364 2525 432 ORD.
2578 362 2876 431 PRAED.

2408 566 2442 601 «
2490 537 2673 623 Quia
2712 558 2834 626 eqo
2858 537 3168 626 coqnovi.
3209 561 3240 600 ιο
3298 534 3426 601 Hic
3490 532 3859 600 secundum

2317 646 2526 713 totius
2552 644 2731 712 illius
2760 644 3001 735 partiS,
3045 644 3115 709 in
3156 664 3290 733 qua
3358 641 3598 708 invitat
3627 638 3861 706 verbo.

2317 754 2488 822 Cum
2547 754 2731 820 enim
2811 753 3207 822 invitaverit
3279 750 3365 818 ad
3450 746 3864 815 laudandum

2314 861 2563 941 Deum,
2596 860 2952 950 assignans
2984 860 3130 948 ejus
3170 858 3571 933 bonitatem,
3606 854 3715 920 hic
3754 875 3869 919 os-

2316 965 2531 1032 tendit
2561 964 2740 1031 unde
2773 967 3204 1032 occasionem
3245 972 3471 1032 sumat
3521 964 3706 1053 ipsos
3764 959 3866 1024 in-

2314 1073 2601 1152 vitandi,
2638 1075 2800 1164 quia
2867 1071 3123 1140 scilicet
3183 1071 3525 1163 magnalia
3566 1070 3689 1137 Dei
3731 1090 3868 1135 non

2315 1183 2608 1273 ignorat.
2644 1180 2797 1248 Duo
2839 1202 3003 1271 ergo
3061 1178 3405 1247 dicuntur.
3468 1178 3722 1253 Primo,
3757 1197 3871 1241 as-

2313 1289 2474 1356 serit
2503 1311 2575 1356 se
2607 1288 2880 1356 novisse
2934 1287 3241 1355 divinam
3301 1284 3864 1376 magnitudinem.

2318 1394 2661 1474 Secunde,
2695 1393 3040 1484 explanat,
3086 1402 3151 1461 et
3211 1393 3454 1484 probat
3492 1390 3706 1470 illam,
3748 1387 3865 1472 ibi,

2315 1509 2378 1578 ᾗ.
2414 1506 2453 1569 ti
2488 1524 2503 1567 :
2553 1529 2586 1564 α
2635 1502 2886 1570 Omnia
2927 1523 3395 1592 quaecumque.
3436 1528 3468 1561 »

2410 1606 2486 1674 In
2518 1606 2740 1697 prima
2781 1605 2942 1674 duo.
2992 1606 3255 1688 Primo,
3309 1604 3492 1695 quod
3547 1601 3874 1693 cognovit

2316 1713 2540 1804 ipsum
2572 1735 2903 1803 magnum
2934 1710 3268 1780 absolute.
3308 1710 3651 1790 Secundo,
3688 1709 3870 1800 quod

2318 1821 2827 1911 comparatione
2894 1819 2981 1887 ad
3048 1819 3213 1889 deos
3281 1818 3478 1897 alios,
3519 1817 3640 1900 ibi,
3713 1844 3744 1879 α
3779 1818 3874 1885 Ει

2316 1930 2501 1996 Deus
2530 1936 2780 1994 noster.
2820 1952 2854 1993 ι

2403 2033 2583 2102 Dicit
2613 2056 2821 2125 ergo:
2862 2032 2977 2101 Sic
3017 2034 3234 2102 invito
3271 2056 3396 2100 vos
3445 2032 3528 2100 ad
3584 2030 3872 2099 laudan-

2315 2141 2478 2209 dum
2519 2165 2663 2225 ore,
2698 2149 2765 2209 et
2795 2163 3045 2232 opere:
3094 2164 3219 2210 nec
3258 2163 3536 2232 possum
3572 2142 3873 2209 contine·

2315 2273 2414 2329 re,
2450 2277 2484 2315 α
2528 2251 2695 2342 quia
2724 2272 2872 2340 eqo,
2911 2277 2944 2315 ιο
2981 2259 3211 2340 raptus
3250 2250 3333 2318 ad
3356 2250 3661 2317 divinum
3702 2273 3872 2318 con-

2316 2357 2856 2448 templationem,
2920 2383 2954 2422 c
3001 2359 3289 2448 coqnovi
3348 2385 3378 2421 ιο
3472 2358 3868 2435 certissime,

2315 2490 2353 2529 α
2384 2464 2576 2556 quod
2600 2487 2896 2555 maqnus
2923 2473 3022 2531 est
3068 2465 3433 2534 Dominus.
3478 2488 3511 2529 ιο
3548 2463 3753 2546 lnl'ra,
3802 2463 3872 2530 in

2318 2571 2497 2640 Psal.
2516 2594 2723 2653 xnvn,
2740 2572 2778 2637 2
2801 2594 2815 2638 :
2839 2573 3144 2662 Maqnus
3160 2573 3527 2650 Dominus,
3543 2581 3605 2638 e!
3629 2570 3874 2637 lauda-

2317 2679 2722 2749 bilisnimis.
2760 2680 2966 2748 Eccli.
2988 2702 3171 2756 xun,
3197 2681 3273 2748 31
3305 2702 3321 2746 :
3361 2679 3710 2749 Terribilis
3738 2682 3876 2748 Do-

2313 2789 2543 2856 minus
2571 2799 2635 2855 ee
2654 2811 2952 2879 maynus
2975 2786 3418 2857 vehementer.
3444 2786 3630 2857 Psal.
3649 2810 3869 2867 exui,

2314 2896 2381 2974 5,
2415 2894 2592 2963 infra
2641 2916 2657 2961 :
2726 2896 3034 2985 Maqnus
3099 2895 3444 2964 Dominus
3507 2904 3757 2976 noster,
3808 2901 3874 2961 et

2314 3023 2571 3091 maqna
2622 3001 2844 3070 virtus
2896 2999 3082 3091 ejus,
3164 3010 3229 3069 et
3286 3002 3643 3095 sapientiae
3687 3000 3868 3091 ejus,
3973 3085 3977 3090 .

2316 3117 2444 3180 etc.

2416 3247 2447 3282 α
2476 3221 2569 3288 Ει
2608 3220 2794 3287 Dens
2830 3226 3059 3286 noster
3087 3241 3236 3310 prae
3281 3217 3598 3286 omnibus
3635 3219 3796 3304 diis,
3831 3244 3865 3285 ι

2315 3335 2417 3394 est
2448 3348 2762 3418 magnus.
2801 3324 3049 3416 Supra,
3103 3328 3172 3394 in
3232 3325 3415 3395 Psal.
3470 3349 3720 3408 mxxv,
3770 3329 3864 3396 8:

2313 3433 2468 3504 Non
2506 3432 2898 3501 estsimilis
2926 3433 3036 3502 tui
3073 3434 3145 3501 in
3201 3433 3363 3516 diis,
3428 3436 3749 3515 Domine,
3803 3443 3868 3501 et

2314 3566 2449 3613 non
2479 3552 2578 3612 est
2596 3542 2972 3612 secundum
3002 3565 3210 3636 opera
3238 3553 3388 3612 tua.
3433 3543 3492 3611 11
3536 3543 3704 3636 Reg.
3739 3567 3862 3628 vu,

2316 3653 2444 3720 22:
2513 3651 3012 3742 Maqnificaeus
3074 3674 3166 3730 es,
3234 3652 3580 3721 Dominus
3645 3655 3856 3731 Deus,

2316 3761 2485 3854 quia
2523 3783 2661 3828 non
2689 3769 2787 3830 ese
2810 3757 3069 3828 similis
3106 3759 3235 3828 lui.

2406 4097 2440 4136 ι
2477 4071 2730 4140 Omnia
2785 4091 3251 4161 quecumque.
3326 4098 3359 4132 οι
3429 4070 3558 4140 llic
3622 4071 3864 4162 probat

2319 4178 2861 4272 magnitudinem
2894 4200 2911 4248 ε
2946 4189 3018 4250 et
3056 4180 3377 4250 dicuntur
3412 4181 3573 4252 duo.
3628 4181 3862 4253 Primo

2317 4284 2593 4377 quidem
2623 4284 2921 4355 ostendit
2985 4284 3528 4378 magnitudinem
3577 4287 3727 4375 ejus
3797 4289 3866 4357 in

2316 4391 2642 4485 generali.
2697 4390 3042 4471 Secundo,
3095 4392 3168 4462 in
3223 4391 3526 4484 speciali,
3582 4400 3868 4487 tangens

2317 4498 2630 4593 quaedam
2687 4496 3008 4590 specialia
3036 4498 3186 4589 ejus
3243 4497 3443 4578 faeta,
3505 4498 3625 4580 ibi,
3672 4506 3737 4577 5.
3779 4501 3863 4571 7:

2320 4637 2355 4674 α
2396 4606 2717 4677 Educens
2744 4606 2981 4677 nubes.
3012 4634 3046 4669 ιο

2408 4714 2485 4784 ln
2513 4714 2738 4805 prima
2775 4712 2938 4783 duo.
2984 4713 3221 4784 Primo
3261 4714 3444 4783 enim
3475 4718 3693 4808 tangit
3720 4718 3872 4788 uni-

2318 4820 2778 4891 versalitatem
2808 4842 3120 4912 operum.
3168 4818 3512 4905 Secundo,
3561 4824 3868 4894 locorum

2320 4931 2390 4999 in
2427 4929 2679 5023 quibus
2705 4938 3056 5021 operatur,
3099 4927 3220 5006 ibi,
3281 4955 3318 4997 a
3348 4931 3432 5000 In
3477 4931 3669 5011 coelo,
3704 4943 3769 5003 et
3797 4935 3870 5003 in

2320 5046 2526 5106 terra.
2575 5062 2609 5103 ι

2408 5145 2589 5214 Dicit
2626 5165 2832 5237 ergo:
2874 5141 3054 5213 Vere
3110 5142 3278 5232 dixi,
3353 5145 3515 5239 quia
3579 5168 3871 5239 magnus

2320 5252 2686 5331 Dominus,
2729 5251 2891 5344 quia
2930 5273 2964 5316 ι
2999 5251 3237 5321 omnia
3273 5274 3719 5346 quaecumque
3749 5278 3872 5324 vo-

2324 5360 2459 5429 luit
2512 5360 2855 5432 Dominus
2912 5359 3108 5449 fecit.
3147 5384 3181 5425 ο
3249 5359 3414 5450 Joh,
3482 5382 3678 5444 xxm,
3741 5363 3865 5436 13:

2391 5629 2415 5667 ¹
2438 5628 2528 5689 ct.
2560 5627 2639 5688 ad
2665 5629 2918 5688 Roman.
2949 5642 3034 5697 ιι,
3070 5626 3159 5687 13.
