5008 6329
2042 343 2748 414 COMMENTARlUS
2799 343 2892 410 IN
2941 342 3367 411 PSALMUM
3420 341 3700 409 CXXII.

4330 340 4455 408 357

1319 516 1499 582 Dicit
1528 537 1694 605 ergo
1730 537 1744 580 :
1786 514 1900 583 Sic
1934 516 2018 583 ad
2064 524 2155 595 te,
2204 516 2519 587 Domine.
2555 514 2787 581 oculos
2895 538 2926 577 (ι
2964 512 3131 592 lore,
3195 511 3406 576 nutrit
3455 533 3609 576 cum
3665 510 3989 600 angustia
4049 516 4115 574 et
4192 507 4451 586 labore,

1226 621 1475 699 levavi,
1539 620 1771 689 dicens
1816 644 1830 688 ε
1909 650 1938 685 α
1984 625 2305 690 Miserere
2368 622 2604 696 nostri,
2638 622 2788 686 Do-
2896 647 2927 681 «
2964 616 3253 684 custodit
3284 641 3437 684 cum
3472 617 3929 685 sollicitudine
3955 618 4310 684 ettimore.
4349 613 4456 681 ln-

1225 731 1433 809 mine,
1479 759 1510 792 »
1586 731 1901 799 miserias
1973 736 2277 820 corporis
2336 726 2781 795 amovendo:

1228 864 1261 903 α
1306 841 1624 908 miserere
1662 840 1905 918 nostri,
1945 866 1980 902 >2
2025 838 2333 906 miserias
2381 839 2629 902 animae
2670 859 2787 903 an-

1222 945 1578 1016 nullando.
1630 946 1839 1016 Eccli.
1891 966 2125 1029 xxxvx,
2167 946 2247 1012 1:
2290 944 2607 1010 Miserere
2658 965 2778 1010 no-

1216 1056 1372 1133 stri,
1399 1058 1589 1124 Deus
1618 1057 1955 1133 omnium,
1983 1063 2047 1119 et
2076 1052 2328 1143 respice
2358 1052 2429 1117 in
2464 1074 2612 1118 nos.
2651 1050 2779 1119 lsa.

1217 1185 1461 1240 xxxm,
1507 1165 1588 1229 2:
1646 1163 1967 1240 Domine,
2029 1160 2342 1226 miserere
2391 1160 2607 1225 nostri
2650 1182 2673 1224 .·
2725 1167 2787 1224 te

1216 1272 1401 1338 enim
1431 1272 2001 1361 exspectavimus.
2039 1268 2170 1337 Isa.
2208 1291 2373 1347 xxx,
2413 1270 2491 1336 19
2529 1289 2543 1333 ε
2576 1267 2783 1334 Mise-

1216 1400 1382 1445 rans
1422 1376 1860 1446 miserebitur
1888 1379 2038 1446 tui:
2070 1377 2166 1445 ad
2210 1398 2429 1442 vocem
2460 1375 2783 1442 clamoris

1217 1485 1327 1550 tui
1362 1485 1605 1551 statim
1639 1492 1715 1550 ut
1754 1484 2082 1561 audierit,
2125 1480 2554 1571 respondebit
2592 1478 2741 1546 tibi.

1310 1723 1340 1756 «
1388 1695 1572 1779 Quia
1605 1694 1934 1784 multum.
1984 1716 2017 1756 n
2057 1689 2185 1757 Hie
2215 1691 2516 1781 tangitur
2542 1698 2784 1780 peten-

1217 1801 1282 1869 di
1319 1804 1711 1872 necessitas.
1772 1801 1860 1868 Et
1915 1801 2163 1891 prime,
2200 1821 2285 1867 ex
2337 1808 2526 1889 parte
2572 1799 2782 1865 mise-

1219 1910 1503 1978 riarum.
1543 1908 1892 1986 Secunde,
1919 1930 2000 1975 ex
2032 1913 2222 1997 parte
2264 1907 2570 1974 miserias
2610 1905 2782 1972 inssi-

1215 2019 1556 2110 gentium,
1626 2017 1748 2098 ibi,
1803 2017 1871 2083 in
1933 2015 2157 2084 medio
2188 2022 2252 2093 ᾗ.
2287 2015 2374 2081 4:
2437 2041 2469 2078 α
2508 2014 2781 2105 Oppro-

1218 2124 1450 2193 brium
1483 2121 2031 2193 abundantibus.
2071 2150 2104 2186 »

1309 2231 1388 2300 ln
1446 2231 1671 2323 prima
1700 2230 1865 2300 due.
1910 2229 2169 2310 Primo,
2214 2229 2519 2297 miserias
2564 2229 2782 2320 tangit

1214 2339 1651 2431 generaliter.
1701 2338 2044 2417 Secunde,
2091 2338 2337 2405 animae
2374 2335 2775 2428 specialiter,

1216 2449 1339 2529 ibi,
1382 2457 1445 2527 ὴ.
1520 2450 1611 2516 4:
1689 2476 1725 2513 ιι
1773 2449 1956 2532 Quia
2022 2447 2325 2516 multum
2371 2444 2629 2538 repleta
2684 2455 2781 2513 est

1217 2558 1483 2625 anima.
1524 2581 1557 2622 s

1305 2666 1489 2734 Dicit
1519 2687 1684 2757 ergo
1721 2686 1737 2732 :
1789 2663 1903 2732 Sic
1943 2662 2123 2744 dice,
2181 2661 2498 2729 Miserere
2538 2660 2776 2745 nostri,

1214 2783 1282 2844 et
1312 2796 1594 2843 necesse
1651 2772 1878 2841 liabeo
1908 2772 2231 2852 clamare,
2278 2798 2311 2832 «
2344 2769 2544 2860 quia'
2585 2768 2781 2836 mul-

1215 2894 1368 2953 tum
1408 2884 1659 2975 repleti
1702 2905 1945 2952 sumus
1999 2882 2442 2974 despectione,
2483 2908 2514 2942 »ι
2559 2879 2779 2947 causis

1215 2991 1478 3061 scilicet
1524 2990 2015 3082 despectionis,
2056 2985 2547 3078 multiplicibus
2593 2986 2780 3055 scili-

1215 3109 1325 3170 cet
1355 3098 1651 3169 miseriis
1688 3105 1756 3168 et
1803 3097 2097 3190 magnis.
2142 3095 2205 3162 11
2255 3093 2508 3180 Esdrae,
2544 3117 2636 3181 iv,
2679 3095 2720 3161 4
2755 3117 2774 3164 z

1214 3206 1435 3285 Audi,
1480 3208 1663 3275 Deus
1689 3214 1943 3286 noster,
1977 3202 2149 3295 quia
2192 3201 2370 3292 lacti
2403 3222 2643 3269 sumus
2671 3200 2779 3268 de·

1214 3314 1504 3407 speetui.
1536 3309 1695 3388 Job,
1740 3334 1860 3393 xu,
1894 3311 1973 3377 21
2005 3330 2023 3379 :
2067 3307 2781 3399 Effunditdespeetio·

1219 3445 1376 3490 nem
1448 3444 1659 3513 super
1717 3419 2089 3511 principes,
2135 3438 2338 3507 super
2400 3422 2670 3483 sanctos
2713 3423 2779 3484 et

1211 3532 1465 3620 justo&
1504 3527 1643 3598 Sed
1682 3526 1770 3595 ad
1807 3525 2164 3596 cumulum
2203 3524 2427 3592 meriti
2477 3521 2772 3592 illorum.

1221 3641 1354 3710 Isa.
1390 3662 1503 3720 nx,
1535 3641 1615 3710 15
1641 3660 1659 3709 ε
1688 3641 1832 3708 Pro
1852 3660 1927 3707 eo
1958 3636 2149 3729 quod
2165 3635 2370 3726 luisti
2398 3634 2706 3727 despecta
2725 3633 2774 3716 ¹,

871 3765 1032 3813 nomo
1052 3763 1194 3810 nm·
1223 3756 1291 3816 et
1329 3747 1490 3815 odio
1555 3744 1825 3824 habita,
1896 3752 2024 3813 etc.
2079 3742 2164 3811 Et
2202 3764 2359 3811 vere
2418 3740 2609 3810 omni
2654 3738 2782 3809 de-

891 3818 1173 3876 contempti·

967 3873 1092 3920 bitin.

1222 3856 1574 3947 spectione
1611 3852 1796 3946 pleni
1835 3874 2098 3921 sumus.
2157 3849 2540 3918 Bernartius
2571 3872 2588 3917 :
2622 3873 2656 3913 α
2699 3846 2777 3917 ln

1234 3994 1263 4032 α
1294 3963 1615 4034 sordibus
1652 3983 2089 4054 generamur,
2120 3960 2188 4027 in
2218 3957 2581 4028 menstruis
2608 3978 2780 4025 con-

1223 4102 1259 4139 «
1291 4073 1637 4151 fovemur,
1663 4071 1734 4139 in
1755 4068 2110 4139 doloribus
2137 4066 2575 4160 parturimur,
2618 4073 2778 4134 ante

1150 4214 1155 4217 -
1222 4209 1254 4244 ι
1291 4180 1556 4249 exitum
1602 4179 1889 4246 miseras
1925 4182 2180 4244 matres
2227 4181 2491 4242 nostras
2529 4194 2778 4242 onera·

1225 4320 1258 4351 a
1291 4311 1473 4368 mus,
1515 4287 1587 4356 in
1619 4287 1807 4356 exitu
1852 4307 2040 4355 more
2068 4285 2317 4376 viperae
2347 4283 2722 4351 laceramus
2754 4304 2770 4350 ε

1227 4426 1259 4461 α
1292 4406 1362 4467 et
1443 4396 1701 4464 mirum
1753 4393 1937 4485 quod
1996 4415 2137 4462 non
2195 4391 2324 4482 ipsi
2371 4391 2624 4482 pariter
2673 4388 2778 4459 la-

1223 4531 1257 4571 «
1292 4525 1646 4575 ceremur:
1683 4503 2031 4572 nascimur
2056 4497 2459 4593 plerumque
2495 4497 2769 4590 leprosi,

1220 4643 1256 4680 α
1298 4613 1517 4699 surdi,
1559 4614 1762 4691 muti,
1806 4608 2127 4692 mutilati,
2168 4606 2531 4687 deformes,
2584 4629 2781 4676 mon-

1221 4749 1256 4789 «
1289 4721 1570 4792 struosi.
1595 4720 1912 4812 Concipit
1931 4718 2178 4788 mulier
2211 4739 2369 4787 cum
2399 4712 2777 4784 immundi-

1226 4857 1261 4897 «
1302 4831 1399 4898 tia
1428 4837 1497 4900 et
1534 4828 1805 4916 foetore,
1837 4828 2016 4920 parit
2060 4849 2216 4897 cum
2246 4825 2516 4895 tristitia
2551 4832 2622 4895 et
2647 4823 2779 4894 do-

1293 5103 1312 5139 ¹
1350 5099 1519 5174 vulg.
1551 5095 1734 5156 habet
1762 5098 2044 5156 derelicta.

1292 5188 1317 5226 ³
1346 5186 1433 5245 Ct'.
1475 5188 1527 5244 11
1559 5188 1701 5262 Reg.
1734 5203 1816 5257 vi,
1844 5190 1937 5247 20.

2899 742 2929 792 (ὲ
2962 751 3230 819 gressus
3266 731 3330 796 in
3373 729 3547 797 lianc
3596 731 3808 796 vitam
3868 738 3971 797 est
4012 726 4446 806 miserabiliS,

2896 869 2927 902 «
2967 863 3358 930 progressus
3389 838 3769 928 culpabiliS‚
3817 860 4130 929 egressus
4171 836 4451 904 damna-

2895 972 2928 1012 «
2971 945 3153 1014 bilis.
3199 974 3229 1007 »

2980 1295 3012 1328 «
3052 1269 3231 1352 Quia
3262 1267 3556 1333 multum
3591 1267 3851 1356 repleta
3890 1276 4010 1334 est.
4063 1294 4094 1328 »
4127 1265 4298 1334 Ecce
4331 1288 4447 1334 se-

2888 1375 3207 1444 cundum.
3245 1375 3455 1453 Quasi
3506 1374 3805 1443 diceret:
3856 1372 3971 1442 Sic
4037 1373 4276 1464 repleti
4338 1396 4447 1441 su-

2892 1507 3040 1550 mus
3071 1482 3522 1584 despectione,
3558 1491 3830 1572 propter
3873 1482 4059 1572 quod
4098 1481 4344 1559 clamo,
4381 1489 4447 1549 ct

2889 1590 3091 1656 etiam
3169 1616 3197 1650 α
3228 1590 3463 1655 anima
3529 1597 3763 1655 nostra
3813 1588 4119 1654 multum
4185 1585 4446 1677 repleta

2886 1706 2982 1764 est
3012 1723 3046 1760 ιι
3092 1696 3399 1772 miseriis,
3437 1719 3574 1763 non
3607 1694 3833 1763 solum
3873 1717 4147 1784 corpus.
4187 1692 4440 1762 Thren.

2890 1828 2933 1884 1,
2971 1805 3055 1871 20
3084 1827 3097 1872 :
3131 1804 3547 1872 Subi-cisum
3585 1812 3682 1870 est
3727 1826 3844 1870 cor
3870 1824 4217 1882 meum,...
4272 1824 4447 1893 quo-

2886 1915 3075 1981 niam
3158 1912 3626 1980 amaritudine
3682 1913 3900 2003 plena
3954 1933 4137 1979 sum.
4201 1908 4313 1988 Et,
4340 1929 4349 1937 ·
4375 1909 4445 1976 in

2886 2022 3065 2091 Psal.
3109 2046 3403 2103 nxxxvn,
3437 2023 3503 2102 4,
3538 2044 3745 2113 supra
3780 2045 3796 2090 :
3831 2021 4122 2111 Repleta
4151 2027 4249 2087 est
4282 2042 4437 2086 ma-

2889 2133 2975 2202 lis
2999 2135 3233 2202 anima
3254 2156 3429 2200 mea.

2975 2367 3008 2404 α
3059 2340 3519 2432 Opprobrium
3585 2340 4130 2413 abundantibus.
4191 2367 4225 2407 ι
4314 2339 4443 2410 llic

2888 2448 3055 2514 ratio
3084 2446 3402 2532 secunda,
3429 2449 3496 2515 in
3523 2471 3658 2538 qua
3695 2473 3732 2516 a
3764 2458 3955 2539 parte
3989 2448 4443 2538 infligentium

2885 2554 3189 2621 miserias
3218 2564 3549 2623 monstrat
3575 2554 3914 2623 clamandi
3944 2554 4439 2623 necessitatem.

2886 2662 2967 2730 Et
3002 2672 3429 2733 construatur
3481 2666 3623 2733 sic:
3679 2663 3976 2733 Multum
4026 2664 4284 2755 repleta
4348 2671 4450 2732 cst

2886 2773 3171 2841 miseriis
3193 2774 3444 2853 anima,
3461 2776 3715 2852 anima,
3735 2777 4049 2864 iuquam,
4074 2773 4250 2842 sacta
4275 2797 4309 2839 α
4334 2795 4451 2864 op-

2879 2881 3233 2972 probrium
3266 2882 3811 2962 abumlantibus,
3845 2910 3879 2947 ιι
3918 2880 4249 2950 divitibus
4271 2880 4451 2949 scili·

2885 2998 2988 3057 cet
3024 2988 3221 3079 liujus
3273 2991 3532 3066 mundi,
3572 3019 3604 3054 α
3640 3001 3704 3058 et
3738 3016 3770 3055 n
3818 2990 3994 3059 sacta
4045 3015 4079 3055 ιι
4113 2989 4449 3080 despectio

2882 3095 3212 3188 superbis.
3250 3125 3280 3162 n
3306 3097 3466 3179 Job,
3492 3122 3610 3183 xu,
3633 3099 3672 3166 4
3696 3106 3762 3168 et
3783 3101 3823 3167 5
3860 3121 3875 3167 :
3910 3097 4287 3167 Deridetur
4322 3095 4450 3189 ju·

2881 3207 2974 3274 sti
3007 3207 3416 3297 simplicitas
3442 3231 3464 3275 .·
3519 3208 3794 3299 lampas
3823 3217 4215 3300 contempta
4254 3204 4452 3297 apud

2884 3317 3326 3407 coqitationes
3354 3316 3674 3384 divitum.
3716 3315 4049 3385 l’roverb.
4084 3338 4280 3397 xxix,
4313 3316 4398 3383 27
4425 3340 4442 3384 ε

2884 3424 3388 3494 Abominantur
3426 3428 3627 3518 impii
3654 3451 3766 3494 eos
3804 3428 3929 3517 qui
3961 3427 4031 3493 in
4073 3435 4256 3493 recta
4282 3432 4447 3493 sunt

2884 3534 3019 3600 via.
3057 3531 3080 3598 l
3114 3533 3198 3601 ad
3225 3531 3530 3600 Corinth.
3569 3556 3659 3611 iv,
3704 3535 3822 3602 ¹3:
3863 3534 4243 3623 Tamquam
4263 3554 4447 3622 pur-

2883 3652 3204 3732 qamenta
3293 3641 3511 3733 lnejus
3595 3640 3844 3709 mundi
3908 3640 4087 3729 lacti
4165 3660 4436 3717 sumus,

2885 3748 3190 3815 omnium
3223 3749 3605 3841 peripsema
3639 3770 3853 3839 usque
3889 3746 4142 3816 adhuc.
4188 3744 4443 3815 Mietnol

2886 3856 3188 3948 despexit
3263 3854 3590 3923 humilem
3663 3854 3882 3923 David
3902 3870 3952 3936 ⁸,
4011 3863 4080 3924 et
4137 3853 4444 3923 Herodes

2886 3966 3229 4034 Christum
3260 3964 3308 4036 ³.
3380 3965 3513 4034 Sed
3575 3968 3642 4034 in
3700 3976 3908 4058 caput
3977 3965 4255 4034 illorum
4318 3986 4444 4033 sua

2885 4074 3222 4165 despectio
3251 4083 3708 4144 convertetur.
3745 4072 3884 4143 lsa.
3920 4096 4166 4156 xxxin,
4206 4074 4235 4141 1
4273 4094 4289 4140 ε
4339 4074 4445 4141 1⁷ae

2885 4183 3008 4273 qui
3054 4184 3339 4274 spernis,
3390 4205 3612 4250 nonne
3655 4191 3721 4248 et
3771 4183 3916 4274 ipse
3952 4182 4294 4273 sperneris
4316 4179 4441 4251 P...

2883 4311 3036 4359 cum
3063 4290 3410 4381 satiqatus
3454 4289 3734 4357 desieris
3791 4299 4239 4367 contemnere,
4281 4310 4450 4357 con-

2886 4399 3220 4467 temneris.
3271 4396 3330 4464 ll
3400 4396 3651 4477 Esdrae,
3694 4420 3787 4479 w,
3830 4398 3872 4466 4
3929 4396 4198 4476 :Audi,
4256 4398 4448 4466 Deus

2886 4516 3131 4585 noster,
3163 4506 3330 4597 quia
3347 4506 3526 4595 sacti
3562 4528 3803 4573 sumus
3849 4504 4198 4598 despectui
4235 4526 4261 4572 .·
4292 4527 4450 4574 con-

2886 4624 3136 4684 vertere
3188 4612 3630 4707 opprobrium
3668 4635 3879 4707 super
3921 4620 4136 4707 caput
4179 4634 4442 4693 eorum,

2884 4731 2950 4792 et
2988 4722 3077 4790 da
3114 4745 3223 4791 eos
3262 4724 3334 4791 in
3363 4721 3856 4813 despectionem
3900 4722 3975 4788 in
4014 4729 4202 4789 terra
4229 4719 4450 4812 capti-

2886 4830 3146 4901 vitatis.

2956 5086 2981 5125 ⁸
3007 5088 3092 5147 Cf.
3125 5086 3257 5145 an.
3291 5104 3451 5154 xxm,
3481 5090 3562 5143 u.
