5008 6329
1805 379 2524 450 COMMENTARIUS
2572 380 2668 448 IN
2720 379 3154 449 PSALMUM
3203 378 3567 448 CXLVIII.

1062 550 1186 619 ubi
1274 552 1694 621 cruciabitur
1758 554 1827 622 in
1893 552 2140 622 saecula
2199 549 2634 620 saeculorum.

1163 792 1194 828 α
1234 765 1483 835 Omnes
1512 764 1772 855 abyssi.
1807 788 1841 829 n
1897 761 2153 850 Abyssi
2205 766 2366 827 sunt
2402 779 2642 848 pecca·

1063 878 1274 950 tores,
1335 874 1637 941 maxime
1684 869 2108 959 voluptuosi.
2176 866 2336 945 Job,
2389 888 2634 947 xxvm,

4175 379 4306 448 533

2749 550 2934 615 Deus
2956 549 3282 616 convertit
3306 547 3495 615 illud
3513 550 3583 615 in
3615 547 3892 616 bonum.
3918 547 4070 624 Vel,
4095 570 4308 639 quan-

2748 653 2835 721 do
2872 654 2940 721 in
2982 656 3195 743 poenis
3237 653 3759 731 ordinabuntur,
3815 655 3937 723 sed
3973 678 4110 723 uon
4143 676 4298 745 per·

2748 763 3141 842 manebunt,
3177 785 3332 832 cum
3361 761 3758 851 implebitur
3788 761 3952 829 illud
3976 763 4160 852 quod
4190 763 4296 830 di·

2745 870 3073 960 citsupra,
3119 870 3188 937 in
3212 869 3392 938 Psal.
3425 892 3490 944 x,
3529 869 3567 935 *1
3606 891 3620 934 ε
3659 867 3868 937 Pluet
3893 892 4099 959 super
4130 891 4292 959 pec-

1071 982 1154 1050 14
1189 1005 1204 1050 :
1251 981 1559 1073 Abyssus
1588 979 1759 1046 dicit
1800 1000 1821 1044 .·
1861 978 2018 1046 Non
2057 988 2153 1043 est
2192 978 2264 1044 in
2304 999 2436 1057 me,
2476 998 2640 1048 vera
2743 988 2998 1046 catores
3039 979 3344 1067 laqueos,
3383 977 3583 1067 iqnis,
3630 987 3694 1044 et
3720 975 4048 1067 sulphur,
4075 986 4203 1046 etc.

1058 1089 1313 1158 scilieet
1343 1087 1682 1177 snpientia
1713 1094 1815 1153 :et
1848 1107 2087 1153 verum
2121 1084 2306 1153 dicit.
2351 1083 2556 1153 Eccli.
2586 1106 2635 1167 ι,

1063 1199 1101 1263 2
1126 1219 1141 1263 ε
1180 1193 1636 1283 Profundum
1667 1192 1904 1283 abyssi
1921 1193 2077 1283 quis
2095 1192 2443 1259 dimensus
2469 1200 2569 1260 est
2592 1189 2634 1258 ?

1067 1299 1189 1368 Ille
1220 1301 1337 1390 qui
1396 1297 1604 1366 etiam
1675 1299 1918 1366 talium
1969 1320 2174 1388 opera
2222 1298 2293 1365 in
2357 1295 2632 1364 laudem

1062 1430 1266 1477 suam
1298 1407 1664 1485 convertit,
1699 1406 1881 1474 unde
1929 1407 2079 1497 ipsa
2119 1402 2632 1498 quodammodo

1051 1515 1362 1595 laudant,
1385 1515 1548 1604 quia
1576 1513 1955 1582 secundum
1978 1515 2278 1602 ipsorum
2301 1510 2603 1590 delicias„

1062 1623 1219 1691 illos
1278 1624 1499 1712 punit.
1545 1622 1832 1713 Apocal.
1868 1644 2064 1699 xvttl,
2117 1622 2155 1687 Ἰ
2201 1642 2217 1688 :
2273 1623 2627 1706 Quantum

1054 1729 1485 1820 ylarificavit
1520 1753 1613 1807 se,
1640 1739 1704 1797 et
1736 1731 1807 1796 in
1857 1728 2124 1796 deliciis
2149 1729 2317 1817 suit,
2352 1738 2626 1796 tantum

1056 1835 1220 1904 date
1250 1837 1369 1904 illi
1388 1845 1833 1913 tormentum,
1869 1844 1934 1901 et
1964 1835 2252 1903 luctum.
2289 1832 2373 1902 Et
2392 1834 2629 1924 sequi-

1054 1951 1193 2021 tur,
1227 1965 1374 2017 xix.
1406 1944 1430 2008 1
1469 1950 1536 2009 et
1558 1943 1636 2009 2:
1670 1942 1914 2018 Salus,
1947 1953 2010 2009 et
2037 1941 2377 2032 qtoria,et
2406 1941 2628 2011 virtus

1050 2053 1198 2118 Deo
1236 2059 1472 2116 nostro
1494 2059 1706 2126 est,...
1740 2050 1867 2140 qui
1890 2047 2249 2138 judicavit
2300 2047 2385 2115 de
2420 2068 2628 2116 mere·

1064 2159 1232 2226 trice
1260 2179 1548 2248 mayna,
1582 2178 1735 2247 quae
1764 2157 2075 2247 corrupit
2111 2165 2387 2223 terram.

1138 2415 1171 2450 «ι
1232 2387 1445 2476 lqnis.
1488 2412 1521 2449 ιι
1576 2384 1719 2453 Hic
1784 2392 2166 2476 tanguntur
2217 2385 2439 2476 cupidi
2502 2407 2627 2477 per

1059 2495 1370 2586 quinque
1410 2493 1832 2562 differentias
1881 2494 2340 2561 tentationum
2389 2494 2459 2561 in
2491 2492 2623 2562 hoc

1054 2613 1360 2693 peccato.
1409 2601 1544 2670 Per
1599 2602 1854 2691 iqnem,
1910 2600 2178 2669 fervens
2252 2603 2616 2692 appetitus.

1054 2708 1391 2779 Proverb.
1427 2732 1594 2790 xxx,
1633 2711 1715 2776 16
1760 2733 1774 2777 :
1847 2710 2040 2800 anis
2086 2731 2468 2800 numquam
2518 2708 2623 2777 di·

1054 2820 1199 2886 cit:
1251 2818 1568 2909 Sufficit.
1610 2815 1746 2886 Per
1801 2817 2242 2908 grandinem,
2305 2816 2499 2885 labor
2553 2822 2619 2884 et

1051 2925 1364 2994 anxietas
1420 2925 1492 2994 in
1531 2924 1979 3016 acquirendo,
2039 2923 2258 2995 Exod.
2311 2947 2405 3010 ix,
2474 2926 2611 2994 25:

1057 3034 1417 3102 Percussit
1448 3032 1723 3123 qrando
1756 3033 1828 3099 in
1884 3032 2076 3098 omni
2103 3041 2287 3100 terra
2314 3033 2623 3124 AEqypti

1050 3149 1298 3209 cuncta
1320 3161 1475 3232 quae
1501 3141 1798 3230 suerunt
1829 3139 1902 3206 in
1923 3139 2137 3230 aqris,
2172 3140 2239 3207 in
2269 3137 2619 3210 laboribus

1053 3245 1478 3337 acquirendi.
1540 3244 1628 3314 Et
1692 3254 1857 3314 nota
1933 3244 2117 3335 quod
2183 3244 2430 3313 dicitur
2492 3244 2613 3327 ibi,

1064 3353 1285 3422 Exod.
1312 3375 1407 3432 rx,
1441 3354 1552 3431 24,
1598 3352 1784 3444 quod
1808 3351 2082 3443 qrando
2113 3362 2176 3420 et
2198 3353 2379 3443 iqnis
2411 3354 2618 3421 mista

1045 3463 1318 3555 pariter
1341 3459 1771 3552 serebantur,
1814 3461 1978 3551 quia
2014 3459 2364 3529 ardentem
2404 3483 2621 3552 appe-

1054 3570 1259 3637 titum
1290 3566 1589 3637 habendi
1628 3568 2000 3636 comitatur
2034 3569 2343 3637 anxietas
2380 3569 2620 3660 acqui-

1061 3677 1276 3747 rendi.
1341 3677 1476 3744 Per
1549 3680 1773 3744 nivem
1875 3678 2300 3769 significatur
2393 3687 2619 3747 metus

1060 3789 1446 3858 amittendi.
1518 3788 1619 3857 De
1671 3786 1826 3870 hac,
1874 3786 2198 3856 I‘roverb.
2234 3809 2423 3868 xxxi,
2473 3789 2553 3855 21
2596 3809 2611 3855 ε

1057 3896 1209 3964 Non
1244 3894 1518 3964 timebit
1537 3887 1799 3963 ¹domui
1841 3916 1984 3962 suae
2013 3917 2056 3960 a
2091 3893 2477 3985 frigoribus
2504 3896 2622 3964 ni-

1056 4006 1185 4082 vis,
1231 4004 1481 4073 dicitur
1518 4004 1602 4072 de
1648 4012 1885 4072 sancta
1942 4003 2170 4071 anima
2212 4003 2616 4094 temporalia

1055 4119 1563 4181 contemnente.
1593 4110 1725 4179 Per
1749 4110 2071 4201 qlaciem,
2107 4112 2386 4179 avaritia
2419 4112 2489 4178 in
2518 4133 2619 4179 re-

1052 4218 1365 4297 tinendo,
1399 4240 1555 4309 quoe
1605 4239 1742 4286 non
1792 4227 2018 4308 potest
2081 4215 2387 4296 dissolvi,
2438 4217 2616 4288 sicut

1052 4350 1180 4396 nec
1216 4327 1494 4418 glacies,
1539 4325 1872 4417 quidquid
1910 4324 2249 4397 habuerit.
2299 4324 2607 4419 Sapient.

1051 4458 1195 4513 xvi,
1230 4436 1317 4505 29
1360 4456 1377 4503 ε
1418 4435 1698 4526 Inqrati
1723 4457 1901 4526 spes,
1971 4434 2226 4502 divitiae
2262 4435 2330 4502 in
2361 4435 2612 4526 quibus

1051 4547 1303 4632 sperat,
1338 4549 1703 4629 tamquam
1752 4537 2080 4605 hiemalis
2120 4537 2383 4628 qlacies
2424 4538 2613 4607 tabe-

1041 4632 1206 4713 scet.
1241 4643 1378 4713 Per
1400 4645 1731 4735 spiritum
1760 4641 2267 4735 procellarum,
2299 4642 2498 4712 dolor
2522 4646 2608 4714 'in

1049 4750 1452 4827 amittendo,
1516 4761 1584 4819 et
1637 4750 2148 4823 commoti0.et
2210 4759 2602 4842 tempestas.

1050 4859 1141 4927 111
1178 4859 1344 4950 Reg.
1383 4881 1526 4941 xix,
1578 4859 1644 4925 11
1692 4878 1709 4927 :
1747 4859 1916 4925 l’ost
1948 4859 2275 4948 spiritum
2313 4882 2606 4928 commo·

1047 4968 1192 5035 tio:
1246 4988 1383 5033 non
1434 4966 1504 5033 in
1554 4964 2008 5032 commotione
2062 4965 2422 5032 Dominus.
2469 4965 2599 5034 Isa.

1045 5096 1190 5151 xix,
1233 5074 1273 5142 3
1309 5093 1327 5141 t
1371 5074 1830 5164 Dirumpetur
1872 5072 2160 5163 spiritus
2201 5074 2508 5165 AEqypei
2536 5075 2606 5141 in

1044 5177 1414 5248 visceribus
1478 5177 1661 5267 ejus.
1699 5177 1785 5246 IIi
1844 5186 2074 5246 autem
2107 5186 2264 5244 sunt
2317 5181 2604 5248 materia

1041 5286 1287 5368 laudis,
1323 5287 1602 5380 quando
1624 5297 2141 5364 convertuntur,
2181 5288 2340 5379 quia
2361 5309 2621 5358 eorumv

1042 5395 1300 5464 malum
1346 5397 1531 5465 Deus
1560 5396 1899 5464 convertit
1928 5397 1999 5463 in
2030 5396 2310 5464 honum.
2348 5395 2598 5467 Genes.

1042 5525 1104 5582 ι,
1140 5504 1225 5572 20
1255 5522 1273 5573 t
1329 5505 1456 5573 Vos
1492 5504 1851 5595 cogitastis
1907 5502 1991 5571 de
2014 5526 2122 5571 me
2157 5503 2452 5584 malum,
2482 5506 2609 5573 sed

1116 5738 1134 5776 ¹
1166 5734 1395 5793 Daniel.
1427 5750 1505 5807 tv,
1537 5738 1627 5794 31.

2831 1190 2963 1259 Per
2990 1201 3247 1260 montes
3275 1202 3340 1260 et
3367 1189 3577 1260 colles
3597 1191 3903 1282 tangitur
3930 1193 4128 1260 tertia
4169 1191 4300 1261 dit-

2741 1295 3021 1367 ferentia
3060 1308 3520 1389 peceatorum,
3554 1299 3810 1367 scilicet
3850 1299 4150 1388 superbi,
4182 1300 4296 1390 qui

2736 1404 3044 1473 similiter
3070 1416 3230 1474 sunt
3262 1406 3480 1474 laudis
3503 1407 3813 1485 materia,
3841 1405 4114 1497 quando
4137 1415 4297 1474 sunt

2731 1510 3093 1595 humiliati,
3155 1514 3267 1584 vet
3344 1536 3465 1605 per
3531 1515 3827 1604 gratiam
3902 1513 4287 1582 humilitate

2733 1641 2886 1710 quae
2924 1619 3140 1688 virtus
3170 1632 3295 1700 est,
3330 1620 3440 1690 vel
3470 1644 3590 1712 per
3620 1644 3894 1711 poenam
3948 1621 4295 1691 humilita-

2733 1731 2798 1792 te
2830 1748 2979 1815 quae
3030 1725 3316 1815 dejectio
3366 1736 3488 1796 est.
3552 1726 3683 1795 Isa.
3742 1750 3852 1806 xz..
3896 1727 3987 1796 4:
4049 1728 4294 1798 Omnis

2730 1854 2922 1900 mons
2961 1842 3025 1901 et
3088 1833 3291 1901 collis
3345 1833 3866 1904 humiliabitur.
3930 1832 4038 1914 Et,
4098 1857 4288 1916 κων,

2728 1939 2864 2008 23:
2908 1942 3257 2016 Resonate.
3309 1952 3595 2020 montes,
3627 1941 4134 2011 laudationem.
4172 1942 4287 2027 Et,

2727 2066 2904 2123 xcix,
2943 2046 3023 2116 13
3051 2069 3066 2116 :
3096 2046 3433 2125 lubilate,
3458 2057 3751 2124 montes,
3788 2047 4095 2129 laudem,
4119 2050 4292 2140 quia

2726 2154 3112 2222 consolatus
3149 2165 3246 2222 est
3284 2156 3625 2224 Dominus
3664 2154 4014 2246 populum
4051 2178 4284 2237 snum,

2724 2270 2789 2330 et
2808 2284 3196 2352 pauperum
3221 2285 3506 2329 suorum
3536 2261 3991 2331 miserebitur.
4028 2262 4282 2331 Humi-

2722 2366 2863 2436 liati
2894 2370 3096 2436 etiam
3138 2369 3208 2436 in
3240 2391 3465 2459 poena,
3507 2368 3729 2438 laudis
3786 2372 4070 2440 materia
4126 2371 4278 2440 sue-

2723 2485 2902 2556 runt,
2937 2485 2999 2545 et
3033 2475 3503 2555 laudaverunt,
3536 2478 3711 2546 sicut
3740 2476 4029 2546 habetur
4053 2502 4277 2547 exem·

2722 2581 2910 2673 plum
2965 2582 3047 2651 de
3112 2575 3656 2674 Antioch0,'qui
3743 2606 4103 2676 percussus
4143 2587 4261 2668 ait,

2720 2690 2782 2758 ΙΙ
2831 2691 3139 2761 Machab.
3182 2715 3275 2774 xx,
3337 2695 3417 2760 12
3460 2712 3476 2760 ε
3548 2692 3830 2761 lustum
3884 2702 3980 2760 est
4029 2693 4266 2763 subdi-

2719 2808 2866 2867 tum
2911 2822 3048 2868 esse
3099 2803 3267 2876 Deo,
3322 2811 3386 2869 et
3441 2800 3810 2869 mortalem
3869 2823 4004 2870 non
4053 2804 4264 2893 paria

2719 2906 2864 2975 Deo
2897 2907 3167 2976 sentire.
3218 2907 3301 2975 Et
3350 2906 4010 2987 Nabuchodonosor,
4068 2920 4264 3000 post-

2720 3037 2926 3106 quam
2953 3037 3312 3105 percussus
3337 3024 3463 3094 est,
3496 3015 3672 3084 dixit.
3703 3037 3722 3086 ε
3778 3015 4031 3088 Oculos
4084 3041 4267 3088 meos

2721 3125 2819 3195 ad
2839 3125 3084 3194 coelum
3115 3124 3359 3205 levavi,
3389 3135 3453 3196 et
3476 3148 3712 3195 sensus
3740 3148 3931 3196 meus
3959 3128 4270 3197 redditus

2720 3242 2816 3303 est
2845 3235 3017 3302 milti
3042 3255 3069 3303 .·
3097 3245 3163 3303 et
3183 3234 3540 3305 Altissimo
3572 3234 3913 3315 benedixi,
3945 3246 4008 3304 et
4036 3237 4268 3306 viven-

2722 3368 2856 3426 tem
2894 3360 2964 3427 in
2986 3361 3471 3450 sempiternum
3514 3357 3829 3440 laudavi,
3870 3371 3937 3428 et
3976 3360 4268 3452 qlorifi-

2721 3467 2873 3534 caci
2909 3467 2955 3533 ¹.

2812 3705 2847 3742 e
2880 3680 3102 3770 Liqna
3140 3679 3536 3769 fructifera,
3581 3702 3615 3746 ι
3653 3676 3928 3747 Proelati
3967 3700 4090 3770 per
4124 3679 4265 3748 sru-

2721 3786 3219 3856 ctiticationem.
3262 3785 3370 3854 Ad
3399 3785 3660 3854 coloss.
3705 3809 3753 3867 ι,
3793 3788 3873 3854 10
3909 3809 3924 3855 :
3984 3788 4267 3857 Fructi-

2718 3895 3021 3984 ficantes,
3056 3905 3121 3963 et
3144 3904 3503 3963 crescentes
3530 3895 3601 3961 in
3630 3895 3918 3963 scientia
3948 3895 4099 3963 Dei.
4136 3897 4267 3965 Ce-

2720 4001 2833 4069 dri
2859 4025 2978 4092 per
2994 4001 3275 4069 odorem
3305 4000 3507 4069 bonae
3528 4002 3711 4069 vitm.
3749 3999 3811 4068 II
3833 4001 3918 4069 ad
3952 4001 4262 4072 Corinth.

2719 4129 2789 4183 n,
2839 4109 2916 4176 15
2962 4129 2977 4174 :
3014 4107 3266 4176 Christi
3296 4106 3509 4174 bonus
3536 4106 3710 4175 odor
3752 4129 3995 4175 sumus
4012 4111 4157 4177 Deo
4198 4111 4267 4176 in

2717 4216 2905 4283 omni
2944 4213 3111 4283 loco.
3178 4212 3338 4282 naeo
3389 4212 3692 4297 iaudent,
3758 4213 3885 4284 Isa.
3965 4238 4074 4295 ιν.
4127 4219 4208 4285 12
4241 4238 4259 4287 t

2721 4323 2970 4392 Omnia
3010 4321 3204 4413 liqna
3240 4324 3538 4414 reqionis
3584 4322 3929 4416 plaudent
3957 4347 4197 4396 manu.

2805 4534 2935 4604 I‘er
2964 4535 3233 4615 bestias,
3275 4544 3341 4604 et
3377 4559 3649 4628 pecora,
3711 4537 3942 4623 activi,
3991 4539 4110 4608 sed
4138 4562 4261 4630 per

2711 4643 3124 4734 gressibilia,
3164 4645 3593 4735 proficientes
3638 4644 3723 4713 de
3774 4644 3959 4713 bono
4006 4646 4076 4714 in
4109 4668 4260 4713 me-

2710 4749 2866 4822 lius.
2909 4751 3042 4820 Per
3093 4762 3453 4844 serpentes,
3521 4754 3727 4821 cauti.
3800 4752 3960 4823 naeo
4023 4762 4254 4822 autem

2710 4858 2986 4929 laudant
3016 4859 3264 4941 Deum,
3298 4859 3427 4928 Isa.
3473 4883 3654 4940 snm,
3699 4862 3785 4931 20
3827 4885 3844 4932 t
3884 4862 4259 4951 610νίῙῖεο-

2712 4966 2811 5035 bit
2837 4990 2943 5034 me
2962 4966 3175 5036 bestia
3204 4969 3387 5058 aqri,
3421 4970 3718 5055 majores
3749 4969 3817 5038 in
3850 4968 4250 5050 laborando,

2709 5081 2776 5141 et
2814 5076 3131 5143 universa
3168 5096 3436 5165 pecora,
3480 5075 3805 5144 minores.
3842 5076 3971 5144 Isa.
4008 5099 4102 5153 rx,
4146 5079 4185 5145 7
4231 5098 4249 5145 t

2712 5183 2924 5251 Omne
2988 5204 3192 5273 pecus
3249 5182 3470 5252 Cedar
3514 5183 4044 5276 conqreqabitur
4096 5184 4246 5256 tibi.

2709 5290 3094 5384 Serpentes,
3144 5294 3345 5361 cauti.
3401 5291 3643 5361 Matth.
3697 5316 3766 5371 x,
3832 5294 3961 5362 16:
4014 5295 4252 5363 Estote

2697 5400 3066 5494 prudentes
3110 5402 3289 5470 sicut
3330 5412 3693 5495 serpentes.
3766 5401 3897 5470 Per
3942 5403 4250 5473 volucres

2690 5518 3054 5600 pennata-5.
3088 5508 3627 5599 contemplativi.
3661 5508 3992 5581 Proverb.
4016 5534 4062 5591 ι,
4097 5512 4179 5579 17
4222 5534 4241 5575 τ
