5008 6329
714 351 840 420 182

800 520 913 588 Ait
954 523 1136 589 enim
1174 545 1196 588 -3
1271 520 1387 588 Sic
1443 521 1514 587 in
1569 520 1776 590 domo
1833 524 2263 592 conscientiae

712 638 909 698 erunt
946 629 1163 720 gloria
1237 636 1302 696 et
1369 628 1674 700 divitiae:
1725 657 1758 697 α
1825 636 1921 700 Et
1971 632 2262 722 justitia

710 737 889 825 ejuS,
952 761 986 798 »
1056 742 1278 803 totum
1347 738 1869 829 comprehendit
1932 737 2262 829 quidquid

709 850 814 910 est
867 841 1031 909 boni
1097 844 1168 910 in
1244 845 1499 927 anima,
1575 876 1605 909 κ
1643 849 1717 914 in
1751 846 2081 914 saeculum
2143 867 2262 912 εκ-

709 949 875 1027 culi,
923 973 957 1014 n
1005 948 1137 1020 hoc
1193 962 1320 1042 est,
1381 955 1453 1021 in
1510 962 1841 1022 aeternum
1907 975 2253 1020 mansura.

706 1055 864 1137 Joh,
934 1080 1148 1141 xxvix,
1192 1062 1232 1128 6
1284 1084 1300 1129 3
1359 1061 1941 1149 Justifi'cationem
2006 1083 2253 1140 meam,

705 1186 915 1254 quam
946 1169 1115 1258 coepi
1133 1177 1377 1247 tenere,
1411 1191 1549 1234 non
1568 1167 1895 1236 deseram.
1925 1167 2253 1236 Proverb.

704 1297 773 1353 x,
819 1275 940 1343 30:
980 1279 1225 1345 Justus
1256 1279 1327 1345 in
1357 1278 1687 1346 aeternum
1717 1302 1852 1347 non
1881 1301 2260 1347 commove-

708 1381 914 1451 bitur.
951 1383 1061 1464 Et,
1103 1382 1386 1470 ibidem,
1445 1392 1512 1462 ῒ.
1565 1388 1696 1455 25:
1754 1387 1995 1454 Justus
2059 1386 2260 1476 quasi

702 1489 1241 1577 fundamentum
1315 1496 1832 1584 sempiternum.
1912 1494 2055 1564 Nec
2115 1497 2258 1583 ipsa

703 1617 823 1684 per
850 1598 1147 1687 seipsam
1168 1598 1461 1680 deliciet,
1488 1602 1675 1691 quia,
1703 1598 2006 1690 Sapient.
2044 1624 2091 1680 ι,
2130 1602 2210 1667 15
2238 1623 2253 1667 3

698 1705 987 1774 Justitia
1008 1717 1346 1799 perpetua
1375 1720 1496 1788 εει,
1539 1717 1604 1777 el
1634 1710 2072 1777 immortalis.

788 1812 874 1880 Et
938 1815 1193 1905 optime
1260 1825 1612 1905 ponuntur
1664 1815 1777 1885 hic
1816 1816 1965 1884 duae
2011 1816 2254 1884 litterae

698 1918 1077 2002 llebraicae,
1122 1920 1380 1991 scilicet
1418 1946 1506 1991 m:
1529 1923 1684 2019 (Π)
1717 1932 1785 1992 et
1809 1947 1943 1992 vAu
1977 1923 2116 2019 (Ἰ).
2151 1922 2255 1989 ΗΕ

698 2027 880 2094 enim
927 2029 1436 2120 interpretatur,
1488 2033 1631 2100 ltaec
1701 2032 1811 2101 vel
1871 2033 2068 2122 ipsa:
2099 2030 2252 2098 Vm

694 2158 859 2203 vero
890 2133 1399 2228 interpretatur,
1451 2141 1619 2209 vita.
1684 2138 1893 2220 Quasi
1960 2141 2246 2208 diceret:

696 2240 989 2310 Gloriari
1055 2243 1126 2311 in
1193 2246 1632 2315 conscientiae
1698 2247 2116 2332 testimonie,
2187 2255 2254 2315 et

695 2349 765 2418 in
805 2352 1068 2441 justitia
1132 2377 1595 2445 perseverare,
1637 2355 1785 2426 haec
1823 2365 1923 2425 est
1977 2357 2143 2437 vita,
2187 2364 2254 2424 et

680 2479 852 2527 vera
880 2460 1049 2540 vita,
1092 2469 1160 2530 et
1186 2461 1335 2532 sola
1372 2465 1537 2533 vita.

788 2810 821 2850 α
856 2786 1202 2853 Exortum
1231 2793 1329 2851 cst
1386 2785 1460 2851 in
1516 2783 1829 2851 tenebris.
1866 2809 1900 2846 n
1969 2783 2098 2851 llic
2138 2807 2252 2853 se-

695 2890 1020 2971 cundum,
1064 2891 1133 2958 in
1165 2912 1304 2984 quo
1343 2890 1635 2959 ostensis
1688 2888 2027 2959 bonorum
2074 2912 2252 2980 prae-

693 3000 849 3067 miis
889 3021 975 3067 ex
1010 2999 1271 3068 meritis
1324 2998 1621 3091 propriis
1671 2996 1947 3081 habitis,
2005 3000 2247 3068 timore

690 3106 970 3186 scilicet,
1006 3115 1074 3177 et
1107 3107 1294 3177 bona
1320 3105 1703 3190 voluntate,
1739 3105 1849 3180 hic
1886 3107 2252 3201 subjungi-

689 3224 801 3287 tur
872 3218 955 3288 de
1026 3218 1329 3308 praemiis
1414 3216 1773 3298 habendis,
1830 3241 1953 3309 per
2007 3221 2249 3289 merita

691 3326 1153 3417 comparative
1191 3333 1490 3418 accepta.
1534 3325 1691 3394 Duo
1736 3348 1901 3418 ergo
1951 3336 2251 3420 tangun-

690 3442 826 3503 tur.
868 3433 1129 3511 Primo,
1175 3432 1512 3501 adventus
1568 3431 1817 3501 Christi
1874 3435 2247 3504 secundum

690 3566 900 3612 unam
947 3542 1448 3633 expositionem
1486 3543 1775 3633 primus,
1811 3544 1881 3611 in
1946 3566 2083 3635 quo
2148 3553 2250 3614 est

693 3648 885 3719 radix
949 3651 1174 3719 meriti
1234 3650 1610 3741 justorum.
1688 3647 1817 3719 Vel
1873 3652 2246 3721 secundum

693 3757 923 3837 aliam,
957 3757 1030 3826 in
1084 3781 1220 3850 quo
1275 3757 1394 3827 fiet
1458 3755 1814 3826 retributio
1872 3759 2247 3829 secundum

690 3866 932 3936 merita
994 3865 1273 3935 illorum
1321 3865 1814 3957 comparativa,
1883 3864 2002 3946 ibi,
2050 3874 2117 3945 ἵ.
2158 3869 2242 3937 53

695 4005 731 4044 α
759 3975 1124 4065 Iucundus
1152 3975 1385 4045 homo.
1421 4001 1456 4044 a

783 4083 860 4152 In
904 4084 1127 4175 prima
1182 4083 1347 4152 duo.
1418 4081 1676 4163 Primo,
1727 4082 2082 4152 adventus.
2128 4082 2250 4153 Se-

689 4191 941 4272 cundo,
974 4190 1347 4260 adveniens
1388 4191 1612 4282 magis
1649 4188 2079 4272 describitur,
2122 4190 2242 4276 ibi,

696 4327 731 4361 α
764 4298 1179 4368 Misericors.
1207 4322 1237 4362 ι

774 4405 958 4476 Dicit
1030 4428 1195 4497 ergo
1241 4427 1258 4474 3
1320 4403 1437 4474 Sic
1485 4405 1606 4498 qui
1677 4407 1899 4493 timet,
1968 4404 2246 4477 habebit

685 4512 869 4584 bona
897 4511 1371 4607 praecedentia,
1431 4513 1553 4583 sed
1625 4512 1831 4583 etiam
1863 4539 1900 4581 ι
1936 4515 2159 4597 rectis,
2200 4544 2233 4577 a

687 4622 804 4714 qui
832 4622 1103 4705 timent,
1143 4628 1212 4692 et
1240 4619 1503 4689 bonum
1545 4618 1812 4702 volunt,
1853 4648 1889 4686 α
1927 4630 2241 4690 exortum

684 4738 783 4797 εει
813 4728 1073 4810 lumen,
1104 4753 1139 4796 ι
1174 4727 1362 4820 quod
1389 4726 1628 4798 lumen
1670 4756 1704 4793 «ι
1746 4730 2090 4798 Dominus
2116 4730 2244 4798 mi-

681 4838 966 4907 sericors
999 4865 1034 4901 n
1074 4837 1146 4905 in
1174 4835 1443 4914 babitu,
1488 4861 1524 4902 ι
1577 4845 1645 4905 ει
1697 4836 2061 4906 miserator
2090 4862 2125 4905 ι
2167 4838 2237 4906 in

683 4952 839 5014 actu
876 4944 1102 5025 bonis,
1149 4974 1183 5011 «ι
1218 4955 1283 5014 ει
1306 4943 1578 5035 justus,
1617 4968 1648 5006 ιο
1692 4944 1912 5024 malis,
1983 4944 2240 5015 scilicet

682 5052 808 5122 Dei
839 5051 1055 5122 Filius
1094 5050 1428 5121 Christus.
1498 5049 1747 5143 Supra,
1780 5052 1851 5120 in
1882 5052 2064 5121 Psal.
2124 5075 2231 5132 cx,

680 5160 765 5230 4:
800 5158 1267 5230 antecedenti:
1310 5159 1700 5227 Misericors
1753 5167 1817 5226 ει
1878 5160 2240 5229 miserator

681 5268 1051 5351 Dominus,
1081 5289 1303 5337 escam
1342 5264 1556 5345 dedit,
1599 5273 1727 5335 etc.
1789 5265 1919 5337 llic
1962 5267 2235 5350 dicitur,

683 5371 868 5465 quod
895 5370 1208 5443 exhibuit
1252 5394 1451 5441 suam
1499 5373 1935 5463 praesentiam
1981 5374 2238 5443 timen-

681 5478 887 5550 tibus.
920 5477 1214 5548 Malach.
1240 5502 1333 5563 w,
1354 5481 1437 5547 2:
1478 5478 1757 5549 Orietur
1782 5479 1969 5550 vobis
1996 5483 2239 5552 timen-

675 5588 867 5658 vtibus
891 5610 1137 5657 nomen
1164 5609 1394 5656 meum
1422 5585 1555 5655 Sol
1565 5586 1891 5677 justiliae.
1918 5588 2057 5661 Sed
2087 5589 2237 5661 tali·

680 5695 811 5767 bus
841 5693 1266 5785 timentibus,
1301 5693 1417 5787 qui
1451 5693 1617 5762 recti
1680 5703 1864 5778 sunt,
1922 5693 2058 5769 hoc
2100 5705 2228 5781 est,

1602 380 1610 386 -
1712 351 1800 418 D.
1852 333 2051 419 ALB'.
2104 321 2321 420 MAG.
2375 351 2581 421 om).
2632 352 2930 422 PRAED.

2368 524 2483 614 qui
2542 547 2680 592 non
2735 528 2978 595 timent
3033 534 3296 594 tantum
3374 528 3731 608 serviliter,
3797 527 3915 593 sed

2367 628 2746 721 diligenter.
2808 631 3064 702 Cantic.
3120 657 3164 717 1,
3216 634 3254 701 3
3294 636 3555 701 :·Recti
3603 634 3913 723 diliqunt

2367 743 2451 802 te.

2451 842 2605 925 Vel,
2649 844 2729 913 de
2758 848 3052 916 secundo
3082 848 3399 924 adventu,
3431 849 3501 914 in
3531 869 3666 936 quo
3698 867 3914 935 appa-

2366 951 2562 1032 rebit,
2625 961 2690 1021 et
2754 955 3007 1022 orietur
3062 959 3260 1024 rectis
3315 954 3435 1022 lux
3498 977 3684 1023 vera.
3770 952 3902 1019 Isa.

2362 1080 2547 1138 Lvm,
2594 1059 2719 1127 10:
2767 1061 3042 1130 Orietur
3077 1064 3150 1129 in
3197 1061 3508 1140 tenebriS,
3554 1062 3623 1128 in
3671 1057 3910 1127 turba-

2363 1165 2689 1246 tionibuS,
2724 1190 2878 1258 quae
2935 1176 3132 1237 erunt
3174 1170 3246 1235 in
3285 1168 3420 1235 fine
3469 1167 3734 1246 mundi,
3779 1166 3908 1233 lux

2363 1283 2511 1356 tua,
2554 1283 2619 1342 el
2653 1275 2939 1345 tenebrae
2966 1287 3098 1345 tuae
3120 1286 3319 1344 erunt
3343 1276 3521 1343 sicut
3560 1275 3903 1343 meridies.

2360 1381 2575 1450 Tanto
2616 1385 2799 1451 enim
2844 1381 3106 1474 fulgore
3171 1407 3411 1452 omnes
3464 1382 3904 1463 illuminabit,

2363 1498 2439 1558 ut
2465 1499 2721 1560 secreta
2752 1492 3055 1561 cordium
3076 1501 3375 1584 pateant.
3419 1492 3448 1558 Ι
3478 1492 3565 1560 ad
3596 1490 3906 1560 Corinth.

2364 1620 2457 1678 ιν,
2477 1600 2517 1667 5
2543 1621 2557 1665 3
2580 1599 2813 1670 Nolite
2832 1610 2988 1668 ante
3005 1610 3273 1691 tempus
3280 1600 3634 1689 judicare,
3655 1598 3914 1689 quoad-

2364 1728 2576 1795 usque
2636 1708 2863 1775 veniat
2914 1710 3283 1793 Dominus,
3336 1709 3460 1799 qui
3510 1717 3574 1776 et
3634 1707 3913 1775 illumi-

2361 1810 2557 1880 nabit
2611 1812 3007 1882 abscondita
3063 1815 3522 1896 tenebrarum,
3579 1825 3642 1881 et
3680 1814 3914 1882 mani-

2358 1921 2643 2011 festabit
2721 1923 3009 1992 consilia
3070 1925 3410 1992 cordium.
3464 1923 3614 1993 Hoc
3679 1932 3908 1992 autem

2361 2028 2544 2120 quod
2573 2031 2903 2122 sequitur,
2932 2060 2965 2095 «
2997 2034 3402 2112 misericors,
3432 2041 3496 2100 et
3514 2033 3903 2111 miserator,

2359 2141 2423 2204 et
2448 2139 2720 2228 justus,
2757 2164 2791 2205 »
2824 2161 2962 2208 non
3002 2148 3328 2209 mutatur.

2447 2245 2534 2313 Et
2570 2254 2755 2326 nota,
2789 2247 2974 2339 quod
3013 2247 3246 2316 lumen
3292 2247 3536 2317 dicitur
3566 2247 3900 2327 Christus,

2356 2352 2581 2442 primo
2648 2355 2808 2444 quia
2881 2356 3227 2444 speciosus
3283 2363 3385 2423 est
3430 2355 3599 2424 sicut
3639 2356 3898 2438 lumen,

2358 2459 2543 2549 quod
2610 2460 2993 2551 speciosum
3057 2470 3182 2547 est,
3251 2462 3558 2553 Sapient.
3617 2487 3736 2542 vu,
3805 2468 3898 2532 9:

2355 2566 2742 2658 Speciosior
2757 2577 2879 2650 εει,
2899 2568 3024 2638 Dei
3044 2570 3403 2659 sapientia,
3432 2571 3578 2639 sole
3594 2594 3617 2638 .·
3645 2579 3713 2638 ει
3733 2570 3900 2657 luci,

2357 2674 2715 2761 materiali,
2755 2685 3181 2768 comparata,
3232 2678 3578 2745 invenitur
3623 2680 3898 2771 purior.

2357 2778 2531 2860 Quia
2597 2782 3109 2874 ininquinabilis
3156 2792 3283 2866 est,
3350 2786 3526 2853 sicut
3591 2786 3897 2877 Sapient.

2355 2911 2475 2968 vu,
2509 2889 2642 2957 24:
2701 2891 3004 2981 Ateinqit
3058 2890 3311 2983 ubique
3366 2901 3650 2984 propter
3700 2915 3902 2962 suam

2357 2993 2799 3064 munditiam.
2855 2993 2978 3064 Sui
3044 2995 3430 3083 diss'usivus,
3498 3000 3646 3066 sine
3710 3001 3900 3068 omni

2355 3102 2835 3187 diminutione,
2867 3103 3072 3175 Eccli.
3107 3126 3155 3185 1,
3194 3106 3315 3175 10:
3360 3106 3640 3199 Effudit
3695 3106 3901 3176 illam

2358 3215 2544 3281 Deus
2576 3234 2785 3306 super
2817 3214 3052 3281 omnia
3098 3237 3306 3306 opera
3357 3238 3513 3295 sua.
3573 3225 3638 3283 ει
3699 3238 3906 3308 super

2356 3343 2622 3389 omnem
2650 3344 2945 3391 earnem.
2984 3321 3332 3413 Sapientia
3362 3324 3545 3392 enim
3583 3323 3708 3392 Dei
3767 3324 3907 3393 Pa-

2356 3427 2478 3495 tris
2507 3426 2759 3498 relucet
2788 3428 2856 3497 in
2896 3426 3241 3512 omnibus,
3283 3429 3489 3498 etiam
3547 3431 3617 3498 in
3673 3452 3900 3508 carne.

2357 3558 2493 3627 qua
2530 3534 2700 3604 nihil
2728 3534 3057 3627 fragilius.
3107 3534 3285 3616 Quia
3316 3536 3739 3607 occultorum
3788 3561 3909 3607 os-

2355 3642 2658 3711 tensivus
2688 3650 2815 3729 est,
2846 3643 3019 3712 sicut
3080 3641 3341 3723 lumen,
3371 3642 3576 3715 Joan.
3619 3667 3737 3726 xv,
3774 3647 3855 3713 15
3884 3668 3902 3715 3

2360 3750 2613 3822 Omnia
2635 3772 3076 3843 quecumque
3102 3750 3419 3820 audicio
3459 3754 3675 3821 Patre
3727 3776 3901 3832 meo,

2354 3868 2519 3926 nota
2580 3859 2719 3949 leci
2774 3856 2985 3929 vobis.
3044 3855 3222 3938 Quia
3287 3857 3465 3928 male
3543 3860 3906 3952 agentibus

2354 3964 2658 4047 odiosus,
2725 3966 2898 4035 sicut
2960 3963 3107 4051 lux,
3179 3965 3383 4037 Joan.
3427 3989 3522 4047 m,
3565 3969 3700 4036 20.-
3769 3970 3909 4054 Qui

2355 4070 2541 4142 male
2566 4072 2739 4164 aqit,
2807 4066 2955 4141 odit
3017 4072 3262 4142 lucem.
3309 4072 3618 4167 Sapient.
3652 4097 3726 4154 u.
3775 4075 3898 4146 153

2357 4180 2606 4250 Gravis
2653 4188 2754 4248 est
2813 4178 3010 4248 nobis
3074 4181 3283 4250 etiam
3340 4180 3441 4249 ad
3499 4181 3897 4252 videndum.

2357 4285 2558 4356 Sanis
2601 4286 2817 4358 oculis
2878 4285 2963 4355 ad
3025 4285 3399 4356 videndum
3454 4286 3899 4372 delectabilis,

2354 4393 2577 4465 Eccle.
2608 4417 2708 4481 xi,
2745 4395 2786 4462 7
2811 4415 2832 4466 3
2857 4393 3080 4464 Dulce
3106 4394 3365 4474 lumen,
3407 4404 3472 4464 ει
3500 4395 3906 4468 delectabile

2352 4511 2452 4571 εει
2522 4503 2744 4573 oculis
2814 4501 3040 4572 videre
3107 4503 3348 4572 solem.
3414 4503 3586 4574 Tob.
3645 4508 3897 4591 v,12:

2357 4610 2581 4696 Quale
2628 4610 2804 4681 mihi
2855 4609 3227 4702 qoudium,
3284 4611 3412 4704 qui
3475 4613 3546 4681 in
3611 4615 3903 4686 [mebris

2347 4718 2570 4801 sedeo,
2611 4726 2740 4789 etc.
2772 4716 3220 4811 imputribilis
3265 4719 3440 4789 sicut
3494 4719 3640 4804 lux,
3708 4722 3894 4793 l’sal.

2351 4848 2467 4911 ιν,
2513 4828 2635 4896 103
2669 4826 2823 4896 Non
2861 4825 3290 4918 derelinques
3323 4828 3636 4896 animam
3674 4852 3895 4900 meam

2349 4936 2422 5003 in
2451 4934 2750 5025 inferno,
2780 4956 2901 5003 nee
2928 4932 3126 5004 dabis
3151 4944 3466 5003 sanctum
3531 4946 3733 5005 tuum
3788 4941 3897 5007 vi-

2350 5042 2509 5111 dere
2551 5042 3076 5135 corruptionem.
3147 5038 3343 5121 Item,
3414 5044 3577 5136 quia
3641 5047 3899 5139 princi-

2348 5151 2540 5243 pium
2564 5152 2788 5220 omnis
2802 5158 3030 5221 motus
3043 5159 3115 5221 et
3127 5151 3538 5243 cognitionis
3557 5152 3732 5225 sicut
3747 5155 3894 5240 lux,

2346 5257 2549 5327 Joan.
2583 5280 2630 5340 1,
2666 5259 2751 5333 33
2795 5258 3045 5329 Omnia
3063 5279 3193 5350 per
3218 5256 3446 5349 ipsum
3475 5260 3672 5350 sacta
3704 5275 3891 5334 sunt.

2347 5365 2556 5438 Mich.
2631 5389 2729 5448 vx,
2787 5367 2875 5440 83
2932 5363 3260 5436 Indicabo
3318 5363 3470 5445 tibi,
3539 5391 3580 5437 o
3661 5370 3890 5456 homo,

2346 5476 2519 5568 quid
2539 5479 2633 5544 sit
2661 5474 2938 5556 bonum,
2968 5483 3034 5543 ει
3067 5471 3246 5565 quid
3276 5474 3622 5546 Dominus
3658 5481 3896 5573 requi-

2346 5595 2458 5654 rat
2493 5610 2539 5653 α
2576 5595 2663 5654 ιε.
2700 5583 3001 5655 Tandem
3033 5582 3193 5675 quia
3218 5580 3408 5653 Patri
3436 5606 3889 5679 coaequoevus,

2345 5698 2463 5789 qui
2519 5702 2620 5765 est
2682 5695 2914 5789 νει-ηεξ
2943 5700 3012 5764 et
3056 5690 3332 5763 fontalis
3386 5692 3518 5778 sol,
3579 5694 3888 5789 sapient.
