5008 6329
1893 400 2601 476 COMMENTARIUS
2649 398 2744 465 IN
2787 394 3222 465 PSALMUM
3271 393 3583 464 CXVIII.

1243 579 1360 645 Ait
1393 578 1574 646 enim
1613 601 1627 646 :
1666 578 1779 646 Sic
1821 601 2018 670 rogo,
2061 584 2127 645 et
2165 575 2378 642 debeo
2426 569 2711 638 exaudi-

1154 689 1210 754 ri
1257 709 1271 752 ε
1319 688 1481 778 quia
1522 713 1555 753 α
1592 688 1829 755 anima
1870 709 2023 753 mea
2060 709 2092 748 ιι
2138 685 2233 770 (in
2277 680 2406 746 hoc
2436 699 2711 767 expres-

1155 795 1257 860 sio
1298 794 1822 885 concupiscendi
1874 790 2178 877 notatur)
2233 813 2265 851 α
2334 786 2713 876 concupivit

1159 900 1549 969 desiderare
1578 899 2125 991 justificationes
2170 906 2350 978 tuda,
2400 921 2430 956 ιι
2470 892 2536 960 id
2584 900 2707 971 est,

1152 1009 1434 1098 justitiae
1470 1031 1701 1099 opera,
1757 1028 1909 1096 quoe
1952 1002 2327 1094 justificant
2392 1002 2708 1074 animam,

1155 1116 1397 1183 saltem
1444 1115 1514 1182 in
1572 1113 2174 1182 manifestatione:
2239 1119 2304 1179 et
2350 1108 2504 1187 hoc,
2560 1133 2593 1172 α
2642 1108 2714 1172 in

1154 1224 1346 1289 omni
1383 1232 1709 1313 tempore,
1748 1248 1778 1286 ι)
1824 1243 1963 1289 non
1997 1221 2068 1288 in
2094 1218 2390 1311 quodam
2421 1223 2708 1291 tantum,

1155 1331 1329 1398 sicut
1377 1328 1474 1396 illi
1526 1328 1609 1397 de
1665 1327 1941 1419 quibus,
2002 1327 2167 1394 Luc.
2218 1345 2368 1407 vm,
2430 1323 2559 1389 13:
2606 1320 2719 1388 Ad

1157 1448 1427 1528 tempus
1464 1437 1773 1514 eredunt,
1819 1447 1882 1503 et
1934 1437 2335 1523 intempore
2398 1428 2714 1496 tentatio-

800 1547 1266 1635 vennpiewnis
1314 1544 1658 1612 recedunt.
1708 1542 1884 1611 Vera
1960 1539 2292 1631 sapientia
2340 1545 2441 1605 est
2489 1556 2714 1603 amare

792 1634 1131 1743 {ffjssssiffiffssss
1147 1653 1515 1742 justitiam,
1570 1661 1636 1718 et
1711 1650 1837 1740 ipsi
1925 1647 2262 1716 desiderio
2347 1643 2711 1712 adhaerere.

1155 1758 1320 1827 Haec
1348 1768 1452 1827 est
1484 1756 1599 1826 illa
1638 1757 1719 1824 de
1762 1778 1898 1846 qua
1929 1754 2196 1831 dicitur,
2263 1751 2567 1842 Sapient.
2618 1772 2711 1833 vx,

1161 1871 1241 1936 12
1288 1891 1305 1935 ε
1345 1867 1824 1957 Concupiscite
1858 1886 2201 1934 sermones
2237 1884 2443 1940 meos,
2495 1868 2561 1927 et
2589 1857 2718 1925 ad-

1155 1983 1390 2043 amate
1455 1974 1647 2042 illos,
1725 1973 1810 2040 Et
1895 1973 2095 2051 infra,
2184 1979 2248 2048 5.
2321 1970 2399 2036 21
2444 1991 2459 2036 ε
2537 1967 2717 2035 Con-

1152 2085 1578 2176 cupiscentia
1659 2082 2017 2175 sapienties·
2100 2079 2376 2147 deducit
2439 2075 2536 2144 ad
2610 2097 2719 2142 re-

1151 2213 1373 2282 qnum
1394 2199 1833 2282 perpetuum.
1869 2187 2071 2256 Hunc
2101 2207 2409 2255 amorem
2464 2183 2719 2251 habent

1155 2298 1240 2366 ad
1278 2321 1515 2366 veram
1547 2299 1983 2388 sapientiam,
2036 2295 2153 2386 qui
2229 2289 2502 2383 perfecti
2533 2296 2713 2369 sunt,

1156 2403 1276 2473 sed
1310 2403 1681 2496 aliquando
1712 2425 1999 2492 corpore
2037 2406 2474 2492 aggravante,
2509 2396 2717 2486 aliqui

1159 2511 1616 2590 retardantur,
1653 2511 1951 2578 maxime
1982 2506 2381 2600 imperfecti.
2410 2504 2713 2596 Sapient.

1159 2643 1256 2701 ix,
1304 2622 1386 2687 15
1448 2641 1465 2688 z
1525 2620 1791 2711 Corpus
1835 2615 2029 2709 quod
2078 2615 2551 2706 corrumpitur
2601 2633 2720 2701 aq·

1153 2736 1408 2817 qravat
1455 2727 1793 2803 animam,
1864 2733 1928 2790 et
1985 2732 2252 2789 terrena
2309 2717 2719 2787 inhabitatio

1159 2833 1489 2924 deprimit
1524 2854 1799 2900 sensum
1859 2829 2090 2898 multa
2129 2829 2568 2917 coqitantem.
2638 2824 2722 2892 Et

1160 2964 1343 3010 nunc
1392 2941 1579 3032 quod
1642 2939 1879 3009 vident
1925 2961 2073 3007 esse
2120 2935 2408 3015 bonum,
2471 2933 2725 3003 scilicet

1158 3070 1435 3137 semper
1462 3047 1748 3137 justitiae
1778 3044 2117 3114 desiderio
2148 3040 2499 3122 inhaerere,
2565 3062 2725 3109 con-

1162 3156 1525 3247 cupiscunt
1593 3177 1611 3222 :
1673 3160 1741 3223 et
1814 3152 1962 3223 haec
2028 3151 2176 3244 ipsa
2227 3149 2725 3242 perseverantia

1163 3265 1742 3355 concupiscentiae
1784 3269 1886 3331 est
1941 3284 1980 3330 a
2028 3262 2250 3352 gratia
2294 3266 2564 3350 gratum
2621 3255 2725 3324 Ia-

1164 3374 1413 3453 ciente,
1445 3369 1618 3440 nihil
1651 3369 1835 3439 aliud
1866 3370 2040 3438 forte
2100 3389 2307 3459 quam
2338 3366 2485 3458 ipsa
2512 3365 2725 3433 virtus

1164 3480 1713 3571 perseverantia».
1756 3474 2151 3568 Aliquando
2181 3475 2391 3543 etiam
2429 3474 2725 3542 existens

1166 3591 1237 3658 in
1300 3586 1575 3657 mortali
1607 3585 1741 3655 hoc
1764 3585 2030 3654 bonum
2060 3583 2438 3676 cognoscit,
2469 3588 2537 3651 et
2554 3602 2726 3674 quo·

1168 3697 1332 3765 dam
1371 3693 1665 3766 naturali
1707 3694 2036 3762 instinctu
2075 3690 2207 3761 hoc
2235 3691 2491 3782 appetit
2523 3711 2539 3757 ε
2608 3688 2728 3758 sed

1168 3803 1369 3896 culpa
1413 3825 1781 3895 oppressus
1838 3798 2244 3893 languescit,
2294 3800 2469 3867 sicut
2525 3795 2731 3865 Bala-

1170 3936 1310 3992 am,
1345 3911 1464 4004 qui
1494 3910 1786 3994 dicebat,
1821 3909 2110 3978 Numer.
2154 3929 2348 3988 xxm,
2413 3907 2493 3975 10
2537 3928 2553 3973 :
2586 3907 2733 3974 Mo·

1171 4022 1402 4089 riatur
1456 4020 1696 4088 anima
1743 4042 1896 4087 mea
1953 4026 2171 4086 morte
2211 4014 2597 4106 justorum.
2649 4012 2734 4081 Et

1172 4151 1431 4212 rursus,
1476 4127 1755 4207 ibidem,
1804 4148 1997 4212 xxiv,
2061 4127 2142 4194 16
2194 4148 2211 4192 :
2264 4123 2470 4194 Dia-it
2524 4122 2733 4190 audi-

1173 4247 1282 4304 tor
1345 4256 1744 4304 sermonum
1786 4234 2032 4312 Dei,...
2066 4231 2192 4324 qui
2243 4229 2491 4299 cadens
2540 4251 2736 4320 aper·

1175 4353 1277 4411 tos
1303 4342 1515 4414 habet
1543 4339 1802 4410 oculos.
1839 4339 2076 4408 Primo
2137 4360 2301 4430 ergo
2358 4334 2731 4406 secundum

1173 4450 1361 4544 quod
1418 4448 1599 4519 trahi
1675 4454 1899 4541 potest
1955 4470 2042 4517 ex
2098 4444 2372 4531 Glossa,
2421 4451 2524 4513 est
2576 4465 2732 4512 cum

1173 4557 1476 4649 quodam
1525 4554 1858 4647 languore
1896 4552 2402 4643 concupiscere,
2462 4551 2579 4644 qui
2634 4557 2738 4618 est

1173 4663 1531 4733 existentis
1562 4662 1631 4730 in
1663 4659 1962 4731 mortali.
2006 4659 2458 4729 Postmodum
2488 4659 2561 4728 in
2587 4680 2740 4751 gra·

1175 4772 1265 4842 du
1311 4770 1641 4851 secunde,
1673 4792 1814 4840 non
1846 4770 1991 4860 jam
2024 4768 2249 4860 ipsum
2297 4765 2731 4843 desiderium.

1174 4880 1293 4950 sed
1360 4878 1956 4949 continuationem
1996 4875 2252 4945 amoris
2299 4880 2366 4943 et
2424 4871 2737 4943 desiderii

1176 4997 1525 5082 appetere,
1577 4987 1763 5080 quod
1792 4994 1895 5056 est
1951 4988 2022 5055 in
2087 4987 2304 5078 gratia
2360 4983 2736 5063 existentis,

1177 5100 1295 5169 sed
1353 5095 1757 5190 imperfecti.
1817 5095 2074 5175 Tertio,
2140 5096 2460 5164 continue
2519 5091 2736 5161 adhae·

1180 5207 1392 5277 rendo
1422 5204 1773 5284 delectari,
1815 5201 2004 5295 quod
2032 5210 2135 5270 est
2183 5200 2483 5292 perfecti,
2527 5209 2602 5269 ut
2629 5198 2740 5268 di-

1178 5324 1289 5385 cat
1309 5316 1457 5406 jam
1487 5312 1661 5383 illud
1687 5311 1849 5391 Job,
1888 5333 1989 5393 vi,
2027 5310 2067 5378 Ἰ
2102 5330 2118 5377 :
2168 5310 2335 5394 Quae
2363 5310 2569 5403 prius
2614 5332 2743 5377 ηο-

1182 5421 1367 5492 lebat
1394 5432 1679 5513 tanqerc
1706 5421 1949 5488 anima
1987 5440 2165 5500 mea,
2210 5441 2391 5486 nunc
2421 5440 2569 5509 prae
2622 5439 2745 5485 an·

1174 5533 1441 5625 quatio,
1479 5553 1693 5622 quam
1744 5528 1968 5599 habeo
2015 5525 2102 5595 de
2153 5526 2356 5595 malis
2400 5548 2554 5620 quoe
2592 5548 2745 5617 ges-

1178 5642 1263 5720 si,
1294 5636 1434 5709 cibi
1470 5637 1607 5705 mei
1624 5644 1813 5705 sunt.
1906 5674 1909 5677 ·

2779 5652 2782 5653 ’
2909 5630 3324 5701 Βεοὶὶιιαωι·

4232 374 4355 443 231

2914 592 2947 632 «
2990 566 3366 656 Increpasti
3391 561 3735 654 superbos.
3773 583 3806 622 ιι
3838 554 3968 622 Hic
3987 545 4364 618 secundum

2820 675 3026 741 totius
3066 673 3302 763 primae
3332 670 3543 760 partis
3571 666 3774 755 hujus
3831 656 4186 730 octonarii.
4244 651 4369 717 Pe-

2823 786 2958 850 titis
2985 782 3166 850 enim
3216 779 3534 847 remediis
3589 784 3825 844 contra
3870 771 4115 838 vitium
4183 759 4371 829 caeci-

2822 892 2998 969 tatis,
3030 890 3113 977 fet
3169 888 3411 965 exsilii,
3475 885 3586 953 hic
3650 881 3947 951 ostendit
3993 873 4171 943 unde
4223 867 4373 935 illas

2823 997 3126 1063 miserias
3185 996 3256 1061 in
3299 1017 3370 1061 se
3415 991 3757 1070 habuerit,
3818 986 3979 1076 quia
4029 1005 4068 1048 a
4132 975 4372 1068 primis

2823 1103 3214 1192 parentibus
3235 1098 3696 1192 peccantibuS,
3733 1103 3798 1163 et
3818 1116 3857 1160 a
3885 1092 4028 1158 Deo
4060 1107 4217 1155 cum
4248 1102 4374 1149 sua

2823 1207 3212 1298 posteritate
3259 1206 3518 1296 punitis
3553 1225 3567 1269 :
3646 1208 3712 1269 et
3812 1198 4129 1264 dicuntur
4206 1188 4369 1255 due.

2825 1315 3080 1393 Primo,
3150 1314 3531 1404 primorum
3597 1314 3956 1399 parentum
3997 1295 4373 1387 increpatio

2824 1444 3025 1512 super
3078 1427 3353 1510 peccato
3401 1414 3763 1506 superbiae.
3828 1406 4174 1484 Secundo,
4210 1401 4376 1469 illo-

2824 1552 2974 1596 rum
3031 1536 3097 1595 et
3145 1526 3457 1594 omnium
3499 1521 3630 1589 illis
3680 1518 4011 1586 similium
4073 1510 4371 1603 punitio,

2827 1636 2943 1713 ibi,
2981 1660 3014 1700 ι
3070 1632 3435 1702 Maledicti
3488 1630 3611 1720 qui
3651 1625 4026 1694 declinant.
4067 1645 4100 1685 ιι

2912 1744 3086 1810 Dicit
3124 1762 3287 1831 ergo
3324 1761 3339 1806 :
3378 1737 3521 1816 Sic,
3554 1734 3874 1814 Domine,
3908 1730 4098 1821 petii,
4146 1735 4222 1793 ut
4280 1724 4376 1790 is-

2825 1852 2908 1918 tis
2946 1849 3233 1917 miseriis
3283 1843 3583 1915 remedia
3612 1861 3941 1932 apponas,
3994 1856 4165 1926 quas
4214 1853 4375 1899 con-

2824 1961 3020 2037 traxi,
3064 1959 3227 2049 quia
3293 1979 3327 2020 α
3363 1951 3757 2042 increpasti,
3794 1957 3920 2017 etc.
3960 1970 3993 2012 s
4044 1942 4167 2010 Vel
4219 1940 4318 2007 sic
4351 1958 4368 2002 ε

2825 2066 3194 2157 Concupivi
3226 2061 3610 2132 desiderare
3639 2055 4163 2148 justificationes
4193 2058 4371 2126 tuas,

2823 2197 2972 2266 quae
3003 2173 3248 2242 docent
3275 2191 3555 2238 omnem
3622 2164 4079 2232 humilitatem
4125 2180 4142 2226 z
4215 2156 4378 2247 quia

2827 2309 2860 2349 ιι
2895 2280 3280 2372 increpasti,
3327 2303 3361 2340 ιι
3404 2298 3600 2344 suam
3629 2268 4104 2358 miseriam⁴eis
4141 2272 4380 2333 osten-

2824 2389 3069 2466 dendo,
3141 2416 3170 2450 ιι
3222 2383 3573 2477 super-bose,
3611 2407 3645 2446 ιι
3697 2400 3937 2447 omnes
3992 2398 4115 2465 per
4188 2370 4377 2439 illam

2827 2495 3271 2586 Scripturam‚
3305 2489 3512 2559 Eccli.
3547 2510 3617 2566 x,
3660 2490 3701 2554 9
3739 2510 3755 2553 ε
3793 2483 3983 2571 Quid
4039 2476 4373 2572 superbit,

2824 2614 3006 2671 terra
3042 2611 3106 2669 et
3132 2601 3305 2668 cinis
3337 2595 3380 2665 ?
3417 2596 3505 2666 Et
3563 2595 3864 2664 maxime
3912 2590 4069 2659 illos
4117 2587 4378 2679 primos

2825 2717 3159 2800 parenteS,
3194 2707 3309 2798 qui
3350 2713 3428 2773 ut
3475 2711 3701 2773 essent
3749 2700 3877 2769 diis
3907 2696 4190 2778 similes,
4256 2715 4384 2785 ap-

2826 2818 3184 2909 petierunt.
3221 2815 3470 2883 Genes.
3527 2835 3625 2894 111,
3667 2813 3749 2880 9:
3784 2809 4039 2885 Adam,
4066 2804 4187 2873 ubi
4232 2826 4301 2871 es
4342 2800 4385 2869 ?

2827 2924 3031 3005 Quasi
3058 2924 3359 2993 diceret:
3393 2917 3690 2989 Attende
3720 2941 3760 2986 a
3789 2923 4046 3009 quanta
4083 2912 4385 3004 dignita-

2827 3043 2890 3103 te
2923 3033 3008 3101 ad
3064 3041 3393 3124 quantam
3451 3027 3785 3098 devenisti
3833 3024 4207 3093 miseriam.
4271 3020 4387 3086 Je-

2829 3164 3000 3212 rem.
3035 3162 3107 3219 11,
3152 3141 3239 3207 23
3273 3161 3290 3207 ε
3350 3137 3515 3207 Vide
3547 3137 3699 3204 vias
3727 3144 3886 3203 tuas
3919 3133 3991 3201 in
4041 3127 4380 3206 convalle,

2824 3251 2990 3317 scito
3018 3247 3195 3339 quid
3242 3246 3511 3335 leceris.
3572 3241 3875 3322 Nahum,
3946 3264 3994 3320 ι,
4028 3238 4069 3305 4
4104 3260 4120 3305 :
4154 3238 4388 3305 Incre-

2821 3380 3000 3449 pans
3063 3377 3277 3433 mare,
3347 3375 3467 3422 cor
3532 3350 3792 3420 scilicet
3862 3346 4264 3439 peccatoris,
4324 3352 4390 3410 et

2829 3464 3170 3532 etsiccans
3197 3458 3411 3539 illud,
3454 3458 3539 3527 ab
3570 3456 3864 3526 humore
3893 3455 4159 3546 gratia).

2920 3717 2954 3758 α
2987 3690 3371 3761 Maledicti.
3422 3714 3456 3755 ι
3499 3687 3671 3757 Ecce
3708 3684 4113 3756 secundum.
4172 3680 4386 3762 Quasi

2831 3801 3129 3869 diceret:
3184 3797 3299 3867 Sic
3330 3796 3718 3889 increpasti,
3750 3802 3820 3864 et
3874 3795 4083 3864 etiam
4116 3817 4151 3858 ι
4227 3792 4391 3858 ma-

2836 3908 3090 3991 ledicti,
3119 3934 3152 3971 ιι
3183 3905 3453 3999 supple,
3486 3912 3649 3974 sunt
3677 3927 3694 3972 ε
3740 3913 3809 3973 et
3835 3901 3996 3971 huic
4034 3899 4221 3970 malo
4250 3921 4391 3992 poe·

2833 4038 2937 4085 nae
2973 4014 3245 4094 addicti,
3275 4034 3420 4082 non
3448 4011 3673 4082 solum
3716 4010 3840 4094 illi,
3874 4010 3992 4080 sed
4017 4036 4052 4077 ι
4074 4010 4224 4102 qui,
4260 4036 4295 4072 ιι
4323 4004 4391 4074 id

2834 4130 2959 4204 est,
2982 4125 3395 4215 quicumque
3419 4147 3454 4188 ι
3479 4120 3856 4201 declinant,
3880 4146 3914 4182 ιι
3947 4120 4157 4188 etiam
4178 4138 4388 4200 nunc,

2841 4261 2873 4295 t(
2906 4255 2950 4301 a
2987 4231 3337 4299 mandatis
3366 4230 3532 4301 tuis.
3576 4254 3612 4295 ι
3642 4227 3799 4297 Non
3827 4227 4017 4306 dicit,
4070 4227 4188 4319 qui
4244 4245 4389 4293 non

2834 4339 3086 4408 faciunt
3107 4336 3427 4406 mandata
3460 4358 3479 4405 :
3513 4335 3709 4406 multi
3727 4336 3912 4405 enim
3941 4356 4082 4405 non
4108 4333 4391 4414 faciunt,

2835 4448 2993 4540 quia
3023 4449 3364 4537 ignorant,
3395 4443 3508 4515 vel
3535 4444 3698 4536 quia
3748 4443 4146 4512 infirmitate
4183 4450 4395 4512 retra·

2835 4554 3091 4624 huntur
3124 4575 3141 4621 2
3177 4550 3322 4633 sed,
3354 4580 3387 4614 ιι
3407 4550 3537 4643 qui
3561 4547 3938 4630 declinant,
3974 4577 4008 4613 ιι
4032 4571 4192 4619 cum
4237 4571 4397 4641 pos-

2835 4667 3019 4741 sunt,
3075 4679 3200 4728 nec
3261 4656 3545 4736 faciunt,
3620 4654 3741 4725 sed
3795 4677 3883 4724 ex
3942 4652 4264 4747 superbia
4318 4676 4393 4724 se

2836 4774 3176 4838 avertunt.
3209 4766 3540 4836 Proverb.
3575 4787 3812 4845 xxvm,
3855 4766 3897 4835 9
3931 4784 3951 4837 ε
4004 4763 4146 4851 θαι·
4171 4763 4394 4832 decti-

2836 4889 2959 4947 nat
2997 4900 3203 4947 aures
3236 4899 3404 4946 suas
3431 4899 3518 4945 ue
3541 4876 3793 4946 audiat
3867 4874 4109 4967 quem,
4168 4876 4395 4943 oratio

2836 4985 2994 5076 ejus
3063 4986 3194 5053 erit
3249 4982 3711 5053 exsecrabilis.
3791 4981 3974 5051 Psal.
4042 5002 4274 5062 cxxiv,
4326 4985 4394 5065 5,

2838 5093 3009 5162 infra
3044 5113 3061 5161 ε
3130 5093 3570 5162 Declinantes
3632 5101 3866 5161 autem
3940 5092 4013 5160 in
4119 5089 4400 5182 obliqu-

2838 5200 3076 5279 tae'ones,
3126 5196 3421 5266 adducet
3484 5196 3825 5266 Dominus
3889 5216 4046 5265 cum
4102 5217 4402 5288 operan-

2839 5305 3023 5375 tibus
3103 5295 3570 5396 iniquitatem,
3627 5301 3763 5372 hoc
3829 5308 3949 5371 est
3997 5322 4162 5372 cum
4251 5300 4403 5371 ‹1ae-

2840 5411 3183 5493 monibus,
3236 5412 3354 5504 qui
3426 5410 3702 5502 proprie
3732 5409 4028 5501 operarii
4066 5415 4231 5477 sunt
4264 5407 4403 5477 ini-

2838 5522 3139 5615 quitatis.
4028 5570 4052 5576 .,

3399 5636 3644 5699 autem
3729 5626 3918 5698 male
4015 5627 4401 5699 omittendo

2841 5739 3026 5837 quod
3057 5738 3244 5808 Deus
3296 5738 3629 5831 praecipit,
3689 5735 3811 5805 sed
3882 5738 4079 5828 pejus
4127 5742 4400 5806 contra·
