5008 6329
710 265 831 330 106

698 435 1051 523 silebimur
1092 440 1243 518 libi,
1292 443 1504 515 DeuS,
1546 439 2031 526 confitebimur
2071 449 2133 507 et
2165 441 2266 506 in-

702 542 1092 610 vocabimus
1123 554 1184 609 e!
1215 565 1459 609 nomen
1493 552 1718 609 tuum.

802 681 830 716 a
857 657 952 720 Et
976 656 1389 744 qloriemur.
1434 683 1465 715 »
1503 652 1715 732 Quasi
1746 655 1997 725 diceret
2033 680 2048 724 :
2103 657 2259 724 Non

700 771 963 828 tantum
1013 761 1492 841 conliteamur,
1545 763 1679 833 hoc
1756 768 1939 833 enim
2013 790 2256 858 parum

700 879 895 943 esset,
926 869 1063 934 imo
1111 896 1139 931 (ι
1170 880 1233 936 e!
1260 871 1650 959 qloriemur
1677 876 1749 941 in
1799 874 2008 941 laude
2036 885 2180 950 tua,
2219 902 2251 936 »

699 975 947 1041 nonin
1006 973 1312 1044 humana
1369 981 1704 1068 potentia,
1758 981 1920 1048 dicit
1985 980 2251 1047 Glossa.

1712 268 1794 334 D.
1848 269 2046 334 ALB.
2104 269 2320 336 MAG.

2373 269 2580 338 ORD.
2636 273 2928 339 PRAED.

2373 442 2621 510 iterum
2660 443 2899 510 videns
2951 443 3373 532 implendum
3431 443 3616 535 quod
3665 441 3910 532 petiit:

2374 556 2440 615 et
2500 548 2819 616 dicuntur
2850 548 3009 615 du0.
3075 549 3334 630 Primo,
3394 550 3731 618 benedicit
3798 569 3913 636 op·

2372 657 2579 724 tando
2612 657 2795 747 quod
2826 667 3147 747 perpetuo
3179 661 3265 726 sit
3323 659 3737 726 benedictus,
3784 653 3917 721 Se-

2371 766 2618 846 cunde,
2663 767 2963 855 praedicit
3025 767 3205 855 quod
3240 768 3333 832 sic
3376 768 3511 844 liet,
3575 766 3691 842 ibi,
3754 789 3786 827 α
3822 765 3915 828 Et

2372 874 2548 940 dicet
2576 876 2798 942 omnis
2828 873 3158 964 populuS.
3208 901 3240 936 »

2459 981 2637 1049 Dicit
2693 1003 2887 1072 ergo:
2945 981 3056 1048 Sic
3111 981 3271 1070 petii
3347 979 3793 1047 salvationem
3847 983 3915 1043 et

396 1110 631 1155 nummu.
705 1080 1045 1149 Debemus
1095 1094 1326 1153 autem
1377 1087 1602 1154 Deum
1661 1087 1966 1166 laudare,
2003 1096 2070 1155 et
2099 1109 2257 1154 con·
2367 1086 2839 1158 liberationem
2898 1088 2982 1156 ad
3029 1087 3478 1155 laudandum:
3525 1095 3590 1155 et
3639 1085 3912 1152 interim

418 1162 612 1208 laudare

353 1215 673 1262 noumtman.
703 1190 873 1258 sileri
939 1191 1270 1263 laetanter.
1325 1195 1456 1264 lsa.
1512 1219 1598 1275 ιι,
1639 1197 1722 1264 3:
1798 1196 2152 1264 Gaudium
2191 1205 2257 1261 et
2368 1194 2560 1262 dico:
2597 1197 3082 1278 «Benedictus,
3109 1194 3565 1284 »supple‚sit‚
3613 1192 3902 1260 «Domi-

369 1275 458 1323 tor,
486 1271 644 1315 aut-vl·

352 1330 441 1375 ter,
482 1324 670 1381 sapian-

374 1382 449 1422 tor
472 1385 524 1421 ot
552 1377 649 1429 eto·

416 1430 613 1479 rianter.

701 1299 942 1368 laetitia
973 1304 1359 1370 invenietur
1384 1307 1453 1371 in
1486 1326 1590 1387 ea,
1618 1306 2016 1393 q›·aliar21m
2075 1305 2249 1371 actio

696 1418 759 1475 el
789 1432 920 1475 coa·
954 1409 1212 1476 laudis.
1269 1411 1619 1479 Debemus
1668 1414 1872 1480 etiam
1922 1414 2244 1489 suaviter,
2322 1497 2328 1504 ι

695 1525 768 1582 ut
835 1519 1215 1585 sentiamus
1277 1518 1711 1588 dulcedinem
1770 1522 1838 1588 in
1903 1521 2103 1589 laude
2143 1520 2250 1588 la-

691 1632 972 1704 tentem,
1009 1633 1075 1690 et
1113 1649 1520 1716 saperemus
1552 1652 1730 1696 eam.
1779 1629 1961 1696 Psal.
2004 1652 2241 1709 xxxm,

691 1730 730 1796 9
767 1751 780 1795 ε
832 1731 1140 1810 Guslale,
1178 1742 1241 1799 ct
1273 1733 1492 1801 videte
1520 1737 1850 1826 quoniam
1889 1739 2123 1804 suavis
2150 1747 2247 1805 est

687 1840 1051 1907 Dominus.
1118 1840 1233 1908 Sic
1301 1842 1659 1932 psallimus
1700 1845 2044 1935 sapienter
2087 1869 2243 1914 cum

690 1966 954 2034 sapore.
1001 1944 1186 2012 l'sal.
1227 1969 1409 2026 xtvt,
1455 1950 1494 2016 'a'
1527 1957 1594 2018 et
1624 1951 1708 2018 8:
1753 1952 2055 2019 Psallite
2100 1955 2245 2043 reqi

685 2061 936 2127 nostro,
975 2053 1290 2143 psallite.
1331 2057 1679 2140 Quoniam
1709 2082 1833 2126 rea:
1860 2062 2081 2126 omnis
2101 2071 2242 2128 ler-

688 2181 778 2225 rae·
807 2162 1018 2237 Deus,
1047 2161 1344 2251 psallite
1369 2166 1742 2255 sapienter.
1781 2165 1853 2234 Si
1885 2177 2241 2256 gustamus

688 2274 752 2332 et
808 2289 1241 2356 superamus,
1293 2269 1566 2339 dulcem
1614 2294 1773 2340 eum
1825 2274 2237 2343 invenimus.

685 2374 765 2442 Et
799 2375 1247 2445 Cassiodorus
1288 2380 1495 2448 dicit:
1556 2408 1590 2447 α
1624 2380 1897 2461 Quanto
1949 2385 2060 2452 ille
2113 2408 2243 2454 no-

687 2509 718 2546 «
763 2483 866 2550 bis
905 2483 1257 2564 dulcescit,
1290 2497 1483 2556 tanto
1535 2489 1631 2556 illi
1691 2491 2027 2560 efficimur
2072 2492 2240 2562 cha-

685 2615 716 2652 «
764 2589 997 2658 riores.
1045 2623 1075 2652 »ι
1173 2593 1269 2660 Hx
1356 2604 1505 2662 toto
1579 2597 1784 2665 corde
1877 2598 2240 2690 diligamus

681 2697 926 2774 Deum,
964 2708 1037 2766 ut
1064 2725 1144 2768 ex
1181 2711 1326 2770 toto
1367 2704 1572 2771 corde
1601 2704 1687 2772 ab
1720 2729 1803 2774 eo
1846 2707 2234 2798 diligamur.

2364 1324 2495 1368 nus
2524 1306 2710 1369 Deus
2752 1304 2992 1380 Israel,
3029 1332 3059 1363 υ
3134 1325 3270 1369 non
3324 1300 3408 1367 ad
3454 1310 3747 1388 tempus,
3791 1294 3909 1363 sed

2379 1437 2407 1470 «
2448 1433 2488 1476 a
2517 1408 2791 1488 saeculo,
2829 1435 2861 1471 n
2906 1409 2969 1475 id
3012 1419 3134 1491 est,
3171 1408 3253 1475 ab
3285 1416 3562 1483 aeterno,
3622 1431 3656 1470 α
3699 1414 3763 1471 et
3794 1426 3914 1470 us-

2362 1541 2492 1605 que
2524 1518 2591 1583 in
2620 1518 2970 1595 saeculum,
3010 1543 3041 1582 »
3077 1515 3205 1583 hoc
3229 1524 3351 1593 est,
3377 1535 3592 1605 usque
3614 1515 3682 1579 in
3715 1521 3909 1579 aeter-

2361 1648 2552 1691 num.
2598 1623 2803 1703 Quasi
2848 1625 3143 1692 diceret:
3183 1623 3370 1691 Sicut
3401 1624 3544 1712 ejus
3623 1617 3912 1688 benedi-

2361 1734 2495 1801 ctio
2529 1742 2596 1801 et
2634 1733 2986 1801 beatitudo
3026 1757 3164 1800 non
3195 1732 3434 1799 habuit
3463 1729 3904 1820 principium,

2359 1843 2454 1907 sic
2484 1849 2710 1908 careat
2749 1849 2813 1909 et
2846 1842 2997 1908 fine.
3046 1841 3071 1906 1
3105 1839 3399 1928 Paralip.
3434 1861 3575 1920 xvi,
3620 1837 3703 1903 36
3732 1858 3746 1901 :
3781 1836 3909 1902 Bc-

2355 1948 2664 2016 nedictus
2697 1951 3037 2016 Dominus
3066 1950 3250 2014 Deus
3280 1945 3499 2013 Israel
3542 1941 3630 2011 ab
3658 1953 3907 2010 aeterno

2359 2079 2570 2148 usque
2599 2058 2668 2123 in
2715 2067 3066 2124 aeternum.
3130 2054 3330 2123 Eccli.
3384 2075 3471 2133 m,
3538 2053 3614 2119 15
3645 2074 3660 2117 :
3711 2052 3907 2117 Lau-

2356 2163 2533 2230 dabo
2563 2186 2803 2231 nomen
2834 2173 3028 2230 tuum
3062 2163 3356 2242 assidue,
3390 2172 3453 2228 et
3480 2154 3901 2227 collaudabo

2355 2272 2547 2339 illud
2574 2274 2644 2340 in
2682 2274 3119 2362 consessione.

2447 2409 2478 2442 «
2513 2383 2608 2448 Et
2645 2381 2843 2447 dicet.
2875 2408 2903 2442 n
2975 2379 3181 2460 Quasi
3231 2379 3480 2446 diceret
3515 2399 3528 2442 :
3594 2374 3709 2442 Sic
3750 2372 3897 2439 lau-

2354 2486 2578 2555 dando
2610 2499 2674 2556 et
2705 2487 3161 2556 benedicendo
3195 2486 3379 2576 petii,
3415 2494 3478 2551 et
3509 2484 3606 2550 sic
3648 2481 3783 2558 liet,
3829 2486 3895 2547 et

2354 2606 2453 2663 est
2491 2617 2506 2661 :
2554 2621 2587 2658 α
2630 2597 2723 2662 Et
2753 2596 2925 2661 dicct
2954 2596 3173 2661 omnis
3196 2592 3526 2684 populus,
3576 2616 3608 2654 »
3643 2613 3683 2656 a
3726 2598 3787 2655 te
3819 2585 3897 2653 li·

2353 2701 2627 2768 bet-atus
2657 2708 2724 2771 et
2756 2702 3054 2770 salvatus
3090 2724 3103 2767 :
3137 2731 3169 2764 α
3205 2703 3399 2769 Fial!
3415 2701 3577 2787 fiat!
3598 2728 3629 2758 ι»
3667 2694 3894 2763 Unum

682 2803 1031 2873 Debemus
1072 2809 1278 2875 etiam
1313 2809 1593 2879 laudare
1631 2810 2031 2902 glorianter,
2066 2816 2239 2883 sicut
2350 2812 2481 2897 fia!
2523 2818 2712 2878 notat
2741 2811 2809 2876 in
2849 2809 3164 2877 laudante
3200 2808 3449 2899 populo
3482 2806 3888 2876 libertatem,

680 2911 788 2980 hic
845 2913 1117 2986 dicitur.
1191 2917 1679 3008 Augustinus:
1755 2949 1787 2983 «
1834 2919 2082 2989 Suavis
2138 2932 2234 2991 est

684 3047 718 3088 ι
757 3021 899 3092 Deo
941 3034 1179 3095 nostra
1209 3026 1544 3110 laudatio,
1578 3031 1633 3098 si
1675 3052 1803 3100 nos
1831 3032 1902 3100 in
1940 3032 2236 3101 Domino

684 3155 716 3196 ι
750 3127 1157 3222 gloriamur.
1195 3158 1230 3201 ι

776 3474 808 3514 «
854 3450 1264 3520 Benediclus
1295 3454 1662 3523 Dominus.
1714 3484 1745 3516 n
1779 3455 1906 3525 liic
1936 3460 2237 3537 tertium,

685 3558 753 3626 in
793 3581 930 3650 quo
989 3558 1341 3650 Propheta
1397 3566 1785 3655 prorumpit
1827 3566 1896 3634 in
1938 3564 2237 3647 laudem,

2355 2916 2642 2984 alterum
2665 2916 3060 3007 replicatum
3092 2924 3280 2983 notat
3299 2914 3769 2982 aeternitatem.
3797 2907 3901 2974 Li·

2357 3024 2516 3093 bere
2546 3025 2729 3093 enim
2761 3033 2824 3092 et
2854 3021 3416 3092 aeternelaudabit
3442 3023 3667 3089 omnis
3689 3042 3904 3112 popu-

2355 3132 2463 3201 lus
2491 3155 2681 3212 suus,
2722 3141 2789 3201 et
2817 3131 2905 3201 ob
2944 3132 3075 3201 hoc
3105 3131 3366 3200 beatus.
3410 3128 3591 3198 Psal.
3637 3153 3895 3212 Lxxxn,

2357 3244 2423 3319 5,
2492 3263 2735 3332 supra:
2806 3242 3009 3310 Beati
3060 3242 3184 3332 qui
3234 3238 3554 3306 habitant
3582 3240 3653 3307 in
3696 3240 3901 3310 domo

2357 3360 2506 3423 tua.
2540 3349 2832 3415 Domine
2862 3372 2884 3416 .·
2916 3350 2986 3415 in
3013 3348 3267 3415 saecula
3284 3347 3695 3416 soeculorum
3735 3347 3809 3415 la
3824 3371 3904 3414 u—

2356 3454 2624 3523 clabun!
2652 3465 2758 3524 le:
2812 3456 2894 3524 de
2935 3479 3229 3548 quorum
3286 3477 3574 3523 numero
3633 3477 3760 3523 nos
3789 3455 3900 3522 fa-

2354 3568 2511 3644 ciat,
2546 3567 2661 3657 qui
2698 3575 2798 3635 est
2827 3567 3220 3635 benedictus
3238 3589 3357 3657 per
3386 3566 3645 3648 omnia,
3681 3573 3806 3635 etc.

1939 4148 2405 4225 PSALMUS
2456 4151 2650 4222 cvl.

681 4495 1124 4571 Laudandus
1174 4467 1366 4571 Deus
1410 4499 1538 4592 qui
1580 4520 1750 4571 suos
1790 4498 1993 4571 bonis
2038 4502 2380 4580 cumulat,
2423 4515 2490 4574 et
2528 4526 2606 4575 se
2654 4504 3054 4575 invocantes
3107 4527 3152 4573 a
3194 4505 3550 4596 periculis
3596 4505 3888 4578 liberat.

898 4844 1242 4916 Alleluia.
1307 4843 1620 4932 (ludim,
1671 4868 1821 4934 xm,
1869 4850 2007 4938 αι).

732 4976 791 5022 ι.
828 4948 1301 5024 confitemini
1339 4952 1687 5035 Domino,
1726 4954 2075 5046 quoniam
2105 4951 2241 5024 bo-

944 5084 1111 5141 nus,
1157 5060 1512 5154 quoniam
1540 5061 1609 5132 in
1645 5064 1993 5133 saeculum
2018 5061 2236 5133 mise-

944 5168 1261 5240 ricordia
1309 5169 1497 5260 ejus.

721 5296 789 5345 2.
847 5273 1107 5346 Dicant
1149 5275 1278 5369 qui
1322 5274 1681 5368 redempti
1713 5293 1884 5346 sunt
1919 5299 1958 5348 a
1991 5274 2238 5347 Domi-

942 5423 1064 5480 no,
1100 5423 1292 5493 quos
1344 5400 1653 5471 redemit
1702 5400 1793 5471 de
1840 5422 2060 5471 manu
2102 5400 2234 5471 ini·

935 5508 1136 5593 mici,
1181 5526 1252 5579 et
1300 5509 1392 5579 de
1455 5507 1876 5602 regionibus
1924 5530 2232 5602 congre-

940 5634 1134 5711 gavit
1175 5639 1330 5697 eos,

2395 4854 2462 4924 3.
2517 4859 2581 4924 A
2612 4852 2788 4924 solis
2826 4872 3017 4939 ortu,
3051 4873 3120 4926 et
3162 4876 3446 4941 occasu,
3477 4855 3570 4927 ab
3607 4856 3894 4948 aquilo-

2618 4985 2733 5047 ne,
2774 4980 2844 5033 et
2875 4963 3083 5034 mari.

2390 5091 2462 5157 4.
2521 5070 2960 5143 Erraverunt
3009 5071 3080 5143 in
3133 5071 3551 5149 solitudine,
3594 5071 3682 5143 in
3729 5071 3889 5143 ina-

2614 5199 2894 5271 queso:
2923 5180 3111 5251 viam
3151 5178 3460 5250 civitatis
3492 5178 3884 5252 habitaculi

2615 5309 2759 5388 n9n
2802 5287 3254 5358 invenerunt.

2393 5399 2460 5468 5.
2515 5394 2937 5467 Esurientes
2996 5411 3068 5465 et
3097 5391 3447 5474 sitientes,
3481 5395 3725 5469 anima
3761 5418 3878 5466 eo·

2614 5530 2774 5580 rum
2824 5507 2895 5578 in
2949 5503 3126 5597 ipsis
3164 5503 3445 5576 defecit.

2388 5619 2458 5689 6.
2509 5617 2599 5686 Et
2631 5616 3122 5686 clamaverunt
3150 5613 3239 5684 ad
3285 5612 3682 5686 Dominum
3717 5635 3884 5685 cum
