5008 6329
1957 197 2668 270 COMMENTARIUS
2717 197 2812 265 IN
2859 200 3291 272 PSALMUM
3342 202 3615 273 cxvn.

1182 372 1516 440 imitando
1567 370 1741 439 alios
1791 371 1878 439 ad
1924 371 2058 440 hoc
2105 374 2361 464 ipsum,
2407 366 2747 438 concludit

1184 487 1435 556 totum,
1501 479 1619 557 ibi,
1653 486 1717 555 ᾗ.
1764 481 1849 547 29
1896 502 1911 548 :
1955 505 1988 545 α
2029 478 2469 567 Confitemini
2503 476 2751 542 Domi-

1179 610 1290 651 uo.
1343 610 1375 650 D

1273 692 1349 759 In
1382 694 1604 783 prima
1635 696 1765 761 tria
1817 695 2164 763 dicuntur.
2210 692 2468 777 Primo,
2515 686 2749 753 indicit

1178 810 1247 869 et
1304 812 1543 871 monet
1611 812 1687 871 ut
1744 805 1925 871 diem
1987 801 2369 869 solemnem
2421 802 2740 863 statuant.

1185 910 1531 991 Secundo,
1599 913 1787 1004 quod
1840 908 2357 978 multitudinem
2425 925 2745 995 magnam

1181 1021 1251 1086 in
1293 1021 1410 1087 illa
1458 1021 1568 1088 die
1617 1025 2065 1110 congregent,
2128 1025 2196 1084 et
2250 1014 2638 1091 hominum,
2683 1019 2748 1078 et

1175 1130 1542 1213 virtutum,
1582 1127 2025 1195 othonorum
2055 1148 2373 1216 operum,
2417 1123 2535 1197 ibi,
2586 1145 2619 1186 ι
2661 1121 2742 1186 In

1178 1236 1555 1303 condensis,
1597 1259 1629 1298 ι)
1662 1234 1921 1312 Terti0,
1968 1233 2150 1324 quod
2192 1253 2406 1323 usque
2446 1229 2531 1297 ad
2569 1227 2742 1295 alta-

1177 1344 1269 1409 ris
1303 1350 1812 1436 sacramentum
1855 1342 2206 1420 accedant,
2252 1339 2368 1415 ibi,
2437 1364 2468 1397 «
2518 1336 2743 1425 Usque

1177 1450 1278 1518 ad
1305 1472 1519 1517 cornu
1550 1448 1828 1517 altariS.
1869 1475 1903 1515 x>

1269 1558 1385 1625 Ait
1416 1580 1581 1650 ergo
1619 1583 1635 1625 :
1675 1556 1791 1626 Sic
1820 1580 1942 1648 per
1981 1558 2208 1646 ipsum
2238 1553 2638 1628 Dominum,
2675 1558 2742 1617 et

1177 1691 1298 1760 per
1339 1668 1521 1758 ipsos
1572 1668 1926 1734 ministros
1980 1665 2285 1734 salvatus
2314 1685 2490 1740 sum,
2546 1668 2616 1729 et
2668 1660 2737 1726 in

1176 1776 1360 1843 bono
1391 1784 1840 1867 prosperatus
1871 1796 1889 1843 t
1928 1797 2120 1867 ergo,
2156 1798 2197 1843 o
2230 1796 2356 1842 vos
2386 1792 2624 1841 omnes
2652 1768 2734 1836 de

1173 1880 1503 1964 Ecclesia,
1541 1911 1573 1945 «
1607 1883 2006 1951 constituite
2043 1882 2225 1949 diem
2262 1879 2656 1956 solemnem,
2694 1902 2728 1939 n

1166 1988 1272 2058 vel
1350 1992 1791 2056 constitutam
1861 1989 2226 2067 custodite,
2316 1984 2731 2055 retrahentes

1166 2116 1292 2160 vos
1323 2092 1407 2160 ab
1441 2095 1630 2160 omni
1674 2115 1883 2183 opere
1924 2094 2310 2185 iniquitatis
2351 2099 2415 2158 et
2469 2087 2728 2179 cupidi-

1169 2201 1324 2268 tatis
1379 2224 1394 2268 :
1434 2200 1562 2269 lnoc
1594 2210 1693 2270 est
1727 2204 1913 2270 enim
1955 2202 2257 2293 primum
2299 2197 2482 2290 quod
2513 2196 2728 2286 exigi-

1164 2316 1296 2376 tur.
1348 2307 1604 2377 Jerem.
1658 2332 1829 2385 xvii,
1868 2311 1946 2376 21
1998 2332 2013 2377 :
2058 2307 2415 2379 Custodite
2458 2306 2728 2372 animos

1161 2427 1440 2495 vestras,
1522 2428 1585 2485 et
1632 2419 1854 2486 nolite
1889 2430 2180 2511 portare
2242 2438 2451 2484 onera
2507 2415 2575 2481 in
2618 2413 2728 2480 die

1155 2523 1457 2594 sabboti.
1514 2524 1589 2591 ln
1630 2526 1968 2616 spirituali
2021 2525 2256 2593 laetitia
2307 2534 2374 2592 ct
2424 2519 2727 2591 exsulta-

1160 2633 1371 2709 tione,
1427 2633 1610 2703 l‘sal.
1668 2657 1874 2714 cxxv,
1917 2636 1989 2702 11
2025 2655 2041 2702 t
2081 2634 2421 2725 Retiquiae
2455 2631 2724 2721 coqito-

1158 2741 1368 2807 tionis
1396 2739 1576 2806 diem
1607 2742 1870 2828 festum
1913 2751 2122 2831 oyen!
2147 2738 2301 2808 tibi.
2355 2737 2412 2806 ll
2467 2738 2718 2815 Esdrae,

1154 2869 1300 2929 vni,
1332 2851 1374 2913 9
1410 2855 1476 2913 et
1516 2848 1594 2913 10
1629 2869 1647 2916 t
1708 2849 1873 2916 Dies
1922 2849 2401 2937 sanctificatus
2444 2854 2542 2914 est
2588 2847 2723 2913 Do-

1159 2955 1345 3020 mino
1389 2955 1532 3021 Deo
1572 2966 1807 3022 nostro
1859 2979 1882 3023 .·
1927 2956 2146 3024 nolite
2196 2956 2456 3046 luqere,
2486 2963 2552 3022 et
2595 2975 2724 3021 no-

1154 3059 1275 3127 lite
1336 3062 1587 3146 llere...
1674 3063 1845 3152 quia
1900 3073 2182 3131 sanctus
2236 3061 2381 3130 dies
2445 3060 2723 3129 Domini

1151 3177 1272 3233 est.
1312 3167 1387 3234 ln
1449 3177 1772 3236 votorum
1823 3169 2170 3239 solutione
2221 3170 2347 3261 ipsi
2393 3169 2715 3246 Domino,

1158 3273 1361 3342 liceli.
1442 3298 1655 3354 xxxv,
1729 3279 1770 3342 0
1834 3299 1850 3344 :
1923 3279 2078 3346 Non
2147 3274 2511 3369 apparebis
2566 3283 2722 3342 onte

1155 3391 1584 3473 conspectum
1621 3385 1911 3451 Domini
1959 3408 2216 3453 vacuus
2274 3389 2317 3452 ¹.
2379 3384 2455 3452 ln
2523 3381 2718 3450 hilari

1147 3489 1745 3582 eleemosynarum
1780 3493 2168 3585 largitione,
2208 3492 2265 3560 ll
2291 3492 2545 3575 Esdrae,
2568 3514 2714 3569 vm,

1151 3599 1230 3665 10
1268 3622 1283 3667 :
1333 3601 1455 3682 lte,
1488 3601 1822 3668 comedite
1840 3604 2175 3693 pinyuia,
2209 3612 2274 3670 et
2302 3601 2509 3669 bibite
2538 3599 2718 3668 mul-

1139 3729 1323 3786 sum,
1357 3719 1423 3776 et
1462 3708 1717 3775 mittite
1747 3719 1985 3800 portes
2023 3710 2136 3777 leis
2183 3711 2309 3801 qui
2368 3733 2501 3777 non
2542 3730 2715 3800 pra·-

1132 3823 1564 3906 pararerunt
1598 3816 1759 3884 sibi.
1806 3817 1912 3884 Ad
1946 3817 2244 3886 Roman.
2281 3839 2401 3898 xn,
2436 3819 2477 3883 8
2528 3839 2543 3882 ε
2583 3815 2722 3900 Qui

1145 3923 1506 3990 miseretur
1535 3924 1604 3989 in
1645 3923 2037 3994 hilaritate.

1237 4030 1318 4096 Et
1362 4028 1492 4098 lnoc
1526 4056 1557 4093 ι
1598 4031 1667 4097 in
1698 4031 2090 4113 condensis,
2146 4056 2179 4097 ι
2251 4032 2321 4100 in
2387 4030 2719 4112 densitate

1142 4144 1207 4205 et
1238 4139 1779 4229 congregatione
1818 4137 2211 4209 hominum.
2264 4138 2444 4219 Joel,
2487 4163 2562 4224 ιι,
2634 4141 2712 4207 15

1139 4254 1204 4315 et
1255 4249 1331 4314 16
1369 4269 1384 4314 :
1435 4248 1677 4316 l'ocote
1704 4259 1984 4330 coetmn,
2036 4259 2448 4343 conqreqote
2491 4271 2716 4343 popu-

1140 4355 1317 4436 lum,
1413 4365 1543 4426 etc.
1655 4357 1879 4427 Exod.
1957 4382 2165 4439 xxm,
2236 4361 2367 4429 ¹7:
2460 4361 2583 4428 Ter
2648 4360 2717 4425 in

1137 4450 1320 4531 anno
1358 4465 1727 4557 apparebit
1765 4489 1968 4535 omne
2001 4467 2468 4537 masculinum
2514 4476 2710 4534 tumn

1135 4593 1369 4641 coram
1398 4573 1702 4641 Domino
1730 4576 1878 4643 Deo
1906 4585 2051 4645 tuo.

1233 4677 1404 4759 Vos,
1433 4678 1612 4760 dico,
1644 4682 2037 4752 incedentes
2072 4709 2106 4749 ι
2141 4705 2357 4775 usque
2391 4682 2490 4751 ad
2548 4706 2716 4751 cor·
2744 4702 2747 4705 ⁴

1139 4810 1233 4854 nu
1275 4788 1552 4867 altaris,
1598 4814 1634 4856 ι
1670 4797 1744 4857 ut
1776 4793 2196 4884 participetis
2234 4791 2447 4883 ipsius
2477 4790 2715 4859 altaris

1133 4904 1668 4966 sacramentum.
1712 4897 1936 4967 Exod.
1981 4923 2146 4982 xxx,
2196 4903 2276 4969 10
2313 4922 2330 4969 2
2365 4902 2711 4994 Depreca-

1136 5003 1326 5073 bitm·
1353 5008 1590 5075 Aaron
1617 5029 1831 5099 super
1857 5031 2121 5077 cornua
2188 5007 2440 5077 altaris
2499 5007 2713 5076 semel

1126 5133 1259 5202 per
1294 5137 1583 5194 omnem,
1631 5116 1701 5182 in
1759 5117 2106 5205 sanquine
2161 5116 2354 5208 quod
2394 5116 2708 5184 oblatum

1133 5230 1232 5288 est
1260 5243 1397 5312 pro
1416 5234 1726 5314 peccato.
1771 5222 1949 5293 Cum
1982 5225 2165 5293 enim
2226 5225 2541 5295 sacerdos
2604 5226 2709 5293 ci-

1134 5326 1274 5406 bat,
1316 5336 1383 5396 et
1413 5337 1609 5421 potat
1659 5331 2285 5416 communicantes,
2334 5332 2421 5401 ad
2491 5354 2703 5401 cornu

1212 5558 1345 5618 ¹Ct.
1379 5560 1561 5619 Exod.
1598 5579 1762 5638 xxm,
1823 5567 1888 5622 ¹⁵
1943 5570 2005 5624 et
2058 5581 2220 5639 xxxi,
2281 5568 2407 5636 ²⁰3
2458 5572 2698 5627 neuter.

4273 199 4402 266 233⁶»

2857 370 3083 438 altaris
3130 373 3213 439 ad
3269 372 3562 442 litteram
3629 375 3872 443 decens
3927 383 4030 442 est
4095 373 4267 451 fieri,
4340 381 4408 440 et

2855 478 3110 545 orando
3142 478 3339 547 debet
3378 480 3508 548 hoc
3537 482 3777 550 facere.
3814 481 3890 547 ln
3940 504 4150 548 cornu
4194 481 4403 546 etiam

2852 596 3148 677 potestas
3179 586 3599 678 intelligitur,
3634 597 3709 655 ut
3739 591 3823 655 sit
3855 611 4094 655 sensus
4135 610 4149 654 ε
4190 612 4222 651 α
4281 587 4408 652 In-

2850 695 3147 763 cedentes
3187 720 3398 787 usque
3427 699 3523 764 ad
3548 722 3758 764 cornu
3789 698 4061 775 altariS,
4097 723 4128 756 υ
4172 697 4239 762 id
4272 703 4397 773 est,

2850 826 3063 894 usque
3092 804 3173 871 ad
3241 812 3643 895 potestatem
3703 804 3930 871 altaris
3968 826 3981 869 :
4048 825 4223 893 quae,
4288 804 4403 867 in-

2849 935 3079 1003 quam,
3125 919 3419 1003 potestas
3450 921 3547 979 cst
3591 915 3802 1003 ipsius
3870 910 4103 979 altaris
4162 932 4399 977 sacra-

2849 1027 3176 1102 mentum,
3224 1021 3381 1110 quia
3411 1022 3812 1111 potestative
3845 1019 4205 1086 confirmat
4243 1017 4398 1083 ani-

2847 1150 3054 1205 mam,
3101 1135 3167 1195 et
3223 1128 3619 1196 corroborat
3686 1128 3926 1217 ipsam.
4000 1123 4181 1192 Psal.
4253 1145 4391 1205 cm,

2849 1237 2927 1303 15
2973 1258 2987 1301 ε
3028 1236 3240 1303 Panis
3277 1259 3391 1303 cor
3427 1236 3722 1302 hominis
3751 1234 4125 1322 confirmet.
4186 1232 4390 1298 Joan.

2843 1366 2934 1419 vr,
2972 1345 3054 1410 52
3095 1365 3109 1408 :
3154 1344 3372 1410 Panis
3402 1364 3601 1433 quem
3640 1365 3761 1431 eqo
3794 1339 3997 1419 dabo,
4040 1361 4199 1406 caro
4242 1359 4394 1404 meo

2843 1458 2938 1514 est
2960 1472 3088 1539 pro
3120 1449 3365 1516 nmndi
3410 1449 3576 1526 vita,
3639 1446 3903 1538 supple,
3972 1445 4395 1514 confirman-

2843 1556 2949 1624 da.

2930 1899 2962 1937 ι
3004 1877 3191 1941 Deus
3220 1895 3432 1940 meus,
3471 1896 3502 1936 »
3540 1872 3664 1939 llic
3709 1871 4045 1961 promittit
4106 1890 4178 1936 sc
4236 1867 4385 1935 lau-

2839 1983 3195 2050 daturum:
3240 1991 3305 2050 ct
3342 1982 3660 2050 dicuntur
3688 1980 3848 2047 duo.
3903 1978 4164 2062 Primo,
4223 2001 4388 2068 pro-

2836 2092 3041 2158 mittit
3071 2090 3253 2181 quod
3294 2098 3569 2181 propter
3596 2090 3920 2179 seipsum,
3966 2086 4187 2155 Deum
4251 2086 4387 2153 sci-

2833 2198 2986 2266 licet
3063 2202 3309 2289 ipsum,
3370 2197 3693 2266 laudabit.
3782 2195 4125 2274 Secundo,
4197 2193 4384 2284 quod

2832 2310 3036 2376 etiam
3071 2318 3344 2399 propter
3367 2307 3799 2381 beneficium,
3836 2306 3955 2383 ibi,
4005 2328 4038 2369 ι
4089 2302 4384 2390 Confite-

2833 2416 2953 2484 bor
2993 2414 3141 2483 libi.
3178 2443 3212 2480 n

2920 2524 3003 2592 Et
3056 2524 3373 2592 dicuntur
3463 2522 3624 2592 du0.
3687 2521 3945 2598 Primo,
4042 2518 4380 2610 promittit

2831 2632 3101 2701 laudem
3159 2634 3321 2714 oris,
3383 2634 3731 2723 praemissa
3795 2632 4058 2697 ratione
4124 2625 4371 2695 laudis.

2834 2740 3173 2820 SecundO,
3243 2740 3541 2810 laudatio
3609 2739 3857 2830 operis,
3919 2761 4072 2828 quoe
4131 2735 4379 2802 melior

2828 2858 2952 2930 est,
2988 2850 3333 2940 praemissa
3371 2850 3574 2917 etiam
3617 2849 3900 2925 ratione,
3943 2845 4063 2924 ibi,
4111 2869 4144 2910 ι
4188 2846 4377 2911 Deus

2828 2979 3016 3024 meus
3052 2980 3119 3024 es
3147 2968 3248 3038 tu,
3290 2966 3352 3024 et
3390 2955 3714 3023 exaltabo
3752 2963 3837 3020 te.
3888 2978 3919 3018 ι

2917 3065 3094 3133 Dicit
3139 3087 3302 3156 ergo
3346 3086 3362 3132 ε
3427 3062 3541 3132 Sic
3584 3064 3819 3141 monui
3878 3060 4059 3128 diem
4126 3057 4377 3126 solem·

2827 3196 2982 3241 nem
3060 3173 3518 3240 constituere:
3599 3181 3664 3240 ct
3748 3194 3876 3261 ego
3959 3171 4101 3260 ipse
4191 3167 4370 3244 dico,

2830 3305 2864 3345 ι
2899 3282 3080 3348 Dens
3109 3303 3297 3347 mens
3324 3302 3392 3346 es
3432 3288 3534 3360 tu,
3581 3306 3614 3340 »ι
3638 3277 3792 3367 jure
3845 3275 4254 3344 creationis:
4309 3282 4378 3341 et

2825 3398 3101 3478 propter
3139 3387 3267 3456 lioc
3308 3415 3343 3451 α
3385 3385 3753 3475 confitebor
3817 3384 3968 3465 tibi,
4006 3408 4039 3449 ι
4102 3381 4378 3451 confes-

2824 3497 3015 3565 sione
3071 3496 3313 3566 laudiS.
3394 3495 3525 3562 lsa.
3595 3517 3854 3571 xxxvii,
3942 3494 4021 3560 10
4069 3515 4084 3559 :
4159 3493 4257 3560 Tu
4306 3514 4375 3557 es

2825 3605 3011 3671 Deus
3069 3603 3263 3671 solus
3320 3604 3626 3670 omnium
3702 3621 4070 3690 reqnorum
4149 3606 4370 3665 terrae.

2825 3709 2934 3790 Et,
2968 3710 3242 3788 ibidem,
3277 3733 3439 3790 xxv,
3488 3712 3513 3778 1
3557 3734 3571 3779 :
3622 3711 3931 3787 Domine,
3966 3711 4155 3777 Deus
4188 3729 4381 3774 meus

2824 3841 2892 3884 es
2921 3828 3021 3894 tu,
3065 3828 3127 3884 et
3155 3816 3525 3906 confitebor
3552 3816 3681 3885 tibi
3708 3817 3976 3884 nomini
4003 3825 4147 3883 tuo.

2916 3955 2950 3989 α
2982 3929 3168 3995 Deus
3193 3948 3381 3994 meus
3428 3949 3495 3993 es
3549 3936 3652 4005 tu,
3724 3948 3757 3989 ι
3795 3926 3952 4015 jure
4010 3926 4382 3991 recreatio-

2825 4037 2930 4104 nis
2973 4059 2988 4103 :
3032 4045 3095 4104 et
3126 4045 3402 4128 propter
3439 4034 3593 4118 hoc,
3640 4060 3673 4101 ι
3718 4031 4090 4124 confitebor
4130 4031 4285 4112 tibi,
4317 4042 4381 4099 et

2824 4143 3145 4213 exaltabo
3186 4155 3275 4229 te,
3318 4170 3354 4212 ι
3384 4144 3704 4236 operibus
3729 4141 3930 4211 bonis
3966 4149 4034 4211 te
4076 4141 4383 4211 exaltan-

2826 4253 2987 4321 dum
3027 4253 3407 4331 ostendam,
3450 4261 3515 4322 et
3561 4252 3948 4323 colendum.
3999 4249 4171 4318 Tob.
4225 4272 4375 4330 xiii,

2827 4365 2928 4431 6:
2993 4363 3433 4451 Confitemini
3508 4362 3646 4441 illi,
3726 4361 3981 4430 scilicet
4045 4360 4373 4439 Domin0,

2827 4493 3183 4561 reqemque
3206 4469 3615 4538 soeculorum
3664 4468 3969 4537 exaltate
4007 4471 4078 4536 in
4144 4467 4379 4559 operi-

2826 4575 2952 4644 bus
2988 4576 3245 4645 vestris.
3283 4574 3491 4646 Eccli.
3532 4599 3620 4656 ιι,
3661 4578 3686 4644 1
3730 4599 3745 4643 :
3803 4573 4245 4646 Collondobo
4311 4583 4378 4642 te

2823 4685 3071 4762 Deum,
3143 4683 3558 4752 salvatorem
3632 4705 3882 4751 meum.
3961 4681 4182 4750 Exod.
4254 4704 4371 4760 xv,

2825 4792 2911 4858 2:
2972 4792 3107 4860 Iste
3167 4794 3354 4860 Deus
3417 4813 3631 4870 meus,
3702 4787 4114 4882 qlorificabo
4188 4812 4374 4869 eum,

2824 4902 3008 4967 Deus
3029 4900 3254 4991 patris
3281 4900 3440 4982 mei,
3471 4910 3538 4968 et
3565 4898 3888 4968 exaltabo
3918 4922 4099 4967 eum.

2913 5140 2947 5177 α
2991 5110 3382 5200 Confitebor
3427 5112 3576 5180 tibi.
3633 5135 3666 5176 ι
3718 5108 3844 5177 llic
3900 5109 4235 5201 promittit
4302 5132 4375 5179 se

2817 5221 3278 5301 laudaturum,
3320 5230 3598 5314 propter
3623 5218 4029 5289 beneficium
4044 5221 4192 5311 jam
4217 5221 4377 5291 ade·

2817 5342 3056 5426 ptum:
3102 5333 3279 5404 unde
3347 5334 3652 5426 tangitur
3678 5334 3900 5425 primo
3955 5331 4181 5401 laudis
4207 5355 4372 5424 pro-

2815 5583 2928 5639 xri,
2964 5569 3051 5623 ¹6.
