5008 6329
658 317 788 385 406

659 497 1061 555 castrorum.
1123 484 1238 551 Sic
1302 478 1523 572 gratia
1601 475 2110 567 misericordiae:
2142 476 2211 541 in

659 594 1121 662 tribulatione.
1156 590 1241 658 Et
1272 585 1641 667 foecundat,
1686 584 1883 664 Osee,
1927 604 2069 660 xw,
2114 582 2153 647 6
2192 603 2206 647 :

660 704 803 769 Ero
847 700 1049 789 quasi
1097 721 1207 767 ros
1241 722 1263 766 .·
1295 696 1518 766 lsrael
1565 687 1985 783 qerminabit
2037 689 2213 755 sicut

665 809 923 886 lilium,
984 831 1105 898 pro
1174 830 1309 898 quo
1374 806 1579 871 etiam
1636 800 1855 868 datur.
1912 797 2213 887 Refrige-

663 922 787 993 rat,
850 914 1053 983 Eccli.
1122 937 1312 992 xvut,
1381 910 1461 976 16
1534 929 1549 973 2
1609 907 1851 974 Nonne
1895 906 2211 974 ardorem

664 1020 1101 1113 resriqerabit
1138 1043 1248 1087 ros
1294 1020 1330 1085 ⁴?
1370 1014 1580 1095 Quasi
1612 1014 1866 1082 diceret
1919 1037 1933 1081 :
1981 1012 2117 1081 Sic.

752 1262 787 1298 α
854 1233 1195 1317 Quoniam
1235 1230 1413 1300 illic.
1450 1254 1484 1295 2
1519 1228 1648 1297 Hic
1687 1228 2061 1297 secundum
2101 1251 2214 1296 se-

664 1342 900 1412 cundae
939 1345 1172 1434 partis,
1206 1342 1463 1411 scilicet
1507 1337 1824 1430 probatio
1872 1338 2209 1421 utilitatis,

661 1461 727 1520 et
762 1451 1228 1542 jucunditati3‚
1288 1471 1413 1539 per
1468 1447 1689 1535 ipsum
1759 1445 2080 1513 fructum.
2130 1446 2215 1513 Et

662 1560 910 1649 primo,
945 1581 1062 1647 per
1093 1559 1386 1625 fructum
1411 1556 1480 1620 in
1518 1554 1838 1643 praesenti
1871 1552 2204 1620 habitum.

665 1666 1007 1744 Secundo,
1041 1687 1163 1757 per
1193 1662 1585 1732 habendum
1628 1661 1697 1728 in
1727 1660 1982 1729 futuro.

751 1773 928 1840 Dicit
948 1795 1112 1864 ergo
1144 1795 1158 1840 :
1199 1772 1313 1841 Sic
1343 1768 1608 1838 ostendi
1637 1793 1757 1860 per
1786 1769 2204 1862 exemplum,

660 1881 986 1972 quoniam
1046 1881 1303 1949 bonum
1372 1888 1441 1946 et
1487 1877 1896 1966 jucundum,
1958 1885 2025 1945 et
2080 1878 2210 1946 hoc

656 2012 898 2058 verum
935 2011 951 2057 ε
998 2014 1032 2055 ι
1064 1989 1395 2080 quoniam
1438 1984 1611 2069 illic,
1652 2010 1683 2050 n
1729 1986 1797 2052 in
1844 1984 2210 2054 concordia

657 2105 722 2165 et
753 2097 1007 2166 unitate
1046 2095 1355 2174 fratrum,
1404 2118 1436 2158 ι
1480 2092 1840 2160 mandavit
1876 2094 2239 2161 Dominus-⁴

656 2204 1205 2285 benedictionem,
1270 2234 1303 2266 ι»
1380 2202 1486 2268 sui
1582 2200 1839 2269 scilicet
1902 2200 2200 2281 laudem,

653 2312 919 2404 supple,
971 2312 1111 2382 fieri
1173 2335 1189 2382 ε
1252 2338 1292 2381 a
1353 2309 1604 2378 talibus
1649 2311 1832 2378 enim
1882 2308 2100 2402 placet
2140 2319 2202 2384 ei

660 2422 835 2504 laus,
868 2430 935 2489 et
963 2421 1372 2504 benedictin,
1416 2441 1557 2487 non
1586 2420 1671 2487 ab
1719 2419 1891 2488 aliis.
1954 2420 2196 2492 Matth.

653 2554 722 2612 v,
755 2531 840 2598 23
876 2553 892 2598 :
933 2532 1016 2600 Si
1051 2532 1251 2621 offers
1288 2550 1544 2597 munus
1580 2536 1779 2595 tuum
1828 2529 1927 2596 ad
1949 2529 2196 2612 altare,

650 2648 716 2706 et
754 2637 853 2707 ibi
879 2639 1272 2707 recordatus
1305 2636 1556 2729 fueris,
1599 2645 1727 2704 etc.
1764 2636 2136 2729 Gregorius
2177 2657 2195 2708 ζ

655 2770 687 2810 α
732 2744 953 2825 Quam
982 2747 1209 2837 gravis
1264 2744 1466 2834 cuipa
1511 2751 1613 2811 est
1680 2743 2037 2824 discordia,
2084 2769 2201 2837 per

658 2877 690 2917 α
734 2874 940 2943 quam
995 2875 1119 2922 nec
1166 2875 1420 2921 munus
1468 2873 1509 2918 a
1545 2850 1693 2919 Deo
1755 2852 2105 2943 accipitur.
2161 2878 2193 2918 ι

656 2957 864 3029 Eccli.
919 2982 1037 3042 κν,
1096 2962 1137 3030 9
1183 2984 1200 3030 :
1248 2962 1407 3031 Non
1444 2968 1544 3038 est
1580 2960 1884 3051 speciosa
1923 2960 2083 3029 laus
2126 2961 2197 3030 in

1643 304 1723 374 D.
1776 304 1975 371 ALB.
2030 302 2243 370 MAG.
2298 301 2503 370 ORD.
2558 301 2850 368 PRAED.

2319 493 2433 538 ore
2471 471 2865 562 peccatoris.
2935 468 3070 535 Sed
3127 468 3494 536 existentes
3553 468 3624 533 in
3693 465 3860 533 Sion

2318 604 2439 672 per
2469 583 2796 648 unitatem
2863 587 2927 647 et
2955 578 3417 660 concordiam,
3460 577 3530 644 hi
3570 584 3865 667 possunt

2320 688 2618 757 laudare.
2664 688 2790 754 Isa.
2843 710 2963 767 xu,
2999 689 3038 754 6
3083 708 3097 753 :
3135 687 3463 763 Exsulta,
3498 695 3561 752 et
3613 685 3856 763 landa,

2319 796 2656 863 habitatio
2685 796 2876 864 Sion.
2912 794 3019 872 Et,
3062 815 3226 873 xxv,
3280 794 3359 859 10
3395 812 3412 861 t
3471 792 3740 859 Venient
3788 793 3860 857 in

2319 904 2488 972 Sion
2515 925 2669 969 cum
2711 902 2937 969 laude.

2411 1036 2446 1073 α
2484 1011 2581 1077 Et
2615 1011 2854 1078 vitam.
2913 1036 2945 1072 »
3009 1009 3178 1077 Ecce
3216 1007 3615 1075 secundum.
3651 1005 3861 1085 Quasi

2318 1120 2570 1189 diceret
2611 1144 2627 1189 ε
2669 1119 2783 1189 Sic
2820 1118 3172 1187 mandavit
3209 1116 3760 1186 benedictionem
3796 1118 3862 1183 in

2277 1225 2658 1322 'praesenti,
2716 1240 2836 1299 «et
2878 1255 2912 1296 2
2984 1229 3338 1297 mandavit
3389 1251 3461 1297 se
3512 1229 3857 1311 daturum,

2320 1342 2417 1408 sic
2471 1339 2674 1430 digne
2733 1336 3316 1422 benedicentibus,
3371 1362 3406 1403 α
3474 1338 3691 1404 vitam
3745 1358 3759 1401 :
3826 1360 3857 1400 n

2319 1451 2558 1528 vitam,
2627 1451 2930 1540 inquam,
2974 1448 3370 1516 duraturam
3457 1473 3487 1510 α
3538 1447 3859 1537 usquein

2315 1557 2670 1636 saeculum,
2715 1582 2748 1620 ι
2792 1556 2859 1622 id
2897 1563 3021 1633 est,
3071 1557 3141 1622 in
3169 1563 3525 1636 aeternum,
3559 1551 3693 1621 hoc
3731 1561 3858 1633 est,

2316 1667 2532 1734 vitam
2573 1675 2918 1744 aeternam,
2970 1664 3051 1732 de
3092 1686 3251 1756 qua,
3283 1662 3485 1730 Joan.
3553 1685 3721 1739 xvu,
3766 1662 3806 1728 3
3843 1684 3858 1729 :

2318 1775 2478 1841 Haec
2523 1782 2621 1840 est
2670 1773 2811 1841 vita
2846 1780 3099 1839 aetema
3155 1795 3177 1838 .·
3218 1778 3297 1838 ut
3340 1779 3748 1860 cayno-scant
3769 1779 3860 1853 te,

2313 1882 2542 1949 solum
2571 1883 2794 1949 Deum
2822 1903 3081 1962 verum,
3115 1888 3180 1946 et
3208 1901 3407 1970 quem
3447 1877 3720 1953 misisti,
3754 1878 3866 1945 Je-

2312 2012 2466 2058 sum
2509 1990 2880 2060 Christum.
2918 1988 3022 2056 Ad
3069 1985 3248 2056 hanc
3294 1986 3687 2078 pervenitur
3743 2007 3864 2075 ρει·

2314 2097 2691 2167 concordiae
2755 2099 3111 2165 unitatem.
3184 2095 3212 2162 Ι
3284 2094 3487 2163 Joan.
3552 2117 3650 2174 ιιι,
3716 2094 3856 2161 Ηε

2312 2207 2584 2275 Scimus
2611 2205 2798 2297 quod
2837 2203 3168 2272 translati
3219 2225 3462 2271 sumus
3516 2200 3599 2268 de
3645 2210 3864 2269 morte

2313 2314 2410 2382 ad
2459 2316 2699 2382 vitam.
2759 2311 2982 2394 Quare
3037 2314 3074 2380 ⁴?
3122 2313 3455 2404 quoniam
3497 2310 3861 2401 diliqimus

2306 2423 2588 2512 [ratres.
2628 2422 2829 2490 Joan.
2864 2444 2933 2503 x,
2990 2422 3070 2489 10
3104 2443 3122 2487 ε
3155 2422 3309 2510 qu
3339 2419 3492 2488 veni
3528 2429 3606 2486 ut
3649 2418 3863 2485 vitam

2305 2530 2625 2610 habeant,
2674 2538 2737 2597 et
2790 2527 3260 2596 abundantius
3314 2524 3634 2602 habeant,
3666 2532 3860 2591 aeter·

2308 2660 2467 2706 nam
2498 2645 2567 2705 et
2594 2644 2919 2728 apertam.
2964 2633 3164 2710 Osee,
3198 2656 3294 2716 vt,
3317 2634 3359 2701 3
3397 2657 3413 2701 ε
3455 2632 3761 2700 i't‘vemus
3790 2631 3860 2696 in

2307 2755 2661 2838 conspectu
2691 2742 2868 2835 ejus.
2909 2741 3018 2811 Ad
3054 2763 3263 2834 quam
3330 2762 3458 2809 nos
3503 2737 3856 2830 perducat,

2306 2862 2435 2924 etc.

1792 3440 2262 3518 PSALMUS
2313 3441 2724 3516 CXXXIII.

1543 3780 1898 3851 Hor-tatio
1928 3780 2027 3853 ad
2053 3780 2585 3854 benedicendum
2625 3779 2957 3851 Domino.

699 4138 753 4185 ι.
811 4115 1193 4191 Canticum
1234 4117 1626 4214 graduum.

824 4226 1007 4299 Ecce
1063 4251 1252 4300 nunc
1316 4224 1718 4299 benedicite
1760 4226 2187 4311 Dominum,

904 4354 1159 4405 omnes
1179 4332 1367 4405 servi
1406 4329 1703 4403 Domini
1742 4354 1759 4401 ε

817 4436 967 4530 Qui
1017 4439 1221 4512 statis
1280 4439 1352 4510 in
1423 4438 1645 4508 domo
1725 4437 2049 4520 Domini,
2112 4439 2185 4511 in

905 4547 1108 4619 atriis
1165 4548 1435 4620 domus
1479 4542 1609 4615 Dei
1633 4544 1887 4616 nostri.

2349 4142 2417 4191 2.
2470 4121 2557 4192 In
2598 4119 2933 4191 noctibus
2999 4117 3317 4190 extollite
3379 4138 3642 4189 manus
3726 4142 3849 4191 ve-

2567 4245 2752 4300 stras
2828 4227 2898 4297 in
2966 4243 3238 4310 sancta,
3316 4243 3386 4296 et
3443 4224 3847 4299 benedicite

2568 4333 2990 4406 Dominum.

2343 4441 2409 4512 3.
2467 4439 2848 4513 Benedicat
2900 4457 2970 4512 te
3049 4436 3409 4510 Dominus
3475 4459 3559 4508 ex
3627 4435 3833 4523 Sion,

2561 4546 2688 4643 qui
2727 4547 2888 4620 fecit
2917 4546 3185 4620 coelum
3213 4563 3283 4618 et
3320 4562 3613 4617 terram.
