5008 6329
843 3465 1009 3514 Prin·
1030 3467 1169 3514 niae-

845 3523 921 3568 ru
941 3531 1164 3579 κρανιο-

2051 365 2764 435 COMMENTARIUS
2815 365 2907 431 IN
2956 365 3397 437 PSALMUM
3451 366 3622 437 CIV.

4358 371 4439 437 71

1315 529 1494 597 Dicit
1531 551 1738 621 ergo:
1779 529 1894 598 Sic
1925 533 2112 600 misit
2159 532 2473 623 Moysen,
2531 539 2597 598 et
2643 529 2785 596 Aa-
2893 531 3210 600 dicuntur
3255 532 3419 601 du0.
3456 532 3715 612 Primo,
3777 554 4107 622 aquarum
4155 556 4445 602 conver-

1227 659 1390 704 ron:
1435 646 1502 705 et
1529 660 1652 729 per
1680 662 1797 707 eos
1835 665 1868 704 «
1903 641 2092 707 misit
2131 638 2464 718 tenebrati,
2513 663 2545 702 n
2582 659 2785 726 super
2891 639 2991 706 sio
3032 640 3101 707 in
3133 641 3564 729 sanguinem.
3631 638 3970 724 Secundo,
4016 639 4291 709 effectus
4330 665 4446 711 se-

1221 751 1473 812 terram
1540 746 1827 838 AEgypti
1896 732 2358 813 densissimas.
2431 744 2651 812 Exod.
2705 768 2774 823 x,

1224 856 1301 923 21
1333 878 1349 925 :
1394 859 1708 925 Extende
1745 879 2032 924 manum
2071 866 2265 924 tuam
2307 858 2376 924 in
2407 858 2679 938 coelum,
2714 867 2776 923 et

1218 964 1358 1031 sint
1395 963 1682 1032 tenebrae
1707 986 1915 1054 super
1962 973 2217 1031 terram
2268 965 2598 1057 squpti,
2636 974 2779 1031 tam

1220 1070 1465 1156 densa»,
1500 1081 1579 1140 ut
1601 1073 1896 1163 palpari
1932 1083 2210 1163 queant.

1309 1209 1344 1246 α
1378 1185 1473 1250 Et
1501 1183 1912 1264 obscuravit,
1948 1212 1978 1249 n
2022 1185 2091 1252 id
2122 1194 2247 1266 est,
2293 1184 2778 1253 obscuritatem

1217 1293 1547 1364 immisit:
1589 1294 2176 1388 hocffconsequens
2220 1304 2345 1375 est,
2390 1305 2457 1364 et
2499 1295 2777 1364 effectus

1215 1402 1675 1473 tenebrarum.
1720 1403 1803 1471 Et
1833 1403 1967 1472 hoc
1996 1427 2265 1472 verum.
2315 1404 2535 1471 Tanta
2593 1402 2775 1471 enim

1217 1507 1388 1578 facta
1444 1520 1546 1579 est
1620 1510 2026 1594 obscuritaS,
2097 1511 2272 1577 sicut
2337 1509 2431 1577 ibi
2500 1509 2775 1600 legitur,

1215 1620 1400 1712 quod
1430 1622 1646 1689 tribus
1694 1620 1934 1690 diebus
2002 1644 2208 1690 nemo
2266 1620 2438 1689 vidit
2498 1621 2773 1689 fratrem

1213 1750 1440 1808 suum,
1521 1750 1646 1796 nec
1701 1730 1921 1797 movit
1987 1753 2058 1797 se
2117 1729 2199 1797 de
2257 1728 2432 1808 loco,
2496 1729 2566 1796 in
2635 1752 2772 1819 quo

1213 1843 1357 1903 erat
1387 1836 1431 1900 ¹.

1305 1971 1340 2005 α
1370 1945 1464 2011 Et
1497 1966 1633 2011 non
1665 1942 2122 2013 exacerbavit.
2155 1971 2184 2009 υ
2243 1943 2414 2013 Ecce
2465 1944 2765 2011 tertium.

1208 2053 1415 2134 Quasi
1458 2054 1757 2124 diceret:
1797 2055 1911 2124 Sic
1961 2056 2245 2124 immisit
2298 2054 2634 2137 tenebra5‚
2707 2063 2770 2122 et

1207 2171 1438 2231 secuta
1466 2172 1569 2231 est
1600 2163 2004 2232 obscuritas.
2045 2188 2078 2229 α
2119 2165 2214 2231 Et
2259 2189 2291 2228 ι
2329 2172 2557 2231 tamen
2588 2163 2769 2230 Deus

1209 2302 1242 2337 «
1275 2297 1412 2342 non
1441 2274 1902 2357 exacerbavit,
1943 2300 1976 2340 n
2011 2273 2187 2344 hanc
2237 2276 2585 2344 miseriam
2634 2276 2769 2341 im-

1205 2385 1566 2468 mittendo,
1606 2417 1640 2451 a
1671 2410 2012 2456 sermones
2048 2411 2233 2473 suos,
2265 2416 2296 2452 ιι
2358 2387 2424 2457 id
2497 2396 2626 2468 est,
2697 2387 2766 2454 in

1204 2490 1336 2563 hoc
1364 2516 1506 2563 non
1537 2494 1663 2562 fuit
1689 2503 1830 2564 tam
1879 2495 2187 2574 acerbus,
2250 2496 2426 2564 sicut
2492 2496 2562 2562 in
2615 2492 2766 2561 aliis

1203 2601 1612 2692 quibusdam
1653 2601 1917 2694 plagis:
1962 2626 2086 2672 nec
2133 2602 2259 2671 fuit
2288 2603 2358 2670 in
2406 2600 2542 2671 boc
2596 2624 2767 2669 con-

1201 2711 1612 2780 summatio:
1651 2712 1872 2801 major
1909 2713 2093 2781 enim
2151 2710 2355 2803 plaga
2395 2711 2520 2779 fuit
2576 2734 2762 2779 mors

1198 2818 1847 2912 primogenitorum,
1891 2842 2044 2912 quae
2095 2828 2323 2889 secuta
2375 2827 2475 2887 est
2533 2819 2756 2886 istam.

1196 2925 1325 2996 Vel
1354 2927 1731 2997 secundum
1764 2928 1971 2997 aliam
2014 2926 2363 2999 litteram:
2400 2954 2435 2991 α
2491 2924 2572 2995 Et
2594 2949 2763 2996 exa-

1195 3034 1672 3118 cerbaverunt,
1711 3066 1744 3099 »
1794 3035 2103 3130 AEgyptii
2151 3036 2432 3115 scilicet,
2466 3038 2761 3127 promit-

1198 3142 1401 3215 tendo
1429 3144 1615 3236 quod
1645 3144 2066 3216 dimitterent
2108 3143 2469 3238 populum.
2512 3153 2580 3214 et
2618 3167 2757 3214 non

1195 3254 1631 3346 complendo.
1687 3279 1722 3321 ι
1766 3275 2118 3324 sermones
2148 3255 2323 3344 ejus,
2359 3279 2393 3321 n
2443 3253 2571 3322 Dei
2620 3253 2759 3321 sci-

1196 3360 1376 3432 licet.

1287 3466 1747 3562 spiritualiter
1782 3478 2016 3538 autem
2055 3466 2204 3538 haec
2235 3476 2337 3538 est
2366 3469 2589 3561 prima
2620 3467 2757 3537 mi-

842 3576 1167 3678 mxu*-
1192 3578 1369 3649 aeria
1416 3577 1892 3670 reproborum,
1944 3579 2279 3647 immissio
2319 3576 2753 3647 tenebrarum

1192 3687 1263 3757 in
1301 3685 1510 3758 corda
1554 3708 1821 3755 eorum.
1868 3687 2115 3758 Genes.
2172 3708 2221 3766 ι,
2281 3688 2365 3756 2:
2443 3685 2752 3756 Tenebrae

1190 3806 1386 3867 erant
1420 3817 1629 3888 super
1695 3796 1952 3887 [aciem
1981 3795 2239 3887 abyssi.
2279 3793 2440 3875 Job,
2485 3818 2583 3872 ιιι,
2618 3795 2746 3863 23:

1194 3904 1664 3976 circumdedit
1700 3927 1859 3973 eum
1898 3906 2085 3974 Deus
2139 3901 2456 3974 tenebris.
2529 3902 2612 3971 Et
2666 3925 2750 3971 ex

1189 4009 1322 4083 hoc
1347 4012 1567 4105 surgit
1613 4008 1962 4081 horribilis
1990 4009 2370 4081 obscuritas
2419 4011 2488 4079 in
2546 4009 2749 4080 corde

1189 4118 1516 4191 hominis.
1577 4119 1686 4190 Ad
1761 4118 2013 4213 Ephes.
2101 4143 2197 4204 w,
2271 4122 2398 4189 18:
2438 4118 2751 4188 Tenebris

1188 4229 1627 4301 obscuratum
1670 4229 1993 4300 habentes
2032 4230 2481 4300 intellectum.
2521 4228 2605 4300 Et
2643 4239 2752 4298 ta·

1186 4361 1346 4411 men
1388 4338 1613 4409 adbuc
1667 4347 1878 4409 restat
1930 4338 2235 4410 afflictio.
2301 4337 2431 4411 lsa.
2468 4341 2651 4422 v‚25
2682 4347 2747 4409 et

1187 4469 1281 4529 ιι,
1308 4449 1390 4517 ¹2
1415 4469 1434 4519 ε
1459 4449 1552 4517 Et
1571 4447 1803 4517 adhuc
1819 4470 2069 4517 manus
2086 4446 2244 4539 ejus
2261 4457 2561 4520 extenta.
2587 4445 2742 4528 vel,

1184 4556 1565 4629 secundum
1637 4554 1846 4626 aliam
1909 4554 2235 4643 litteram,
2295 4555 2639 4641 excaecati,
2679 4564 2747 4626 et

1185 4664 1527 4736 obscurati
1566 4675 1955 4759 peccatores
1993 4664 2291 4759 reprobi.
2326 4675 2488 4736 tunc
2526 4667 2747 4760 magis

1184 4772 1591 4844 exacerbant
1627 4773 1877 4843 Deum.
1929 4771 2110 4843 Paal.
2134 4773 2580 4844 xsecundum
2602 4771 2747 4844 lle-

1183 4881 1428 4969 broeos,
1443 4881 1985 4951 42E'oeacerbavit
2002 4883 2386 4952 Dominum
2395 4893 2740 4977 peccator.

1277 5224 1315 5264 α
1348 5198 1694 5269 Οοιιυενιίι
1723 5221 1968 5292 aquas.
2003 5223 2040 5267 ι
2072 5196 2201 5269 llic
2232 5200 2449 5292 tangit
2494 5221 2745 5269 secun-

1183 5306 1350 5376 dum
1423 5308 1729 5401 signum,
1798 5307 1909 5380 vel
1972 5316 2366 5402 portentum
2418 5310 2552 5379 :in
2604 5333 2743 5403 quo

1254 5560 1273 5596 ¹
1305 5554 1393 5615 Cf.
1425 5554 1608 5614 Exod.
1642 5574 1701 5625 x,
1731 5558 1801 5614 22
1832 5564 1893 5616 et
1916 5559 2007 5615 23.

1211 5692 1218 5702 .
1253 5647 1280 5684 ⁸
1303 5644 1489 5704 Exod.
1520 5660 1625 5715 vu,
1652 5649 1725 5702 20
1752 5652 1814 5704 et
1843 5649 1904 5704 2¹
1935 5664 1952 5704 ε
1986 5648 2218 5705 Etevans
2245 5651 2461 5722 viu-pam
2516 5666 2741 5724 percm-

1179 5742 1253 5799 ια
1306 5753 1510 5810 aquam
1565 5737 1815 5808 numinis
1871 5755 2054 5797 coram
2123 5740 2414 5799 Pharaone
2466 5749 2520 5797 et
2573 5746 2744 5799 sert-is

2891 770 3104 838 quens
3144 770 3231 815 ex
3276 748 3748 831 conversione,
3828 748 4079 817 scilicet
4124 772 4305 817 mors
4332 750 4446 839 pi-

2889 857 3132 937 scium,
3167 855 3286 935 ibi,
3325 880 3359 919 c
3401 856 3497 921 Et
3522 855 3788 922 occidit.
3826 884 3856 916 υ

2974 962 3090 1029 Ait
3130 983 3334 1053 ergo:
3374 988 3408 1027 c
3457 964 3800 1032 Convertit
3830 985 4047 1053 aquas
4103 987 4363 1049 eorum,
4400 993 4431 1027 υ

2884 1068 3374 1160 AEgyptiorum
3414 1070 3692 1149 scilicet,
3731 1098 3763 1132 «
3811 1072 3883 1138 in
3932 1074 4363 1162 sanquinem.
4407 1098 4441 1138 ιο

2890 1175 3134 1267 Supra,
3181 1178 3250 1244 in
3303 1177 3485 1247 Psal.
3520 1202 3775 1259 Lxxvn,
3819 1180 3943 1247 44:
3983 1180 4332 1250 Convertit
4369 1183 4442 1247 in

2882 1288 3293 1376 sanquinem
3347 1286 3653 1376 flumina
3709 1310 3964 1356 eorum.
4038 1289 4256 1358 Exod.
4315 1311 4435 1369 vu,

2884 1394 2993 1471 20,
3031 1417 3227 1485 aquae
3257 1417 3604 1463 conversae
3635 1406 3794 1464 sunt
3834 1398 3900 1464 iu
3957 1398 4358 1488 sauguinem
4387 1393 4435 1464 ².

2888 1530 2919 1563 «
2966 1504 3057 1569 Et
3113 1502 3361 1569 occidit
3408 1504 3630 1594 pisces
3659 1526 3917 1572 eorum.
3950 1532 3979 1567 n
4071 1502 4435 1583 Quomodo

2883 1610 3064 1677 enim
3104 1611 3338 1679 vivere
3376 1619 3657 1701 possent
3695 1612 3765 1680 in
3795 1614 4124 1705 sanguine
4147 1614 4182 1680 ⁴?
4213 1613 4435 1682 Exod.

2879 1740 2999 1796 vn,
3045 1718 3157 1798 21,
3193 1718 3413 1808 pisces
3444 1720 3698 1788 mortui
3737 1722 3997 1788 suntin
4029 1722 4223 1813 aquis
4255 1745 4270 1791 :
4316 1744 4439 1790 ve-

2879 1847 3033 1891 rum
3065 1833 3166 1893 est
3198 1827 3268 1893 in
3300 1829 3707 1917 sanguinem
3739 1830 4106 1896 conversis.

2972 1931 3436 2024 Spiritualiter
3473 1942 3702 2004 autem
3733 1959 3854 2028 per
3894 1960 4105 2028 aquas
4163 1941 4439 2030 sapien-

2880 2042 2972 2107 tia
3075 2039 3493 2133 designatur,
3601 2065 3754 2135 quae
3839 2052 4024 2135 potat
4104 2047 4429 2114 animam.

2878 2147 3084 2215 Eccli.
3120 2171 3238 2228 xv,
3290 2149 3412 2218 13:
3446 2152 3650 2242 Aqua
3697 2153 4048 2243 sapientiae
4097 2155 4433 2222 salutaris

2863 2252 3142 2344 potabit
3200 2254 3436 2323 illum.
3500 2255 3585 2324 Et
3667 2258 4036 2349 exstinguit
4117 2260 4430 2328 ardorem

2874 2364 3155 2454 peccati.
3190 2362 3400 2433 Eccli.
3446 2388 3544 2446 ιιι,
3579 2366 3663 2435 33
3714 2387 3731 2436 :
3792 2366 4028 2458 anem
4084 2369 4430 2438 ardentem

2873 2474 3252 2562 nstin-quit
3282 2496 3494 2565 aqua.
3532 2473 3669 2542 Sed
3736 2472 3910 2542 hanc
3975 2476 4242 2567 reprobi
4304 2500 4430 2546 ex-

2872 2583 3098 2649 caecati
3131 2582 3202 2650 in
3232 2583 3640 2673 sanguinem
3673 2592 4105 2667 convertunt,
4131 2587 4199 2653 in
4233 2608 4428 2654 mun·

2872 2688 3121 2758 (lanam
3188 2688 3448 2760 scilicet
3505 2692 3934 2782 sapientiam,
4003 2693 4111 2761 vel
4183 2716 4427 2762 carna-

2870 2798 3029 2865 lem.
3068 2797 3423 2890 Sapientia
3480 2799 3664 2867 enim
3710 2799 3945 2868 mundi
4002 2805 4425 2872 contentiosa

2869 2910 2995 2985 est,
3037 2910 3104 2971 et
3134 2904 3471 2996 sapientia
3507 2904 3729 2973 carnis
3778 2907 4167 2975 immunda:
4230 2917 4426 2976 utra-

2869 3034 2999 3103 que
3071 3013 3379 3105 sanguis.
3463 3012 3695 3082 Prima
3778 3018 4148 3107 corrumpit
4221 3025 4427 3110 eaput

2866 3119 3114 3190 animae
3179 3119 3626 3191 intellectum.
3700 3119 4014 3191 Secunda
4071 3122 4421 3204 allectum,

2865 3228 2980 3319 qui
3013 3236 3116 3297 est
3147 3229 3344 3322 quasi
3384 3250 3527 3308 cor,
3560 3236 3627 3297 et
3665 3228 3964 3298 medium
4034 3231 4100 3297 in
4167 3233 4421 3300 anima.

2868 3336 2997 3404 isa.
3040 3359 3087 3414 ι,
3123 3338 3165 3405 5
3206 3358 3223 3403 ε
3304 3337 3522 3407 Omne
3574 3348 3785 3429 caput
3850 3337 4291 3429 Ianym‘dmn,
4363 3350 4427 3407 et

2862 3469 3062 3513 onme
3119 3468 3237 3512 cor
3296 3469 3607 3515 moerens.
3680 3445 3765 3513 Et
3828 3455 3988 3516 tnnc
4041 3450 4426 3517 moriuntur

2864 3554 3105 3644 pisces,
3142 3551 3461 3623 homines
3499 3553 3753 3623 curiosi
3784 3561 3849 3623 et
3913 3553 4271 3635 luxuriosi,
4340 3557 4423 3624 de

2816 3662 3140 3755 .quibus,
3182 3661 3444 3733 llabac.
3487 3686 3535 3742 ι,
3594 3662 3675 3732 14
3735 3684 3754 3732 ε
3823 3665 4062 3735 Facies
4114 3665 4422 3733 luotnines

2860 3772 3064 3865 quasi
3092 3772 3317 3865 pisces
3357 3773 3597 3841 maris.
3631 3769 3898 3865 Quippe
3956 3773 4027 3841 in
4086 3774 4419 3865 sanguine

2860 3902 2997 3949 non
3028 3889 3132 3948 est
3164 3881 3308 3950 vita
3340 3880 3570 3975 piscis,
3630 3880 3750 3950 sed
3806 3883 3874 3949 in
3939 3904 4138 3975 aqua.
4184 3882 4312 3951 lsa.
4350 3905 4412 3962 ι,

2859 3994 2940 4058 2:
2989 3990 3543 4082 computrescent
3594 3990 3817 4082 pisces
3877 3992 4025 4059 sine
4086 4015 4298 4085 aqua,
4352 4000 4419 4059 et

2858 4097 3240 4166 morientur
3268 4096 3342 4166 in
3393 4097 3537 4164 siti.
3583 4094 3933 4189 Sapientia
3995 4108 4224 4168 autem
4289 4098 4415 4169 Dei

2857 4203 3198 4274 contraria
3225 4213 3370 4275 est:
3407 4204 3569 4297 quia
3597 4213 3665 4274 ct
3702 4204 3982 4289 munda,
4015 4215 4081 4276 et
4110 4206 4413 4300 pacifica.

2853 4310 3094 4382 Jacob.
3131 4335 3231 4395 ιιι,
3270 4313 3395 4384 ¹7:
3436 4314 3804 4409 Sapientia
3847 4338 4000 4410 qua·
4053 4315 4415 4387 desursum

2855 4429 2978 4501 est,
2996 4421 3319 4516 primum
3358 4421 3640 4515 quidem
3679 4422 3942 4517 pudica
3994 4434 4116 4504 est.
4176 4433 4416 4494 contra

2856 4527 3410 4601 immunditiam:
3445 4529 3693 4601 deinde
3717 4555 3870 4602 vero
3892 4533 4215 4625 pacifica,
4259 4556 4422 4603 con-

2854 4645 2959 4708 tra
2987 4635 3640 4712 tumultuositatem.

2946 5011 2979 5048 κ
3012 4979 3109 5051 Et
3181 4979 3377 5049 dedit
3404 4989 3428 5027 ³
3459 4991 3641 5051 terra
3684 5001 3917 5050 corum
3948 5004 4177 5051 ranas.
4216 5007 4250 5049 ι
4284 4982 4414 5053 llic

2852 5098 2951 5159 est
3011 5089 3290 5159 tertium
3346 5090 3649 5181 signum,
3718 5112 4036 5159 ranarum
4091 5113 4416 5183 procrea-

2852 5199 2976 5270 tio.
3009 5196 3166 5268 Duo
3196 5219 3365 5292 ergo
3404 5197 3747 5270 dicuntur.
3798 5199 4054 5276 Primo,
4089 5223 4412 5272 ranarum

2853 5306 3359 5401 multiplicatio.
3398 5306 3741 5392 Secundo,
3780 5307 4208 5380 vehementia
4240 5310 4416 5380 mul·

2851 5559 2994 5632 ejus,
3024 5575 3151 5634 que
3205 5577 3362 5619 versa
3416 5570 3495 5620 est
3545 5564 3606 5620 in
3659 5565 4005 5636 carvanium.
4067 5566 4133 5621 Εἰ
4207 5568 4410 5639 pisces,

2850 5651 2954 5724 qui
2980 5658 3144 5710 erant
3174 5652 3234 5710 in
3263 5650 3520 5723 flumine.
3546 5656 3754 5712 nortui
3782 5662 3933 5713 sunt.

2923 5742 2945 5778 ⁸
2979 5742 3146 5816 vulg.
3180 5741 3382 5813 babet,
3411 5742 3603 5816 Edidit
3643 5752 3793 5804 terra
3821 5762 4008 5806 eorum
4038 5763 4228 5805 ranas.

4484 2501 4746 2601 {⁸83⁰}

4453 2610 4640 2708 0252‘3.
4656 2620 4775 2707 222¹·

4494 2715 4732 2777 aptent‘a
