5008 6329
1886 339 2601 415 COMMENTARIUS
2652 339 2746 412 IN
2796 338 3231 415 PSALMUM
3282 341 3664 417 CXXXIV.

1145 512 1430 582 ‘Anima
1461 515 1616 605 ejus
1635 519 2117 611 quodcumque
2154 520 2405 596 voluit,
2457 519 2584 586 hoc
2619 518 2728 607 se-

1165 625 1283 690 cit.
1316 625 1568 694 Anima
1626 638 1853 697 autem
1905 632 2077 718 ejus,
2139 631 2273 711 viS,
2325 636 2391 696 et
2455 635 2723 708 natura,

1173 752 1309 820 qua
1340 743 1583 802 cuncta
1625 737 1952 826 disponit,
1988 759 2142 825 quae
2174 734 2356 802 idem
2390 734 2458 800 in
2515 755 2595 800 eo
2628 739 2729 799 est

1170 841 1352 930 quod
1384 843 1551 932 ipse.
1591 843 1960 934 Gregorius
1989 867 2003 910 :
2037 870 2071 905 α
2106 843 2204 909 Ea
2236 843 2385 933 ipsa
2413 842 2542 922 viS,
2579 864 2728 934 quae

1169 971 1204 1011 α
1250 956 1495 1015 cuncta
1522 949 1879 1038 disposuit,
1906 949 2143 1016 anima
2174 957 2545 1017 vocatur».
2592 949 2721 1017 Isa.

1163 1075 1345 1130 xnvi,
1385 1056 1465 1122 10
1497 1077 1513 1121 :
1541 1055 1929 1123 Consilium
1958 1078 2187 1122 meum
2224 1057 2463 1138 stabit,
2498 1066 2562 1125 et
2577 1079 2730 1124 om-

1164 1163 1274 1227 nis
1304 1162 1629 1229 voluntas
1670 1185 1820 1230 mea
1893 1163 2034 1252 fiet.
2070 1164 2156 1231 Et
2185 1163 2315 1233 hoc
2347 1173 2447 1232 est
2490 1170 2728 1231 eontra

1167 1265 1648 1345 Manichaeum,
1694 1270 1809 1359 qui
1868 1270 2031 1338 dicit
2090 1294 2250 1339 eum
2308 1293 2451 1339 non
2492 1270 2728 1337 iecisse

1168 1376 1401 1444 omnia
1430 1398 1446 1442 :
1483 1386 1716 1445 contra
1749 1387 2078 1467 ponentes
2109 1381 2341 1447 omnia
2376 1402 2458 1446 ex
2487 1399 2727 1445 neces-

1166 1483 1389 1560 sitate,
1462 1483 1645 1574 quod
1711 1485 1873 1553 dicit
1928 1485 2170 1554 voluit.
2237 1485 2547 1576 Sapient.
2600 1498 2722 1563 xn,

1172 1588 1295 1654 10:
1331 1588 1582 1657 Subest
1619 1588 1749 1656 tibi
1784 1614 1941 1657 cum
1983 1613 2182 1683 posse
2216 1590 2541 1658 volueris.

1262 1827 1297 1863 α
1359 1801 1443 1868 In
1482 1801 1672 1870 coelo.
1714 1826 1746 1866 n
1819 1801 1988 1870 Ecce
2043 1802 2446 1870 secundum.
2514 1801 2725 1880 Quasi

1167 1906 1424 1977 diceret
1455 1929 1472 1976 ε
1512 1909 1627 1977 Sic
1663 1912 1899 1977 omnia
1938 1911 2093 1978 lecit
2123 1933 2276 2001 quae
2306 1910 2552 1994 voluit,
2585 1931 2724 1977 non

1167 2025 1436 2084 tantum
1468 2017 1537 2083 in
1594 2039 1733 2084 uno
1791 2017 1968 2093 loco,
2004 2017 2122 2085 sed
2166 2048 2200 2082 α
2235 2019 2309 2086 in
2347 2018 2538 2093 coelo,
2587 2042 2619 2083 n
2656 2017 2724 2083 in

1167 2127 1505 2216 superiori
1539 2135 1806 2204 natura,
1855 2156 1883 2190 α
1922 2138 1985 2196 et
2024 2130 2337 2209 interra,
2384 2156 2416 2191 ιο
2489 2129 2558 2195 in
2616 2129 2727 2193 in-

1166 2233 1407 2301 feriori
1454 2252 1471 2301 t
1545 2261 1580 2296 α
1613 2244 1678 2301 et
1728 2235 1798 2300 in
1864 2235 2182 2303 omnibus
2247 2236 2542 2326 abyssis,
2590 2235 2722 2301 »in

1165 2340 1494 2407 omnibus
1535 2342 1825 2431 aquisin
1859 2343 2053 2408 mari.
2103 2343 2160 2410 ll
2214 2342 2472 2425 Esdrae,
2518 2365 2610 2425 ix,
2645 2344 2720 2409 6:

1170 2447 1267 2514 Tu
1320 2448 1553 2534 fecisti
1598 2447 1872 2523 caelum,
1932 2457 1995 2515 et
2050 2449 2298 2517 coelum
2365 2449 2717 2527 coelorum,

1164 2562 1230 2619 et
1267 2575 1535 2619 omnem
1567 2555 1942 2621 exercitum
1982 2577 2218 2621 eorum
2251 2579 2273 2622 .·
2327 2565 2608 2632 terram,
2661 2565 2725 2622 et

1166 2664 1484 2730 universa
1525 2687 1677 2754 quoe
1709 2665 1778 2731 in
1820 2689 1897 2730 ea
1925 2674 2087 2731 suut
2129 2689 2151 2732 .·
2184 2667 2436 2742 maria,
2483 2675 2548 2734 et
2584 2688 2724 2731 om-

1161 2771 1284 2837 nia
1321 2793 1474 2860 quse
1499 2771 1569 2837 in
1601 2773 1695 2837 eis
1730 2782 1911 2838 sunt.
1964 2771 2109 2839 lloc
2147 2781 2387 2839 contra
2433 2771 2724 2840 idolola-

1163 2884 1325 2956 tras,
1362 2879 1477 2969 qui
1541 2878 1828 2945 adorant
1893 2878 2057 2946 deos
2123 2879 2361 2958 factos,
2407 2901 2548 2947 non
2604 2879 2718 2970 qui

1162 2983 1468 3052 fecerunt
1494 2984 1744 3053 coelum
1785 2993 1853 3052 et
1878 2994 2153 3054 terram.
2224 2984 2519 3066 Coelum,
2579 2986 2724 3076 spi-

1164 3090 1490 3160 rituales:
1536 3100 1740 3170 terra‚
1783 3091 2131 3161 carnales:
2194 3116 2410 3177 mare,
2476 3093 2725 3161 infide-

1160 3199 1312 3268 les:
1376 3199 1628 3291 abyssi.
1688 3199 2006 3269 homines
2072 3203 2330 3270 versuti
2387 3210 2454 3270 et
2516 3201 2720 3270 corde

1164 3304 1508 3395 profundi.
1582 3305 1680 3374 De
1747 3307 1984 3396 primis
2060 3316 2127 3376 et
2190 3308 2536 3386 secundis,
2586 3308 2716 3377 lsa.

1163 3434 1348 3491 va1,
1388 3414 1416 3479 1
1452 3434 1468 3479 :
1507 3414 1775 3482 Coelum
1803 3415 1991 3483 sedes
2038 3438 2216 3492 mea,
2261 3425 2446 3486 terra
2490 3426 2720 3484 autem

1159 3518 1544 3588 scabellum
1596 3520 1851 3612 pedum
1920 3543 2254 3591 meorum.
2326 3523 2427 3591 De
2476 3524 2717 3601 tertiis,

1166 3626 1297 3694 Isa.
1346 3650 1505 3703 ινιι,
1539 3630 1622 3694 20
1651 3648 1667 3696 :
1712 3629 1946 3719 Ιηιμίἰ,
1980 3632 2186 3720 quasi
2204 3653 2398 3699 mare
2422 3637 2716 3722 fervens.

1149 3731 1319 3823 βοὶ),
1363 3756 1597 3809 xxviii,
1640 3735 1718 3802 11
1750 3756 1765 3803 :
1801 3734 2102 3825 Abyssus
2131 3736 2303 3803 dicit
2342 3760 2365 3804 .·
2404 3738 2559 3806 Nou
2625 3747 2723 3805 est

1160 3843 1235 3910 in
1264 3866 1372 3910 me
1401 3866 1425 3911 .·
1454 3853 1520 3911 et
1555 3865 1748 3911 mare
1806 3843 2117 3934 quuitur
2145 3867 2170 3913 .·
2211 3846 2366 3914 Nou
2432 3856 2530 3914 est
2578 3870 2722 3914 me-

1158 3971 1343 4018 cum.
1390 3949 1491 4018 De
1521 3953 1805 4042 quartis,
1872 3949 2129 4018 Jerem.
2199 3974 2367 4032 xvii,
2403 3955 2486 4021 9:
2551 3956 2724 4023 Pra-

1159 4078 1324 4124 vum
1383 4068 1482 4125 est
1571 4079 1688 4125 cor
1748 4059 2060 4126 omnium
2121 4068 2187 4127 ct
2244 4060 2715 4129 inscrutabile.

1165 4161 1247 4232 ln
1277 4161 1388 4231 his
1428 4163 1764 4234 Dominus
1793 4164 1951 4232 facit
1980 4165 2156 4234 sieut
2186 4166 2356 4236 vult.

1259 4506 1293 4549 ι
1353 4481 1671 4551 Educens
1724 4482 1961 4551 nubes.
2006 4507 2042 4546 υ
2096 4482 2224 4553 llic
2270 4486 2493 4576 tangit
2546 4486 2719 4556 lacta

1165 4587 1508 4678 specialia.
1554 4589 1814 4670 Primo,
1846 4612 1927 4658 ea
1981 4612 2135 4681 quae
2181 4590 2357 4660 facta
2421 4602 2582 4661 sunt
2634 4593 2720 4662 ad

1164 4696 1530 4767 utilitatem
1567 4700 1776 4767 totius
1816 4698 2076 4768 mundi.
2141 4699 2488 4787 Secundo,
2547 4703 2722 4772 facta

1163 4803 1481 4895 quaedam
1545 4805 1633 4873 ad
1679 4804 2042 4874 utilitatem
2106 4809 2342 4900 populi
2420 4813 2552 4891 sui,
2597 4810 2716 4890 ibi,

1159 4917 1224 4986 ἵ.
1260 4913 1301 4980 8
1336 4933 1352 4978 :
1406 4941 1440 4974 κ
1473 4912 1612 4998 Qui
1636 4912 1975 5004 percussit
2001 4915 2425 5007 AEqyptum.
2464 4942 2500 4981 υ

1252 5017 1453 5087 Facta
1483 5027 1712 5108 autem
1750 5019 1835 5087 ad
1875 5020 2238 5091 utilitatem
2280 5025 2518 5095 mundi
2562 5035 2721 5095 sunt

1159 5124 1547 5219 dupliciter,
1587 5124 1695 5194 vel
1735 5125 1818 5193 ad
1866 5126 2226 5197 utilitatem
2276 5133 2581 5223 majoris,
2625 5135 2720 5204 sic

1158 5240 1319 5301 sunt
1349 5230 1593 5310 nubes,
1629 5252 1779 5322 quae
1817 5239 2203 5324 temperant
2240 5237 2561 5308 ardorem
2598 5262 2722 5309 so·

1158 5336 1264 5407 lis.
1313 5337 1391 5406 Si
1433 5337 1718 5407 minoris
1768 5338 2031 5424 mundi,
2072 5349 2190 5410 aut
2220 5342 2308 5411 ad
2354 5344 2718 5415 utilitatem

1144 5468 1246 5514 ex
1274 5453 1464 5537 parte
1521 5445 1791 5521 animae,
1826 5452 1902 5513 ut
1948 5444 2220 5539 fulgura
2268 5450 2355 5519 ad
2399 5452 2718 5523 timorem

1159 5551 1626 5622 incutiendum
1674 5573 1690 5619 τ
1731 5549 1844 5620 vel
1900 5573 1982 5621 ex
2027 5564 2221 5644 parte
2260 5562 2592 5651 corporis,
2642 5568 2721 5631 ut

1158 5658 1394 5752 pluvia
1420 5669 1489 5728 et
1514 5659 1727 5736 venti,
1753 5679 1903 5751 quae
1924 5663 2188 5731 suntad
2230 5667 2669 5738 nutriendum
2696 5693 2713 5740 :

4262 344 4390 414 413

2830 515 3069 607 pluvia
3099 518 3260 587 facit
3302 519 3815 589 foecunditatem
3839 532 3886 587 *z
3921 517 4103 585 venti
4136 538 4394 607 praepa-

2832 634 2986 692 rant
3024 626 3108 692 ad
3151 626 3365 706 illam,
3405 626 3516 696 vel
3572 627 4062 717 confringendo
4115 636 4386 702 terram,

2832 741 2909 798 ut
2965 732 3195 825 frigidi
3246 737 3435 803 venti
3479 759 3495 803 ε
3556 734 3667 803 vel
3698 734 4088 825 aperiend0‚
4143 743 4217 801 ut
4271 754 4391 800 ca·-

2836 839 2981 908 lidi.

2922 948 3104 1017 Dicit
3143 973 3302 1041 ergo
3367 972 3383 1017 ε
3433 949 3546 1018 Sic
3603 951 3760 1018 fecit
3809 972 3960 1040 quae
4016 948 4257 1025 voluit,
4329 953 4396 1014 et

2832 1056 3114 1146 ubique,
3149 1058 3292 1146 ipse
3324 1056 3503 1135 dico,
3552 1081 3585 1121 α
3629 1056 3914 1123 educens
3943 1055 4177 1134 nubes,
4225 1082 4254 1115 a
4304 1052 4389 1120 ad

2820 1162 3293 1252 refrigerium,
3337 1172 3617 1253 propter
3644 1164 3809 1232 solis
3839 1164 4178 1242 ardorem,
4216 1190 4250 1225 «
4303 1158 4390 1229 ab
4521 1200 4532 1251 5

2834 1274 3162 1339 extremis
3202 1282 3420 1340 terrae.
3487 1297 3519 1337 ιι
3573 1272 3780 1342 Ecoli.
3837 1296 4023 1353 xmu,
4072 1274 4148 1340 17
4215 1295 4229 1340 :
4309 1273 4392 1340 In

2833 1378 3318 1469 maqnitudine
3343 1404 3476 1450 sua
3509 1383 3749 1472 posuit
3783 1380 4017 1448 nubes.
4055 1410 4088 1443 «
4121 1380 4393 1471 Fulqu-

2831 1508 2912 1551 ra
2946 1512 2979 1548 »
3017 1487 3222 1553 etiam
3267 1513 3299 1550 α
3331 1488 3526 1577 lecit,
3563 1513 3596 1552 n
3631 1487 3717 1555 ad
3757 1487 4225 1555 incutiendum
4258 1496 4398 1554 ter-

2834 1614 3057 1659 rorem
3109 1615 3125 1660 :
3188 1600 3258 1661 et
3313 1592 3470 1674 hoc,
3526 1620 3560 1659 ι
3619 1595 3693 1661 iu
3751 1594 4100 1686 pluviam,
4163 1622 4195 1656 »
4255 1594 4391 1661 cito

2832 1699 3295 1768 convertendo
3362 1698 3447 1767 ad
3516 1701 4143 1769 consolationem}
4239 1699 4397 1768 facit

2831 1807 3016 1873 enim
3080 1806 3453 1898 aliquando
3512 1807 3721 1876 simul
3785 1831 3942 1875 cum
4008 1806 4391 1898 fulguribus

2829 1911 3125 2002 pluviaS,
3159 1913 3272 1982 vel
3309 1915 3540 1983 statim
3583 1923 3761 2005 post.
3796 1915 4047 1983 Jerem.
4104 1938 4174 1993 x,
4231 1915 4307 1982 13
4371 1935 4386 1980 :

2828 2021 3081 2087 Elevat
3116 2020 3408 2089 nebulas
3436 2022 3525 2088 ab
3564 2020 4114 2089 extremitatibus
4148 2030 4343 2088 terrae
4364 2043 4386 2089 .·

2827 2127 3130 2217 fulqura
3168 2130 3241 2194 in
3265 2126 3590 2217 pluviam
3619 2130 3821 2217 facit,
3866 2137 3992 2197 etc.

2918 2233 3153 2303 Nubes
3201 2242 3360 2302 sunt
3404 2236 3878 2326 praedicatores
3926 2244 3992 2303 et
4040 2235 4375 2324 Apostoli.

2828 2341 2959 2410 lsa.
3005 2365 3073 2419 V,
3110 2344 3151 2404 6
3188 2366 3204 2410 :
3246 2342 3567 2412 Nubibus
3597 2343 3944 2412 mandabo
3993 2367 4078 2411 ne
4125 2343 4383 2434 pluant

2825 2471 3034 2539 super
3061 2472 3212 2516 eam
3253 2449 3567 2519 imbrem.
3616 2450 3745 2520 lsa.
3781 2451 3966 2528 ιαμ-8
4010 2472 4025 2515 :
4066 2450 4203 2533 Qui
4226 2461 4386 2517 sunt

2828 2558 2969 2638 isli,
3032 2561 3156 2649 qui
3194 2570 3273 2627 ut
3307 2560 3523 2628 nubes
3560 2559 3868 2628 volant?
3921 2559 4063 2626 llos
4135 2558 4219 2626 ab
4275 2583 4389 2626 ex-

2829 2667 3287 2735 tremitatibus
3344 2675 3539 2735 terrae
3596 2666 3851 2756 eduxit,
3897 2668 4057 2758 quia
4124 2690 4163 2733 a
4228 2690 4390 2757 pau-

2829 2782 3112 2864 pertate,
3173 2784 3239 2843 et
3308 2775 3595 2859 vilitate,
3659 2777 3846 2867 quasi
3917 2784 4220 2843 extrema
4270 2800 4385 2843 as-

2827 2884 3146 2973 sumpsit.
3185 2866 3329 2950 tad
3387 2880 3697 2950 Corinth.
3760 2905 3807 2967 1,
3869 2883 3951 2948 27
4017 2903 4032 2950 :
4092 2882 4384 2971 Infirma

2828 2988 3078 3055 mundi
3104 2988 3311 3078 eleqit
3352 2989 3562 3065 Deus,
3600 2996 3675 3054 ut
3711 2986 4096 3077 confundat
4130 2988 4374 3077 sortia.

2829 3092 3132 3186 Fulgura
3191 3094 3396 3163 etiam
3465 3095 3537 3161 in
3593 3093 3899 3185 pluviam
3964 3093 4146 3176 facit,
4226 3094 4386 3186 quia

2827 3212 2985 3294 post
3039 3204 3653 3272 comminationem
3722 3202 4121 3287 terribilem,
4181 3207 4387 3272 etiam

2827 3311 3373 3380 consolationem
3425 3311 3756 3378 immittit.
3818 3310 3990 3378 Τοῦ.
4062 3332 4158 3394 ιιι,
4218 3313 4303 3377 22
4365 3333 4382 3377 :

2829 3421 2999 3486 Post
3034 3427 3503 3510 tempestatem
3533 3417 4005 3508 tranquillum
4023 3419 4228 3508 sacis,
4254 3427 4384 3488 ete.

2831 3524 3088 3593 llabac.
3132 3547 3228 3600 ιιι,
3272 3527 3312 3590 2
3349 3547 3363 3591 :
3402 3525 3580 3594 Cum
3630 3524 3852 3591 iratus
3897 3524 4146 3615 fucris,
4178 3524 4386 3591 mise-

2827 3632 3142 3701 ricordioe
3172 3631 3661 3700 recordaberis.

2913 3766 2944 3802 u
3012 3740 3151 3824 Qui
3200 3739 3528 3832 producit
3584 3748 3837 3821 ventos,
3901 3764 3934 3799 n
4005 3737 4259 3806 calidos
4320 3746 4386 3807 et

2828 3846 3137 3938 frigidos,
3181 3846 3560 3914 rationibus
3598 3845 3819 3922 dictis,
3865 3871 3897 3910 α
3941 3845 4026 3913 de
4054 3845 4391 3915 thesauris

2825 3954 2996 4033 suis,
3035 3980 3069 4016 κ
3111 3952 3196 4021 de
3234 3953 3460 4021 causis
3519 3951 3916 4030 latentibus,
3976 3959 4043 4020 et
4072 3951 4383 4038 occultis,

2826 4066 2901 4126 ut
2947 4059 3203 4126 sentias
3240 4065 3561 4137 stantem,
3606 4057 3725 4127 sed
3763 4059 3983 4126 nescis
4039 4057 4219 4125 unde
4265 4079 4385 4126 ve·

2828 4162 2993 4241 niat,
3027 4170 3145 4229 aut
3175 4184 3314 4254 quo
3349 4160 3577 4231 vadat.
3627 4161 3830 4230 Joan.
3885 4184 3983 4243 ιιι,
4016 4162 4057 4229 8
4102 4184 4119 4229 :
4153 4162 4388 4253 Spiri-

2827 4284 2939 4341 tus
2969 4272 3093 4341 ubi
3118 4271 3274 4341 vult
3297 4275 3549 4365 spirat,
3601 4284 3664 4341 et
3691 4294 3917 4342 vocem
3947 4270 4102 4361 ejus
4148 4271 4381 4351 audis,

2827 4389 2955 4450 etc.
3001 4380 3087 4450 Et
3123 4383 3496 4472 exponitur
3529 4382 3614 4450 de
3673 4389 3881 4449 vento
3935 4380 4021 4449 ad
4057 4378 4378 4450 litteram.

2828 4486 3032 4556 Eccli.
3069 4510 3253 4566 x1.111,
3294 4489 3375 4556 15
3412 4506 3430 4557 :
3463 4489 3710 4580 Aperti
3757 4497 3920 4556 suut
3967 4488 4294 4566 tlte-sauri,
4326 4497 4393 4557 et

2824 4595 3270 4664 evolaverunt
3347 4595 3618 4664 nebulae
3693 4598 3874 4665 sicut
3940 4620 4117 4664 aves.
4179 4594 4382 4663 Venti

2828 4702 3039 4770 etiam
3069 4701 3320 4770 animae
3360 4711 3544 4770 sunt.
3590 4704 3833 4780 AmoS‚
3877 4724 3971 4784 w,
4023 4701 4102 4768 13
4138 4721 4152 4766 :
4207 4702 4390 4769 For-

2828 4832 3028 4878 maus
3054 4819 3345 4892 montes,
3377 4819 3444 4878 et
3470 4832 3709 4877 creans
3744 4818 4048 4876 ventum.
4085 4805 4228 4876 Hos
4255 4807 4391 4898 spi·

2828 4916 2999 4983 ritus
3056 4914 3283 4983 educit
3321 4915 3405 4984 de
3455 4913 3790 4983 thesauris
3818 4916 4261 5007 praescientiae
4319 4921 4388 4984 et

2826 5023 3449 5117 praedestinationis
3548 5049 3689 5094 suoe
3780 5025 3868 5095 ad
3955 5024 4387 5094 latitudinem

2828 5140 3105 5201 oeternae
3127 5130 3388 5222 gloriae.
3413 5130 3521 5199 Ad
3542 5131 3835 5201 Roman.
3867 5154 4015 5212 viu,
4045 5132 4129 5199 30
4158 5153 4175 5199 :
4204 5132 4389 5216 Quos

2827 5249 3061 5308 autem
3101 5237 3646 5331 praedestinavit,
3687 5239 3810 5307 lios
3846 5247 3912 5305 et
3948 5238 4213 5307 vocavit
4251 5262 4274 5306 .·
4323 5246 4390 5307 et

2827 5369 3000 5440 quos
3038 5346 3330 5427 vocavit,
3387 5346 3511 5414 lios
3565 5355 3631 5413 et
3674 5344 4100 5434 justificavit
4138 5368 4162 5414 .·
4215 5368 4386 5437 quos

2827 5464 3062 5524 autem
3104 5452 3556 5544 justificavit,
3590 5451 3755 5521 illos
3807 5462 3872 5521 et
3932 5451 4379 5544 qlorificavit.

2828 5561 2975 5632 Sua
3039 5571 3271 5634 autem
3328 5562 3690 5654 praesentia
3755 5569 3824 5631 et
3883 5562 4385 5653 praedestinatio

2829 5672 3140 5741 thesauri
3176 5670 3524 5750 dicuntur,
3581 5669 3745 5762 quia
3796 5669 4139 5740 occultum
4171 5667 4395 5740 ‘nobis
