5008 6329
886 3931 1001 3998 14

1978 222 2690 292 COMMENTARIUS
2740 224 2832 289 IN
2882 224 3320 293 PSALMUM
3369 224 3582 292 CXV.
4258 220 4385 288 215

1171 392 1243 458 in
1287 391 1617 461 desiderio
1672 404 1740 464 et
1795 419 2053 466 amore.
2128 398 2321 466 Calix
2384 399 2568 466 enim
2635 397 2718 464 ab

1171 500 1319 589 ipso
1371 503 1671 574 Domino
1756 509 2160 599 appellatur,
2220 507 2467 575 Matth.
2530 530 2713 587 xxm,

2830 397 3052 463 solum
3084 419 3207 486 pro
3237 399 3414 485 ipso,
3446 397 3564 464 sed
3596 417 3717 487 pro
3746 391 4142 484 proximo.l
4172 392 4375 458 Joan.

2827 527 2924 585 111,
2992 507 3131 571 16:
3200 507 3544 588 Quoniam
3600 503 3749 585 ille,
3798 503 4108 570 animam
4171 521 4374 566 suam

1171 611 1306 679 39:
1359 618 1589 696 Pater,
1649 620 1713 687 si
1751 618 2081 710 possibile
2136 629 2257 696 est,
2314 627 2618 686 transeat
2675 641 2717 684 a
2813 634 2947 700 pro
3022 610 3217 677 nobis
3258 613 3522 701 posuit,
3600 620 3665 677 et
3706 634 3828 678 nos
3877 608 4200 677 debemus
4247 627 4378 696 pro

1166 742 1275 786 me
1321 724 1509 792 calix
1556 727 1702 794 iste.
1760 725 1921 803 Sed,
1960 754 1994 788 α
2033 725 2414 791 salutaris:
2456 750 2484 786 ι)
2537 724 2717 793 unde

1164 829 1310 918 ipse
1339 832 1601 900 dicebat
1630 834 1924 899 instante
1984 832 2223 899 mortis
2278 831 2473 915 hora,
2508 833 2708 901 Joan.

1161 959 1284 1019 χιι,
1345 942 1429 1007 27
1471 965 1494 1007 .·
1540 941 1780 1021 Pater,
1829 940 2148 1028 salvifica
2194 964 2303 1009 me
2337 942 2469 1009 lzac
2512 943 2708 1010 liora.

1159 1043 1411 1112 Jerem.
1479 1067 1645 1123 xxx,
1706 1047 1744 1112 Ἰ
1811 1067 1826 1111 :
1900 1047 2193 1138 Tempus
2239 1047 2709 1116 tribulationis

2820 719 3166 806 fratribus
3197 722 3447 787 aninas
3476 741 3756 809 ponere.
3797 744 3830 783 n

2921 1063 2950 1098 α
2981 1036 3295 1102 Pretiosa
3346 1036 3416 1102 in
3464 1045 3843 1125 conspectu.
3898 1062 3930 1098 ι)
3969 1034 4098 1103 Hic
4121 1057 4373 1103 secun-

1157 1161 1255 1218 est
1296 1151 1532 1232 Jacob,
1576 1164 1748 1222 etex
1777 1155 1923 1245 ipso
1976 1156 2391 1224 salvabitur.
2424 1155 2713 1245 Propter
2819 1142 3005 1211 (lum-
3080 1140 3290 1220 Quasi
3359 1141 3614 1212 (liceret
3666 1164 3682 1211 t
3738 1142 3852 1211 Sic
3900 1144 4176 1213 reddam
4206 1150 4371 1211 vota

1155 1256 1288 1325 hoc
1327 1263 1876 1352 consanguineos
1916 1263 2002 1331 ad
2039 1262 2224 1330 hunc
2270 1262 2551 1331 calicem
2611 1262 2711 1328 in-

1155 1362 1437 1444 vitabat,
1488 1365 1730 1436 Matth.
1769 1392 1887 1450 xx,
1932 1371 2018 1435 22
2081 1390 2096 1434 :
2142 1369 2436 1436 Potestis
2486 1367 2708 1435 bibere

1154 1470 1438 1538 calicem
1466 1496 1666 1562 quem
1689 1498 1814 1563 eqo
1845 1473 2194 1543 bibiturus
2221 1497 2377 1543 sum
2403 1473 2445 1542 ?

1245 1709 1281 1746 α
1311 1686 1408 1750 Et
1434 1705 1677 1750 nomen
1704 1686 2015 1753 Domini.
2059 1709 2093 1750 ι
2126 1685 2297 1754 Ecce
2327 1685 2703 1754 secundum

1152 1787 1360 1869 Quasi
1424 1788 1678 1858 diceret
1745 1812 1761 1857 ε
1837 1789 1954 1859 Sic
2014 1793 2345 1883 accipiam
2420 1793 2699 1860 calicem

1150 1897 1237 1984 ad
1302 1905 1592 1966 mortem
1645 1921 1755 1968 me
1808 1901 2282 1990 praeparandO,
2332 1902 2510 1970 sicut
2583 1901 2698 1992 qui

1149 2005 1392 2096 accipit
1435 2005 1714 2073 calicem
1767 2006 1853 2074 ad
1899 2007 2272 2076 bibendum
2321 2031 2392 2077 se
2429 2030 2699 2098 praepa-

1148 2122 1278 2181 rat.
1341 2143 1373 2176 «
1433 2117 1551 2192 Et,
1598 2140 1632 2180 »
1680 2116 1841 2205 quia
1883 2114 2016 2183 hoc
2071 2139 2213 2183 non
2268 2124 2372 2184 est
2435 2138 2694 2197 meum,

1147 2228 1225 2287 ut
1251 2219 1481 2287 bibam
1510 2243 1632 2311 per
1660 2223 2029 2312 meipsum,
2074 2247 2109 2289 α
2130 2246 2374 2290 nomen
2410 2225 2700 2292 Domini

1149 2331 1498 2412 invocabo,
1518 2356 1552 2397 ι
1585 2331 1770 2423 quod
1810 2334 2194 2401 virtuosum
2224 2343 2349 2402 est.
2382 2333 2492 2402 Ad
2526 2333 2695 2402 Phi-

1145 2437 1265 2529 lip.
1303 2462 1372 2518 11,
1398 2442 1438 2507 9
1489 2462 1506 2507 ε
1557 2443 1862 2509 Donavit
1885 2440 2026 2532 {illi
2069 2465 2338 2522 nomen,
2380 2442 2572 2533 quod
2598 2453 2695 2509 est

1144 2567 1354 2637 super
1408 2569 1604 2613 omne
1648 2569 1917 2615 nomen.
1982 2548 2136 2617 Act.
2184 2570 2279 2632 tv,
2338 2550 2417 2617 12
2462 2572 2479 2617 :
2539 2550 2693 2618 Non

1145 2663 1243 2720 est
1273 2654 1344 2721 in
1373 2653 1517 2720 alio
1543 2656 1785 2745 aliquo
1827 2656 2026 2723 salus
2058 2680 2074 2725 ε
2110 2681 2231 2723 nec
2255 2659 2436 2724 enim
2490 2656 2697 2724 aliml

1146 2781 1388 2828 nomen
1452 2772 1549 2828 est
1593 2760 1723 2828 sub
1779 2763 1947 2830 coelo
1987 2760 2230 2830 datum
2273 2760 2689 2838 hominibus,

1146 2869 1218 2935 in
1247 2891 1383 2960 quo
1412 2879 1721 2960 oporteat
1745 2893 1868 2938 nos
1908 2870 2139 2938 salvos
2168 2870 2350 2959 fieri,
2410 2868 2691 2938 calicem

1143 2975 1399 3044 scilicet
1448 2974 1795 3044 salubrem
1861 2977 2206 3046 sustineri.
2272 2976 2295 3043 l
2373 2974 2688 3046 Machab.

1143 3104 1238 3160 m,
1280 3085 1359 3151 111
1417 3105 1433 3151 :
1492 3085 1600 3152 De
1634 3084 1801 3151 coelo
1836 3083 2181 3175 fortitudo
2228 3092 2350 3167 est,
2400 3081 2488 3152 ad
2538 3106 2693 3151 sus-

1140 3190 1486 3259 tinendam
1564 3215 1687 3283 pro
1745 3193 2012 3280 justitia
2097 3201 2418 3261 mortem.
2480 3190 2684 3262 Eccli.

1140 3322 1227 3379 ιι,
1314 3300 1393 3369 ¹4
1463 3323 1479 3368 ε
1562 3301 1886 3369 Invocavi
1909 3299 2364 3393 {Dominum,
2416 3311 2687 3394 patrem

1137 3410 1441 3498 Domini⁶
1487 3410 1645 3487 mei,
1725 3418 1803 3476 ut
1873 3431 2008 3476 non
2093 3407 2531 3500 derelinquat
2584 3432 2690 3476 me

1138 3516 1210 3584 in
1248 3516 1360 3584 die
1397 3514 1870 3586 tribulationis
1916 3539 2105 3599 meae,
2147 3528 2212 3586 et
2258 3521 2333 3587 in
2389 3527 2687 3611 tempore

1131 3622 1605 3715 superborum,
1635 3626 1785 3693 sine
1818 3623 2207 3714 adjutorio.

1222 3972 1256 4006 κ
1315 3944 1476 4012 Vota
1522 3966 1700 4014 mea.
1774 3969 1808 4010 ι
1860 3943 1991 4015 llic
2042 3946 2344 4025 tertium,
2405 3946 2475 4013 in
2541 3968 2678 4037 quo

1129 4051 1428 4121 ostendit
1488 4073 1561 4119 se
1651 4060 1962 4141 paratum
2056 4051 2142 4121 ad
2228 4053 2515 4143 majora,
2594 4076 2674 4121 ex

1129 4158 1527 4228 desideratas
1558 4159 1801 4227 mortis
1839 4166 2076 4249 aperta
2112 4160 2609 4229 sustentatione
2657 4183 2673 4227 ε

1128 4273 1198 4334 et
1232 4264 1549 4334 dicuntur
1610 4263 1773 4334 duc.
1826 4262 2086 4350 Primo,
2148 4265 2390 4335 mortis
2444 4273 2677 4356 aperta

1124 4370 1550 4439 sustentatio.
1623 4368 1970 4454 Secundo,
2022 4371 2196 4439 ratio
2249 4393 2460 4463 quare
2509 4370 2675 4439 velit

1123 4499 1275 4547 eam
1351 4478 1419 4545 in
1484 4485 1721 4568 aperto
1774 4478 2138 4559 sustinere,
2201 4476 2321 4564 ibi,
2389 4486 2454 4556 5.
2527 4481 2604 4547 ¹5
2651 4500 2667 4547 :

1126 4610 1161 4652 α
1201 4587 1512 4655 Pretiosa
1542 4586 1616 4654 in
1652 4596 2035 4678 conspectu.
2071 4612 2106 4655 ι

1211 4694 1388 4764 Dicit
1443 4716 1606 4786 ergo
1650 4717 1668 4764 ε
1714 4693 1829 4765 Sic
1871 4694 2204 4788 accipiam
2248 4694 2531 4766 calicem
2585 4697 2670 4766 ad

1120 4813 1413 4873 mortem
1493 4824 1606 4872 mc
1698 4802 2174 4896 praeparando,
2242 4813 2313 4874 et
2387 4804 2661 4875 tandem

1123 4936 1158 4978 ι
1201 4911 1485 4981 reddam
1530 4920 1688 4980 vota
1726 4934 1906 4995 mea,
1950 4937 1984 4978 ι
2045 4911 2378 4983 desideria
2416 4914 2673 4983 scilicet

1119 5020 1384 5097 mortis,
1457 5047 1490 5080 κ
1560 5040 1793 5087 coram
1841 5020 2034 5088 omni
2093 5020 2364 5114 populo
2402 5020 2587 5112 ejus,
2633 5046 2667 5087 ι

1116 5126 1188 5193 in
1205 5134 1463 5217 aperto,
1490 5124 1648 5193 etin
1665 5126 2170 5194 communi.Ad
2191 5125 2442 5218 Philip.
2465 5150 2514 5209 1,
2539 5131 2665 5197 23:

1113 5232 1547 5301 Desiderium
1587 5229 1845 5301 liabens
1877 5232 2188 5313 dissolvi,
2231 5245 2297 5303 et
2331 5257 2471 5303 esse
2514 5259 2668 5305 cum

1118 5344 1412 5414 Christo.
1437 5343 1590 5412 Act.
1633 5366 1776 5428 xxi,
1808 5345 1931 5413 13:
1972 5346 2129 5434 Eyo
2166 5369 2303 5414 non
2321 5346 2671 5416 solumal-

1116 5452 1353 5545 liqari,
1381 5451 1506 5520 scd
1545 5461 1611 5521 et
1642 5455 1822 5522 mori
1858 5455 1932 5523 in
1965 5455 2353 5526 Jerusalem
2375 5468 2671 5548 paratus

1109 5584 1292 5643 sum,
1316 5569 1598 5654 propter
1641 5583 1888 5631 nomen
1935 5564 2216 5633 Domini
2259 5567 2425 5637 lesu
2473 5586 2491 5634 ε
2527 5587 2667 5636 non

2819 1274 2994 1331 mea,
3039 1259 3334 1319 mortem
3365 1250 3623 1319 scilicet
3686 1253 3756 1318 in
3786 1251 4121 1320 desiderio
4163 1250 4367 1318 habi-

2814 1365 2977 1425 tam.
3027 1357 3156 1424 lsa.
3207 1381 3351 1437 mx,
3403 1360 3480 1424 21
3550 1380 3566 1424 :
3623 1359 3788 1426 Vota
3827 1358 4163 1427 vobebunt
4214 1360 4366 1426 Do-

2813 1466 3027 1546 mino,
3088 1475 3153 1531 et
3214 1466 3480 1533 solvent
3525 1488 3541 1532 ε
3629 1466 3792 1556 quia
3857 1494 3891 1530 α
3959 1488 4143 1534 mors
4194 1489 4362 1533 san-

2809 1584 3075 1640 ctorum
3129 1573 3310 1662 ejus,
3366 1601 3400 1635 >³
3473 1596 3680 1664 quam
3736 1596 3861 1664 pro
3933 1574 4239 1656 nomine,
4302 1579 4368 1640 et

2809 1679 2939 1747 fide
3007 1680 3154 1770 ejus
3203 1681 3566 1760 sustinent,
3648 1707 3681 1747 α
3754 1691 3852 1749 est
3919 1681 4221 1772 pretiosa
4294 1681 4365 1746 in
4421 1684 4699 1785 §.¹:¹23ssss

2807 1801 3165 1881 conspectu
3223 1791 3524 1858 Domini.
3595 1816 3627 1856 »
3707 1790 3970 1870 Prima,
4034 1790 4192 1882 quia
4260 1798 4362 1858 est
4393 1794 4715 1893 ‘’stiffi-⁸¹3*

2805 1906 3075 1965 aeternac
3143 1897 3495 1980 claritatis,
3596 1896 3758 1980 Job,
3847 1921 3944 1982 xt,
4019 1899 4096 1965 17
4159 1919 4175 1966 ε
4263 1900 4363 1966 Et

2806 2007 3009 2095 quasi
3059 2006 3486 2074 meridianus
3528 2006 3778 2096 sulqor
3812 2014 4171 2095 cotisurqet
4236 2003 4365 2072 tibi

2806 2112 2903 2179 ad
2946 2136 3289 2203 vesperam
3345 2136 3368 2178 .·
3425 2121 3490 2179 et
3553 2134 3711 2179 cum
3769 2121 3833 2178 te
3876 2122 4359 2203 consumptum

2796 2222 3177 2310 putaveris,
3211 2220 3453 2287 orieris
3510 2230 3588 2287 ut
3647 2218 3920 2311 lucifer.
3970 2219 4357 2311 Aequisitio

2805 2335 3147 2417 perpetum
3189 2325 3936 2418 quietis,Apocal.x1v,
3990 2327 4069 2393 13
4122 2349 4138 2393 :
4190 2327 4364 2395 Bea-

2803 2436 2859 2502 ti
2898 2436 3158 2503 mortui
3239 2436 3363 2525 qui
3428 2435 3499 2502 in
3567 2435 3867 2502 Domino
3934 2434 4352 2501 moriuntur.

2799 2542 3067 2611 Amodo
3132 2544 3313 2609 enim
3349 2541 3514 2631 jam
3573 2541 3767 2621 dicit,
3819 2551 3945 2610 etc.
4003 2541 4355 2610 Possessio

2801 2658 3148 2742 perpetuae
3189 2651 3595 2729 securitatis,
3625 2650 3784 2729 Job,
3820 2674 3914 2729 xi,
3962 2651 4041 2717 18
4099 2659 4166 2718 et
4211 2652 4288 2716 19
4334 2673 4350 2717 :

2798 2760 2894 2826 Et
2932 2759 3247 2850 defossus
3280 2781 3560 2827 securus
3580 2759 3897 2826 dormies,
3932 2759 4351 2848 llequiesces,

2797 2876 2861 2932 et
2895 2890 3032 2933 non
3103 2866 3233 2933 erit
3297 2867 3423 2958 qui
3459 2875 3525 2936 te
3587 2874 3948 2934 exterreat.
4001 2863 4357 2956 Ingressus

2796 2974 3258 3053 adundantiae,
3302 2982 3372 3043 et
3431 2972 3812 3050 suavitatis,
3856 2971 3967 3040 vel
3997 2972 4351 3056 satietatis,

2793 3081 2953 3162 Job,
2996 3105 3067 3168 v,
3102 3086 3233 3152 26:
3294 3080 3717 3174 Ingredieris
3782 3081 3853 3148 in
3918 3079 4357 3148 abundantia

2793 3194 3186 3284 sepulcrum
3242 3190 3485 3260 llostia
3521 3213 3701 3260 verm
3741 3188 4173 3281 placationis,
4240 3212 4357 3257 se-

2794 3298 3095 3368 cundum
3137 3298 3303 3367 illud
3334 3298 3680 3390 Apostoli,
3730 3296 3818 3366 ad
3870 3296 4167 3365 lloman.
4223 3297 4346 3381 xii,

2800 3414 2823 3477 1
2852 3434 2867 3478 :
2894 3411 3180 3480 Obsecro
3199 3431 3338 3494 vos,
3360 3411 3642 3499 fratres,
3662 3431 3789 3501 per
3809 3408 4351 3477 misericordiam

2790 3522 2945 3597 Dei,
2981 3531 3058 3588 ut
3096 3517 3476 3586 exhibeatis
3495 3541 3784 3610 corpora
3803 3528 4025 3587 vestra
4052 3516 4351 3585 bostiam

2790 3630 3147 3707 viventem,
3188 3636 3529 3706 sanctam,
3563 3630 3709 3696 Deo
3730 3625 4143 3717 placentem.
4177 3623 4350 3691 Eva-

2788 3736 2891 3802 sio
2957 3743 3231 3802 aeterum
3321 3731 3809 3816 damnationis,
3907 3739 3975 3799 et
4073 3731 4342 3807 mortis,

2786 3842 3073 3932 Apocal.
3127 3863 3196 3917 n,
3230 3843 3299 3909 11
3344 3860 3361 3908 z
3410 3840 3550 3925 Qui
3586 3839 3847 3914 vicerit.
3888 3861 4024 3906 non
4061 3836 4347 3905 laedetur

2784 3973 2827 4015 a
2857 3956 3077 4015 morte
3117 3946 3445 4015 secunda.
3498 3943 3746 4013 Nullus
3793 3953 4022 4014 autem
4090 3943 4341 4013 melius

2784 4055 3020 4138 vincit,
3081 4076 3291 4146 quam
3353 4052 3471 4145 qui
3538 4075 3664 4143 pro
3719 4050 3994 4120 Christo
4041 4058 4338 4120 mortem

2782 4164 3097 4232 sustinet.
3178 4161 3470 4253 Propter
3522 4159 3656 4229 boc
3727 4158 3999 4238 dicitur,
4058 4158 4335 4228 Denter.

2781 4293 3022 4351 xum,
3080 4273 3161 4340 18
3203 4291 3221 4340 :
3273 4274 3565 4349 Laetare,
3617 4266 3966 4338 Zabulon.
4034 4266 4339 4337 Zabulon

2778 4400 3012 4448 cervus
3075 4379 3390 4457 emissus,
3469 4375 3730 4445 scilicet
3791 4375 4027 4445 anima
4100 4376 4336 4445 omnia

2781 4487 3198 4569 transiliens,
3233 4509 3357 4579 pro
3414 4483 3687 4554 Christo
3733 4492 4233 4571 comtemnens,
4265 4485 4337 4552 in

2779 4597 2965 4667 exitu
2997 4604 3142 4665 tuo.

2866 4943 2900 4981 αι
2939 4915 3346 4997 ODomine,
3406 4917 3577 5009 quia
3633 4942 3756 5009 eqo
3798 4940 4055 4986 servm.
4114 4946 4147 4981 »ο
4197 4918 4326 4990 llic
4455 4919 4583 4988 ’θ

2773 5023 3071 5094 secunda
3100 5047 3258 5115 pars
3287 5025 3501 5094 totius
3538 5023 3744 5115 hujus
3782 5023 4066 5104 Psalmi,
4097 5026 4326 5120 inqua
4354 5020 4680 5134 „sgfflpffih

2773 5132 3127 5223 subjungit
3154 5155 3282 5224 pro
3323 5133 3528 5202 tantis
3565 5131 3917 5201 beneficiis
3961 5134 4088 5203 sibi
4119 5136 4321 5224 datis,

2771 5245 3151 5337 gratiarum
3198 5245 3589 5316 actionem:
3645 5251 3713 5313 et
3778 5244 4096 5317 dicuntur
4167 5249 4323 5319 tria.

2776 5352 3039 5434 l’rimo,
3100 5351 3421 5422 describit
3490 5358 3745 5422 statum
3808 5355 4192 5448 proprium,
4251 5366 4330 5427 ut

2775 5458 3089 5530 ostendat
3108 5481 3180 5529 se
3210 5482 3412 5550 posse
3441 5460 3697 5552 gratias
3725 5483 3951 5553 agere.
3980 5460 4323 5545 Secundo,

2777 5568 3111 5661 promittit
3200 5588 3272 5636 se
3366 5568 3622 5659 gratias
3696 5566 4119 5639 redditurum
4199 5571 4323 5659 ibi,
