5008 6329
1877 381 2590 452 COMMENTARIUS
2640 381 2734 449 IN
2785 382 3219 452 PSALMUM
3272 386 3547 455 CXXV.

1106 560 1250 624 rius
1279 555 1535 622 seilicet
1573 576 1650 621 os
1699 553 1949 634 cordis,
2008 552 2140 620 hoc
2192 562 2315 634 est,
2378 552 2661 620 affectus

1110 664 1226 754 qui
1266 670 1541 753 saporat
1570 684 1702 729 reS.
1753 660 1998 729 Matth.
2052 684 2166 739 κν,
2210 661 2338 748 20,
2394 659 2477 725 de
2534 658 2666 725 hoc

1109 794 1224 840 ore
1263 794 1278 839 ε
1327 773 1492 855 Quae
1531 770 1619 837 de
1648 793 1762 837 ore
1826 777 2099 847 eoeeunt,
2159 768 2299 833 lzaec
2324 775 2486 832 sunt
2514 789 2665 856 quae

1119 883 1569 973 coinquinant
1604 882 1973 948 hominem.

1191 1014 1225 1055 α
1267 992 1364 1058 Et
1395 991 1641 1080 linqua
1670 997 1928 1054 nostra.
1969 1009 2001 1050 n
2043 985 2152 1052 Ad
2199 984 2497 1052 litteram
2529 984 2665 1052 lin-

1104 1120 1243 1189 gua
1300 1089 1547 1178 carnis,
1602 1122 1636 1159 α
1699 1092 2127 1161 exultatione
2198 1121 2231 1156 2>
2313 1095 2660 1173 exteriori,

1103 1207 1297 1296 quasi
1338 1204 1639 1296 quodam
1661 1201 1910 1291 jubilo.
1945 1200 2185 1268 Matth.
2220 1225 2339 1287 xu,
2376 1203 2461 1269 34
2497 1224 2512 1269 ε
2547 1204 2664 1269 Ea:

1103 1312 1542 1381 abundantia
1570 1308 1794 1377 cordis
1831 1331 1904 1376 os
1936 1309 2268 1400 loquitur.
2319 1308 2479 1392 Job,
2512 1331 2658 1389 vni,

1107 1422 1192 1489 20
1223 1428 1291 1488 et
1328 1421 1407 1487 21
1457 1440 1472 1486 ε
1506 1420 1696 1486 Deus
1733 1440 1872 1484 non
1902 1416 2229 1508 projiciet
2246 1416 2659 1507 simplicem,

1109 1527 1558 1619 necporriqet
1587 1547 1876 1592 manum
1906 1523 2265 1613 mulionis,
2298 1523 2508 1592 donec
2538 1525 2664 1591 im-

1101 1637 1390 1728 pleatur
1411 1635 1561 1703 risu
1583 1658 1657 1702 os
1681 1644 1906 1712 tuum,
1935 1644 1997 1701 et
2029 1632 2218 1700 lobia
2239 1643 2363 1700 tuo
2389 1632 2655 1722 jubilo.

1104 1743 1277 1812 Ecce
1301 1764 1554 1834 magna
1583 1740 1991 1810 consolatio,
2030 1739 2425 1807 Notandum
2448 1743 2658 1825 enim,

1103 1850 1288 1943 quod
1318 1858 1417 1918 est
1446 1848 1826 1920 consolatio
1856 1846 2121 1926 mundi,
2148 1870 2298 1937 quae
2327 1856 2428 1916 est
2455 1871 2655 1927 vana,

1104 1957 1269 2025 Luc.
1303 1980 1399 2037 v1,
1445 1957 1530 2024 24
1573 1977 1589 2025 ε
1657 1957 1763 2025 Vae
1836 1954 2026 2023 vobis
2083 1954 2438 2034 divitibus,
2496 1956 2662 2046 quio

1100 2064 1368 2133 habetis
1422 2065 1962 2132 consolationem
2024 2073 2341 2133 vestram.
2411 2063 2497 2131 Et
2562 2072 2665 2131 est

1103 2172 1482 2242 consolatio
1522 2171 1694 2263 spei,
1748 2194 1899 2263 quae
1956 2179 2058 2239 est
2100 2193 2284 2250 vera,
2346 2180 2413 2239 et
2452 2180 2658 2251 certa,

1103 2278 1285 2348 Psal.
1323 2301 1554 2357 cxvm,
1588 2279 1675 2345 50
1709 2299 1725 2344 :
1760 2279 1921 2345 Jlaec
1948 2300 2056 2344 me
2084 2278 2436 2344 consolato
2464 2287 2561 2345 est
2591 2278 2659 2344 in

1100 2385 1501 2453 humilitate
1559 2406 1734 2452 mea.
1808 2382 1893 2451 Et
1939 2392 2042 2450 est
2098 2383 2473 2451 consolatio
2535 2382 2658 2451 Dei

1102 2515 1256 2585 quae
1279 2499 1380 2560 est
1407 2490 1611 2583 plena
1641 2499 1709 2560 et
1744 2490 2064 2583 perfecta,
2097 2490 2179 2559 de
2209 2513 2366 2582 qua,
2412 2490 2654 2560 Matth.

1099 2623 1168 2679 ν,
1222 2603 1312 2669 5:
1373 2602 1578 2668 Beati
1621 2601 1747 2691 qui
1804 2598 2066 2691 luqent,
2142 2602 2473 2691 quoniam
2528 2601 2662 2692 ipsi

1099 2707 1668 2778 consolabuntur.

1189 2951 1223 2987 α
1261 2924 1445 2990 Tunc
1472 2921 1698 2990 dicent
1748 2922 1925 2988 inter
1985 2920 2251 2989 Gentes.
2299 2943 2333 2984 »
2377 2919 2504 2988 llic
2550 2942 2664 2988 se-

1111 3028 1441 3109 cundum,
1527 3029 1597 3095 in
1663 3049 1801 3118 quo
1869 3025 2168 3095 secunda
2236 3049 2442 3094 causa
2499 3049 2656 3095 con·

1098 3135 1458 3206 solutionis
1511 3142 1579 3205 et
1637 3133 1889 3204 laetitiae
1974 3134 2304 3225 tangitur,
2404 3133 2660 3203 scilicet

1103 3244 1570 3336 magnificatio
1678 3241 1977 3312 liberatoe
2073 3243 2344 3320 animm,
2452 3265 2661 3333 quam

1105 3353 1404 3424 ostendit
1470 3376 1554 3423 ex
1618 3351 1873 3444 duplici
1964 3339 2412 3418 confessione.
2506 3350 2662 3418 Pri-

1105 3484 1247 3542 mo,
1326 3483 1411 3530 ex
1484 3459 1731 3528 aliena.
1787 3455 2133 3540 Secunde,
2212 3480 2298 3524 ex
2351 3459 2653 3548 propria,

1104 3568 1223 3649 ibi,
1264 3575 1329 3646 ᾗ.
1384 3569 1424 3637 3
1478 3590 1494 3637 :
1548 3594 1584 3633 ι
1625 3565 2107 3658 Maqnificavit
2148 3564 2509 3633 Dominus,
2557 3589 2592 3629 ι

1194 3675 1374 3744 Dicit
1408 3697 1574 3765 ergo
1619 3693 1637 3743 ε
1675 3670 1792 3741 Sic
1828 3694 2066 3740 sumus
2104 3669 2338 3756 laetati,
2380 3678 2447 3740 et
2484 3695 2660 3741 con-

1098 3782 1297 3853 solati
1326 3804 1411 3851 ex
1448 3781 1897 3850 conversione
1938 3778 2184 3846 animae
2212 3800 2254 3845 a
2298 3779 2661 3870 captivita-

1097 3900 1189 3968 te.
1215 3914 1339 3961 nec
1368 3913 1494 3959 nos
1522 3887 1775 3971 solum,
1799 3888 1964 3966 imo,
2000 3889 2445 3955 conversione
2475 3910 2661 3956 com-

1093 4000 1304 4094 pleta,
1348 4028 1385 4067 α
1416 4009 1580 4069 tunc
1609 3998 1832 4067 dicent
1863 3998 2039 4065 inter
2059 3998 2323 4076 Gentes,
2351 4022 2386 4062 ι
2421 3996 2489 4065 id
2526 4007 2653 4079 est,

1097 4107 1357 4200 aliquid
1421 4106 1507 4176 de
1564 4103 1974 4187 Gentilibus,
2035 4112 2105 4172 et
2157 4126 2296 4172 non
2354 4127 2651 4175 omnes:

1094 4214 1580 4307 Moqnificavit
1614 4213 1961 4281 Dominus
1983 4213 2213 4301 facere
2255 4234 2410 4280 cum
2449 4213 2571 4290 eis,
2615 4237 2650 4277 ι

1095 4323 1231 4394 hoc
1257 4332 1385 4405 est,
1418 4346 1578 4393 cum
1607 4324 1706 4393 eis
1736 4345 1986 4415 magna
2034 4321 2251 4392 iacere
2309 4322 2552 4403 voluit,
2587 4320 2655 4390 id

1096 4441 1225 4518 est,
1268 4455 1592 4526 magnam
1624 4434 1942 4524 gratiam,
1984 4439 2053 4499 et
2081 4429 2166 4499 ad
2203 4453 2453 4522 magna
2483 4453 2656 4524 ope-

1096 4539 1389 4610 randum
1452 4541 1745 4633 gratiam
1846 4539 2115 4608 infudit.
2171 4537 2278 4607 Ad
2356 4539 2649 4609 Roman.

1094 4671 1242 4731 vm,
1277 4650 1362 4718 30
1394 4669 1412 4720 :
1452 4649 1638 4735 Quos
1666 4648 1954 4731 vocavit,
2002 4648 2128 4716 lios
2164 4658 2230 4716 et
2288 4647 2657 4738 justifica-

1095 4756 1194 4824 vit
1229 4776 1257 4826 .·
1321 4776 1493 4847 quos
1550 4762 1784 4822 autem
1834 4752 2285 4843 justificavit,
2361 4753 2526 4822 illos
2590 4764 2657 4822 et

1090 4860 1541 4952 qlorificovit.
1576 4858 1842 4941 Judith,
1918 4882 2065 4941 xm,
2124 4860 2203 4930 31
2245 4883 2263 4928 ε
2332 4860 2413 4929 In
2463 4862 2658 4930 omni

1091 4979 1293 5062 qente
1318 4991 1470 5061 quae
1498 4967 1804 5037 audierit
1828 4990 2071 5037 nomen
2103 4977 2327 5050 tuum,
2370 4971 2655 5060 moqni-

1093 5077 1422 5169 ficabitur
1446 5099 1656 5169 super
1718 5085 1783 5144 te
1842 5079 2032 5146 Deus
2082 5076 2330 5158 Israel,
2401 5076 2470 5146 id
2528 5087 2654 5159 est,

1096 5208 1391 5277 magnus
1411 5183 1910 5275 praedicabitur.
1944 5183 2079 5254 Isa.
2136 5207 2258 5267 xu,
2301 5186 2343 5255 5
2385 5205 2402 5255 τ
2480 5186 2659 5255 Con·

1098 5302 1238 5361 tote
1273 5291 1599 5370 Domino,
1659 5291 1988 5383 quoniam
2046 5291 2411 5382 maqnifice
2463 5293 2656 5381 secit.

1097 5398 1263 5467 Luc.
1308 5421 1355 5482 1,
1388 5400 1475 5469 58
1510 5401 1648 5468 :Et
1676 5397 2053 5467 audierunt
2082 5385 2291 5467 oicini
2317 5408 2381 5468 et
2409 5422 2662 5490 eoqua-

1099 5505 1154 5573 ti
1181 5504 1363 5596 ejus,
1386 5504 1555 5596 quia
1611 5504 2087 5595 maqnificavit
2142 5507 2482 5574 Dominus
2520 5507 2663 5573 mi-

1170 5739 1188 5776 ¹
1219 5735 1310 5794 Ad
1335 5735 1554 5811 Ephes.
1586 5753 1662 5809 nv,
1690 5738 1724 5794 8
1757 5754 1773 5795 :
1804 5738 2117 5797 Ascendens
2144 5739 2205 5794 in
2232 5737 2415 5795 altum
2470 5741 2660 5812 copti-

4209 393 4331 459 367

2774 554 3218 620 sericorcliam
3237 577 3439 621 suam
3488 580 3643 624 cum
3711 557 3870 641 illa,
3914 568 3978 626 et
4040 583 4335 650 conqra-

2778 661 3195 730 tutabantur
3236 665 3322 731 ei.

2870 1010 2900 1042 a
2932 984 3413 1073 Maqnificavit
3449 988 3814 1054 Dominus.
3856 1013 3888 1053 1>
3923 988 4052 1057 Hic
4080 1012 4331 1058 secun-

2771 1087 2936 1154 dum
2974 1092 3212 1178 primae
3240 1093 3473 1181 partiS,
3521 1092 3778 1162 scilicet
3833 1097 4112 1186 propria
4169 1120 4329 1165 con-

2769 1193 3018 1263 fessio:
3068 1205 3134 1264 et
3157 1204 3531 1289 tanguntur
3560 1200 3721 1271 due.
3759 1202 4023 1283 Primo,
4061 1205 4333 1274 confes-

2770 1305 2873 1371 sio
2892 1306 3123 1394 gratiae
3141 1328 3222 1373 ex
3245 1308 3740 1399 magnitudine.
3766 1309 4113 1392 Secundo,
4130 1337 4333 1405 gene·

2767 1421 2916 1480 rata
2936 1436 3018 1481 ex
3037 1412 3166 1482 hoc
3187 1416 3569 1496 exsultatiO,
3591 1418 3709 1501 ibi,
3737 1444 3771 1484 α
3797 1422 4003 1488 Facti
4018 1446 4329 1492 sumus.»

2861 1521 3036 1590 Dicit
3063 1543 3270 1614 ergo:
3312 1523 3425 1593 Sic
3454 1526 3678 1594 dicent
3708 1527 3982 1608 Gentes,
4019 1538 4086 1600 et
4117 1533 4323 1602 etiam

2768 1650 2895 1696 nos
2917 1630 3252 1700 dicemus:
3284 1661 3316 1697 «
3341 1636 3686 1703 Dominus
3715 1640 4194 1729 magnificavit
4219 1645 4334 1732 sa·

2767 1759 2911 1804 cere
2947 1738 3323 1821 nobiscum,
3373 1768 3404 1804 ›>
3441 1740 3571 1809 hoc
3618 1751 3743 1822 est,
3807 1745 4009 1815 nobis
4079 1772 4330 1841 magna

2769 1842 2986 1913 iacere
3015 1869 3096 1913 ex
3126 1869 3248 1914 sua
3288 1850 3508 1939 gratia
3563 1849 3805 1919 voluit.
3864 1853 4132 1937 Judith,
4184 1880 4331 1939 xm,

2775 1952 2853 2017 13
2885 1973 2900 2017 :
2945 1952 3313 2022 Nobiscum
3344 1966 3439 2023 est
3494 1960 3706 2041 Deus,
3740 1961 3865 2049 qui
3901 1963 4070 2050 fecit
4108 1965 4336 2032 virtu-

2767 2069 2900 2126 tem
2933 2062 3001 2127 in
3041 2063 3282 2131 Israel.
3327 2064 3494 2132 Tob.
3541 2089 3687 2145 xm,
3723 2069 3807 2136 7:
3859 2070 4016 2159 qu
4048 2074 4121 2140 in
4152 2082 4333 2142 terra

2765 2169 3187 2258 captiuitatis
3235 2193 3399 2238 mese
3436 2172 3809 2261 confitebor
3850 2175 3989 2244 illi.
4056 2178 4336 2258 Quare?

2771 2275 3113 2357 Quoniam
3189 2280 3487 2348 ostendit
3569 2282 4010 2371 majestatem
4099 2309 4326 2355 suam.

2765 2380 3026 2450 Malacli
3039 2435 3053 2449 .
3083 2408 3127 2462 1,
3153 2386 3192 2452 5
3214 2408 3230 2453 :
3252 2388 3744 2476 Allaqnificetur
3762 2392 4108 2460 Dominus
4126 2416 4335 2486 super

2764 2490 3136 2556 terminum
3187 2491 3431 2559 lsrael.

2858 2623 2892 2661 α
2927 2600 3129 2666 Facti
3154 2622 3422 2679 sumus,
3459 2626 3493 2667 »
3539 2611 3606 2670 et
3636 2601 3797 2683 hoc,
3842 2634 3875 2668 α
3920 2605 4257 2676 laetantes.
4296 2637 4330 2674 »

2762 2703 2939 2783 Joel,
2975 2728 3044 2782 u,
3072 2707 3146 2772 21
3194 2727 3211 2776 ε
3245 2709 3576 2787 Exsulta,
3611 2719 3675 2777 et
3707 2711 3968 2798 laetare,
4001 2718 4331 2806 quoniam

2768 2816 3239 2904 tuomum-orit
3320 2819 3664 2886 Dominus
3722 2831 3800 2889 ut
3853 2825 4136 2911 faceret.
4197 2824 4325 2898 lsa.

2767 2944 2887 3000 xn,
2960 2925 2999 2989 (3
3035 2945 3050 2992 :
3135 2927 3468 3006 Iz'anIta,
3531 2938 3594 2995 et
3673 2930 3919 3016 laudo,
3989 2933 4331 3004 habitatio

2765 3030 2962 3113 Sion,
2995 3033 3163 3122 quio
3203 3054 3499 3124 moqnus
3529 3036 3598 3102 in
3632 3038 3859 3105 medio
3904 3039 4011 3107 tui
4035 3042 4331 3110 Sanctus

2768 3139 3008 3208 lsrael.
3045 3139 3150 3218 Et,
3195 3164 3377 3222 tvm,
3437 3144 3559 3213 14:
3613 3145 4076 3217 Delectaberis
4123 3173 4333 3244 super

2769 3248 3089 3325 Domino,
3121 3272 3274 3318 ecce
3306 3249 3536 3319 laetitia
3567 3271 3585 3323 2
3620 3261 3687 3321 et
3726 3255 4041 3326 subditur
4069 3280 4274 3327 causa
4309 3282 4325 3326 :

2766 3354 2821 3421 S
2825 3362 2973 3419 usto
2982 3352 3154 3421 llam
3177 3365 3240 3422 te
3255 3378 3464 3449 super
3484 3356 3932 3431 altitudinem
3965 3373 4321 3443 terrae,etc.

2857 3699 2892 3736 α
2940 3673 3289 3755 Converte,
3319 3676 3640 3743 Domine.
3684 3704 3717 3738 ιο
3769 3675 3900 3747 nio
3943 3680 4320 3749 secuudum

2764 3781 3001 3870 priniae
3043 3784 3280 3871 partis,
3331 3785 3402 3851 in
3456 3806 3593 3875 quo
3644 3792 3920 3855 ostensa
3964 3786 4200 3857 laetitia
4255 3798 4321 3858 et

2763 3886 3123 3957 devotione
3180 3913 3266 3957 ex
3331 3889 3734 3960 liberatione
3813 3916 3855 3961 a
3947 3894 4225 3964 miseria
4256 3904 4323 3964 et

2761 3990 3175 4088 captivitate,
3209 3997 3440 4066 subdit
3478 3999 3880 4088 petitionem
3929 4023 4054 4092 pro
4104 4003 4327 4094 perie-

2761 4110 2869 4170 cta
2899 4101 3324 4171 liberatione.
3360 4103 3517 4172 Duo
3548 4128 3714 4197 ergo
3746 4106 4092 4177 dicuntur.
4172 4110 4329 4178 Pri-

2761 4232 2904 4293 mo,
2936 4212 3100 4303 petit
3136 4210 3402 4280 absolvi
3432 4236 3474 4281 a
3502 4214 3926 4304 captivitate.
3974 4215 4322 4295 Secundo,

2762 4317 2947 4387 addit
2977 4318 3256 4388 modum
3298 4343 3436 4411 quo
3506 4320 3783 4391 liberari
3853 4324 4122 4415 quaerit,
4199 4325 4323 4395 ibi.

2764 4454 2798 4488 «
2829 4427 3029 4495 Sicut
3057 4437 3347 4496 torrens.
3386 4453 3421 4493 ι

2849 4533 3026 4602 Dicit
3053 4557 3215 4626 ergo
3259 4557 3276 4603 ε
3314 4535 3430 4605 Sic
3484 4535 3691 4605 laetati
3723 4546 3791 4608 et
3843 4540 4179 4609 consolati
4220 4566 4331 4611 su·

2760 4664 2914 4709 mus
2944 4641 3026 4709 de
3057 4650 3292 4711 nostra
3328 4640 3763 4723 liberatione,
3829 4654 3896 4715 et
3964 4648 4329 4739 magnifica

2757 4750 2991 4839 gratim
3046 4749 3467 4820 collatione:
3539 4758 3770 4820 tamen
3829 4754 3993 4845 quia
4058 4776 4333 4847 semper

2761 4858 3124 4947 insurgunt
3178 4880 3454 4949 pugnae,
3524 4880 3566 4926 o
3620 4882 3654 4926 «
3716 4862 4039 4940 Domine,
4105 4887 4139 4928 »
4211 4864 4329 4956 qui

2759 4971 2954 5055 potes
2982 4963 3195 5046 solus,
3240 4991 3271 5027 α
3297 4975 3628 5045 converte,
3667 4991 3702 5031 ι
3730 4966 4029 5058 plenius,
4083 4976 4145 5037 et
4178 4992 4326 5060 per-

2759 5069 3025 5153 fectius,
3063 5097 3095 5137 ι
3121 5071 3593 5163 captivitatem
3625 5084 3966 5153 nostram,
4009 5103 4042 5137 υ
4091 5075 4160 5144 id
4191 5085 4324 5161 est,

2759 5201 2887 5247 nos
2924 5180 3255 5270 captivos,
3289 5178 3675 5271 emphatice
3713 5181 4180 5272 captivitatem
4213 5181 4325 5251 di-

2760 5293 2932 5363 ctos,
2977 5287 3150 5354 sicut
3213 5310 3446 5377 supra,
3517 5286 3587 5354 in
3655 5286 3838 5355 Psal.
3901 5310 4112 5368 van,
4187 5292 4324 5360 19:

2759 5393 3142 5462 Ascendisti
3185 5395 3258 5461 in
3315 5394 3571 5473 altum,
3651 5395 3892 5486 cepisti
3955 5398 4332 5489 captivita-

2762 5515 2897 5572 tem
2936 5505 2980 5570 '.
3013 5500 3262 5571 Thren.
3297 5526 3364 5583 v,
3395 5505 3473 5571 21
3517 5525 3533 5572 ε
3592 5504 3916 5575 Converte
3969 5529 4119 5592 nos,
4179 5509 4332 5579 Do-

2764 5753 2886 5794 vam
2910 5735 3074 5794 ‹iu-eit
3102 5736 3510 5810 captivitatem.
