5008 6329
690 324 817 391 288

688 497 1084 564 sustinuisse
1103 490 1650 563 adversarorium
1666 489 2238 578 persecutionem,

692 614 922 698 petens
961 602 1377 693 adjutorium
1417 606 1482 666 et
1521 598 2077 667 subventionem.
2115 597 2244 666 Se-

692 714 935 792 cundo,
980 709 1275 779 ostendit
1319 707 1816 799 persecutionis
1868 707 2243 776 vehemen-

692 824 880 899 tiam,
906 819 1023 898 ibi,
1055 826 1120 895 ᾗ.
1157 817 1240 886 87
1281 840 1296 886 :
1325 842 1358 883 α
1382 817 1618 885 Paulo
1658 817 1890 883 minus
1923 836 2244 883 consum-

692 937 1066 997 maverunt.
1113 953 1147 990 >2

781 1038 857 1105 In
895 1039 1113 1128 prima
1144 1038 1293 1106 tria.
1339 1036 1604 1118 Prim0,
1639 1032 1943 1121 tangitur
1970 1028 2245 1096 manda·

690 1154 913 1213 torum
942 1145 1067 1214 Dei
1107 1143 1432 1224 conditi0,
1478 1142 1639 1231 quia
1668 1160 1854 1206 vera.
1895 1135 2238 1215 Secunde,

691 1255 1062 1346 persecutio
1102 1253 1292 1320 illata
1320 1250 1405 1316 ab
1431 1246 1764 1322 inimicis,
1801 1254 2079 1337 propter
2099 1244 2239 1327 illa,

692 1363 808 1440 ibi,
858 1385 892 1426 α
948 1359 1185 1448 Iniqui
1229 1354 1582 1447 persecuti
1629 1361 1793 1420 sunt
1822 1374 1951 1419 me.
2006 1376 2039 1417 ι»
2070 1350 2244 1418 Ter-

691 1473 809 1547 tio,
852 1468 1066 1536 oratio
1127 1489 1251 1557 pro
1304 1465 1780 1556 persecutione
1828 1460 2237 1552 superanda,

690 1578 806 1655 ibi,
852 1602 885 1642 α
924 1574 1210 1664 Adjuva
1240 1596 1370 1642 me.
1416 1602 1450 1635 ι)

780 1685 1205 1776 Dicit-ergo:
1254 1681 1368 1751 Sic
1399 1680 1493 1748 illi
1554 1678 2013 1747 fabulationes
2080 1700 2245 1743 nar-

690 1801 862 1870 rant,
922 1815 1090 1883 quas
1164 1812 1291 1880 ego
1358 1788 1684 1864 detestor,
1769 1812 1798 1849 α
1823 1783 1948 1852 sed
2009 1785 2242 1850 omnia

688 1898 1042 1976 mandata,
1069 1923 1103 1958 n
1138 1918 1274 1964 non
1296 1893 1616 1985 quaedam
1647 1899 1944 1974 tantum,
1994 1915 2028 1956 α
2061 1890 2245 1956 veri-

686 2017 815 2086 tas,
853 2032 885 2072 x·
919 2028 1057 2074 non
1096 2004 1385 2072 vanitas.
1449 2000 1721 2070 Veritas
1761 2001 1945 2068 enim
1976 1998 2089 2066 hic
2127 2021 2245 2066 ac-

686 2115 930 2205 cipitur
958 2121 1032 2180 ut
1061 2120 1164 2180 est
1200 2109 1541 2180 contraria
1587 2108 1899 2192 vanitati,
1934 2129 2073 2174 non
2105 2105 2245 2194 vt'al-

685 2223 889 2289 sitati.
925 2218 1018 2285 111
1057 2218 1229 2309 neg.
1256 2240 1424 2295 xvn,
1458 2217 1588 2284 24:
1638 2214 1927 2283 Verbum
1958 2213 2245 2281 Domini

689 2329 758 2396 in
787 2350 900 2396 ore
928 2337 1044 2395 tuo
1093 2347 1328 2393 verum
1385 2333 1509 2401 est,
1563 2322 1805 2390 efficax
1853 2320 2133 2401 scilicet,
2177 2328 2242 2388 et

687 2456 824 2502 nou
853 2454 1131 2500 vanum.
1176 2429 1284 2512 Et,
1342 2429 1548 2496 Joan.
1605 2449 1775 2507 xvn,
1820 2426 1894 2492 Π
1940 2447 1955 2492 :
1999 2426 2240 2494 Sermo

687 2551 846 2608 tuus
876 2542 1125 2608 veritas
1145 2548 1266 2616 est,
1300 2559 1443 2605 non
1474 2533 1759 2614 falsitas,
1804 2533 1914 2602 vel
1944 2535 2235 2614 vanitaS,

684 2650 801 2719 sed
830 2650 1077 2717 veritas
1106 2655 1169 2715 et
1210 2644 1544 2730 soliditas,
1581 2646 1652 2712 in
1682 2650 1952 2712 tantum
1992 2650 2067 2708 ut
2097 2664 2242 2710 onn-

684 2760 846 2826 nino
895 2756 1050 2824 vani
1094 2755 1255 2840 sint,
1317 2756 1437 2844 qui
1495 2774 1639 2821 non
1685 2749 2069 2819 solidantur
2123 2771 2243 2840 per

681 2867 1057 2935 doctrinam
1106 2863 1258 2932 Dei.
1343 2859 1652 2953 Sapicut.
1714 2882 1861 2938 xm,
1907 2860 1932 2926 1
1987 2881 2004 2926 ε
2072 2859 2244 2927 Vani

679 2983 839 3043 sunt
861 2995 1089 3041 omncs
1107 2971 1442 3053 homines,
1473 2971 1548 3037 in
1572 2967 1827 3060 quibus
1850 2988 1986 3034 non
2014 2965 2243 3035 subest

680 3083 962 3152 scientia
998 3080 1152 3149 Dei.

774 3218 807 3257 ι
839 3190 1074 3280 Iniqui
1095 3187 1446 3280 persecuti
1497 3207 1655 3254 sum
1696 3207 1804 3252 me
1833 3207 1857 3251 .·
1888 3210 1919 3245 ι
1966 3189 2244 3273 propter

682 3301 865 3369 illam
887 3299 1269 3377 veritatem,
1299 3317 1507 3387 quam
1530 3292 1770 3382 diligo,
1794 3292 1902 3360 cui
1928 3298 2235 3372 attestor,

681 3412 751 3477 in
780 3430 913 3498 qua
967 3405 1287 3474 delector.
1338 3402 1485 3473 Nec
1540 3404 1794 3470 mirum
1840 3423 1856 3468 ε
1902 3400 2063 3491 quia
2109 3398 2238 3487 ipsi

678 3513 1113 3591 adhaerendo,
1154 3535 1196 3579 a
1245 3509 1430 3579 malo
1481 3508 1751 3579 recedo.
1790 3508 1895 3591 Et,
1941 3506 2072 3574 lsa.
2098 3529 2234 3589 mx,

684 3624 788 3700 13,
822 3622 1064 3689 dicitur
1106 3640 1122 3686 ε
1162 3618 1302 3704 Qui
1347 3617 1618 3685 recessit
1667 3638 1712 3684 a
1742 3613 1955 3691 malo,
1985 3612 2240 3705 praedm

670 3730 926 3824 patuit.
970 3726 1031 3794 11
1073 3725 1160 3794 ad
1184 3722 1489 3793 Timoth.
1526 3746 1626 3809 111,
1662 3723 1743 3790 12
1778 3743 1795 3789 :
1844 3723 2095 3791 Omnes
2115 3719 2242 3810 qui

669 3840 784 3930 pie
821 3836 1059 3905 colunt
1091 3835 1309 3903 vivere
1334 3835 1404 3901 in
1440 3832 1716 3903 Christo
1741 3832 1933 3910 Iesu,
1965 3828 2236 3898 veritati

675 3941 1109 4023 adhaerendO,
1120 3941 1666 4034 persecutionem
1689 3939 2072 4031 patientur.
2101 3934 2238 4005 Sed

673 4046 1134 4131 consolantur,
1159 4041 1494 4124 Matth.v,
1535 4043 1615 4112 10
1652 4066 1669 4112 ι
1702 4042 1907 4111 Beati
1933 4042 2059 4133 qui
2080 4062 2240 4133 per-

672 4156 1078 4224 secutionem
1128 4153 1508 4245 petiuntur
1522 4159 1816 4243 propter
1838 4148 2229 4240 justitiam.

767 4290 801 4331 ιι
841 4262 1127 4353 Adjuva
1165 4284 1295 4328 me.
1342 4285 1377 4327 ι
1433 4259 1610 4328 Ecce
1665 4258 1969 4328 tertium.
2021 4254 2236 4336 Quasi

675 4371 925 4440 diceret
957 4393 973 4438 ε
1011 4368 1126 4436 Sic
1153 4366 1410 4435 veritas
1455 4388 1569 4435 me
1608 4362 1925 4443 delectat,
1958 4370 2238 4456 propter

678 4479 853 4548 hauc
880 4476 1183 4546 sustineo
1201 4471 1754 4565 persecutionem
1782 4494 1799 4540 ε
1829 4471 1886 4540 Ο
1908 4470 2232 4551 Domine,

683 4618 716 4651 κ
776 4587 1044 4678 adjuva
1115 4607 1244 4665 me,
1319 4608 1354 4649 ι
1425 4581 1515 4651 ad
1588 4580 2003 4651 vincendum
2042 4602 2241 4672 pers-

680 4703 1028 4788 equentes,
1123 4700 1192 4762 et
1298 4691 1642 4782 patienter
1727 4687 2233 4758 sustinendum.

682 4802 946 4879 Esther,
970 4821 1111 4877 xiv,
1136 4800 1176 4867 3
1214 4821 1230 4867 ε
1259 4798 1561 4866 Domine
1574 4796 1699 4883 mi,
1720 4796 1846 4888 qui
1871 4816 1998 4865 rex
2012 4805 2241 4864 noster

680 4933 747 4980 cs
770 4908 984 4986 solus,
1006 4904 1275 4995 adjuva
1305 4926 1415 4972 me
1439 4902 1861 4972 solitariam.
1897 4900 2005 4980 Et,
2030 4900 2237 4993 paulo

681 5025 858 5110 post,
890 5011 1416 5101 5.14:Adjuva
1437 5033 1546 5078 me
1567 5008 1853 5077 nullum
1881 5008 2237 5076 auxilium

684 5123 1041 5194 habentem
1088 5119 1230 5188 nisi
1256 5127 1345 5197 te,
1389 5117 1714 5187 Domine.

779 5461 813 5502 ι
862 5433 1093 5506 Paulo
1168 5435 1403 5503 minus
1482 5440 2153 5502 consummaverunt.
2200 5458 2234 5494 »ι

691 5545 817 5615 Πὶο
851 5540 1248 5614 secundum.
1290 5542 1673 5633 Postquam
1719 5539 1904 5611 enim
1942 5537 2240 5608 ostendit

692 5678 765 5727 se
791 5653 930 5746 pati
947 5658 1225 5747 propter
1261 5651 1626 5720 veritatem
1663 5649 2235 5745 persecutionem,

1677 316 1755 387 D.
1805 316 2008 384 ALB.
2063 317 2281 386 MAG.
2336 316 2543 386 ORD.
2597 317 2892 384 PRAED.

2351 488 2609 557 orando
2648 512 2772 580 pro
2820 487 3243 567 liberatione,
3291 498 3626 559 monstrat
3663 515 3892 583 perse-

2354 599 2622 686 quentis
2660 594 3184 665 vehementiam.

2440 705 2556 771 Ait
2584 705 2769 772 enirn
2812 726 2827 770 :
2872 702 2984 772 Sic
3012 704 3280 794 adjuva,
3308 706 3634 796 quoniam
3675 707 3896 796 iniqui

2351 818 2852 900 persequuntur
2882 834 3016 895 me,
3058 820 3124 880 et
3162 835 3300 881 non
3329 813 3705 896 modicum,
3735 814 3898 905 quia

2356 941 2389 981 α
2424 916 2647 1007 paulo
2686 919 2938 996 minus,
2978 947 3009 979 »
3042 917 3110 984 id
3140 927 3262 1003 est,
3307 920 3467 1004 sere,
3513 949 3543 982 «
3582 944 3899 989 consum-

2352 1033 2710 1090 maverunt
2751 1045 2855 1090 me
2894 1026 2965 1091 in
2995 1034 3200 1106 terra,
3239 1051 3270 1090 n
3307 1026 3701 1117 affligend0‚
3737 1028 3897 1119 quia

2352 1153 2491 1198 non
2520 1139 2840 1220 poterunt
2867 1154 3023 1199 cum
3064 1155 3178 1200 ero
3212 1135 3279 1200 in
3305 1133 3498 1202 coelo.
3530 1134 3691 1219 Job,
3726 1160 3893 1218 xvn,

2352 1238 2388 1305 3
2435 1261 2450 1305 :
2485 1237 2734 1306 Libera
2772 1261 2900 1319 me,
2937 1241 3250 1319 Domine,
3296 1252 3358 1308 et
3381 1266 3560 1332 pone
3590 1268 3695 1311 me
3721 1243 3899 1333 jus:-

2351 1357 2539 1426 tate,
2576 1357 2638 1414 et
2676 1348 2985 1437 cujusvis
3046 1371 3292 1416 manus
3339 1361 3603 1441 puqnet
3657 1362 3898 1419 contra

2350 1480 2478 1525 me.
2537 1456 2881 1525 Persecuti
2924 1467 3081 1526 sunt
3136 1481 3296 1549 ergo
3361 1459 3498 1527 fere
3546 1483 3762 1550 usque
3813 1461 3900 1528 ad

2351 1565 3014 1632 consummationem
3047 1576 3300 1634 motam
3320 1569 3465 1634 sine
3487 1568 3902 1635 moderami-

2352 1695 2459 1740 ne.
2504 1671 2534 1738 1
2573 1671 2768 1740 Esdr.
2804 1695 2897 1753 ιχ,
2937 1674 3017 1740 14
3052 1696 3067 1740 ;
3130 1675 3494 1766 Numquid
3553 1677 3777 1745 iratus
3833 1700 3899 1744 es

2350 1777 2545 1845 nobis
2602 1801 2812 1870 usque
2866 1778 2963 1846 ad
3016 1783 3668 1849 consummationem
3706 1781 3748 1850 ?
3782 1781 3898 1850 Je-

2350 1909 2520 1955 rem.
2554 1909 2650 1968 lv,
2710 1888 2793 1955 27
2832 1890 3164 1956 :Deserta
3219 1891 3346 1956 erit
3401 1892 3623 1957 omnis
3683 1901 3894 1974 terra,

2347 1995 2471 2063 sed
2496 2005 2724 2064 tamen
2753 1999 3400 2065 consummationem
3428 2021 3562 2065 non
3599 2000 3892 2088 faciam.

2443 2241 2474 2275 «
2512 2215 2664 2303 qu
2695 2223 2922 2281 autem
2950 2236 3083 2281 non
3128 2215 3485 2306 dereliqui.
3534 2241 3566 2281 x·
3601 2216 3731 2284 nie
3768 2224 3899 2285 ter·

2350 2322 2522 2389 tium
2596 2323 2806 2391 totius
2853 2325 3207 2402 octonarii,
3260 2325 3326 2392 in
3386 2348 3521 2415 quo
3598 2325 3898 2395 ostendit

2349 2428 2781 2498 affectionem
2811 2430 2897 2499 ad
2936 2430 3401 2523 impletionem
3428 2434 3734 2502 veritatis
3776 2458 3899 2503 co-

2348 2537 2580 2626 gnitae,
2623 2545 2690 2605 et
2744 2539 3341 2628 perseverantiam,
3386 2562 3591 2632 quam
3655 2540 3896 2610 habuit

2349 2646 2419 2711 in
2468 2643 3001 2736 adimpletione:
3071 2656 3137 2716 et
3192 2646 3506 2716 dicuntur
3529 2650 3679 2717 tria.
3734 2648 3896 2716 Pri-

2348 2775 2490 2831 mo,
2516 2752 2764 2821 fatetur
2786 2755 3131 2845 propriam
3156 2757 3222 2822 in
3252 2754 3740 2846 adimpletione
3795 2780 3908 2825 ve·

2347 2861 2572 2930 ritatis
2608 2862 3088 2931 constantiam.
3126 2861 3468 2944 Secundo,
3505 2866 3676 2955 petit
3735 2865 3908 2933 vivi-

2346 2966 2666 3035 ficantem
2743 2967 3060 3058 deinceps
3140 2969 3699 3049 misericordiam,
3782 2969 3904 3049 ihi,

2346 3082 2410 3151 5.
2471 3075 2612 3143 88:
2712 3102 2748 3138 α
2778 3074 3171 3145 Secundum
3251 3078 3821 3146 misericordiam.
3861 3104 3897 3143 n

2342 3182 2594 3260 Tertio,
2658 3181 2955 3253 declarat
2989 3185 3332 3275 petitionis
3363 3185 3596 3267 finem,
3661 3196 3735 3255 ut
3765 3187 3903 3256 sci-

2343 3292 2503 3361 licet
2558 3292 2897 3362 custodiat
2958 3303 3285 3386 perpetuo
3324 3298 3708 3376 veritatem,
3772 3296 3895 3377 ibi,

2356 3426 2387 3463 α
2421 3402 2518 3468 Et
2553 3402 2965 3469 custodiam.
3006 3429 3036 3465 ιι

2432 3507 2612 3575 Dicit
2651 3531 2814 3599 ergo
2857 3532 2872 3577 :
2912 3508 3051 3590 Sic,
3094 3510 3409 3596 Domine,
3469 3512 3611 3580 suis
3677 3535 3899 3604 perse·

2342 3613 2732 3683 cutionibus
2794 3614 2933 3685 fere
2996 3640 3107 3686 me
3190 3630 3896 3692 consummaverunt:

2345 3751 2378 3786 a
2412 3745 2534 3813 eqo
2582 3732 2840 3805 autem,
2877 3751 2911 3787 ιι
2966 3734 3593 3819 quantumcumque
3658 3752 3900 3821 perse-

2340 3838 2715 3921 querentur
2746 3853 2878 3910 me,
2926 3856 2960 3897 «
2991 3854 3126 3901 non
3174 3833 3514 3927 dereliqui
3562 3836 3903 3907 mandata

2339 3947 2491 4016 tua,
2537 3964 2573 4001 n
2606 3938 2984 4007 secundum
3043 3939 3209 4008 illud
3277 3940 3610 4012 Proverb.
3672 3967 3768 4025 ιν,
3802 3946 3842 4012 2
3882 3967 3897 4013 :

2339 4046 2622 4114 Donum
2697 4045 2949 4115 bonum
3018 4047 3319 4117 tribuam
3378 4049 3588 4130 vobis,
3682 4051 3902 4144 leqem

2339 4174 2563 4221 meam
2628 4176 2713 4222 ne
2786 4153 3299 4246 derelinquatis.
3378 4157 3488 4237 Et,
3561 4181 3658 4239 ιιι,
3725 4162 3800 4228 11
3878 4182 3896 4230 :

2339 4259 2806 4352 Disciplinam
2834 4260 3145 4348 Domini,
3159 4262 3278 4354 fili
3303 4264 3426 4345 mi,
3457 4288 3543 4332 ne
3569 4265 3895 4355 abjicias.

2339 4365 2453 4453 Et,
2484 4389 2718 4458 supra,
2758 4374 2823 4445 7.
2867 4369 2909 4437 3
2952 4370 3477 4440 :Misericordia
3522 4383 3589 4441 et
3614 4375 3894 4459 veritas,

2339 4475 2423 4546 de
2453 4476 2706 4569 quibus
2735 4485 2896 4546 sunt
2926 4478 3159 4547 omnia
3216 4479 3539 4550 mandata
3582 4480 3894 4564 Domini,

2339 4592 2405 4653 te
2440 4607 2580 4652 non
2609 4584 2949 4654 deserant.
2983 4586 3058 4654 ln
3092 4587 3429 4656 mandatis
3448 4588 3632 4657 euim
3662 4588 3903 4658 Domi-

2339 4694 2436 4771 ni,
2467 4713 2622 4784 quae
2650 4701 2813 4762 sunt
2841 4692 2924 4763 de
2953 4693 3306 4776 charitate,
3339 4694 3670 4767 debemus
3698 4697 3901 4766 iorti-

2340 4808 2445 4870 tcr
2479 4789 2693 4887 stare,
2742 4801 2937 4872 nullo
2989 4802 3198 4873 modo
3260 4803 3346 4872 ab
3404 4804 3540 4874 illis
3567 4807 3897 4898 separari,

2340 4909 2515 4977 sicut
2543 4908 2657 4979 ille
2682 4912 2800 5002 qui
2830 4909 3120 4992 dicebat,
3145 4911 3228 4980 ad
3262 4912 3553 4983 Roman.
3578 4937 3725 4996 vm,
3752 4917 3837 4984 33
3877 4939 3893 4985 :

2344 5013 2518 5099 Quis
2545 5036 2668 5082 nos
2702 5014 3054 5107 separabit
3080 5040 3124 5083 a
3183 5018 3516 5087 charitate
3575 5019 3836 5089 Christi
3858 5019 3900 5088 ?

2342 5119 2554 5200 Quasi
2611 5120 2922 5192 diceret:
2982 5120 3254 5195 Nullus.
3349 5125 3476 5194 llic
3542 5133 3644 5194 est
3702 5124 3894 5196 locus

2343 5249 2551 5319 quem
2588 5251 2731 5297 non
2785 5228 3359 5323 derelinquamus.
3409 5231 3633 5306 Eccle.
3679 5256 3751 5318 x,
3793 5235 3886 5303 4:

2341 5335 2426 5406 Si
2447 5337 2739 5429 spiritus
2757 5348 3160 5430 potestatem
3177 5339 3489 5410 habentis
3517 5343 3894 5412 ascenderit

2340 5466 2549 5536 super
2618 5454 2707 5530 te,
2772 5444 2995 5518 locum
3089 5456 3285 5518 tuum
3359 5472 3445 5518 ne
3517 5449 3889 5520 dimiseris.
