5008 6329
2532 326 2951 397 PSALMUS
3003 326 3142 392 CV.
4376 332 4458 395 79

1240 508 1470 577 cedam
1499 506 1586 574 ab
1638 507 2024 574 innocentia
2081 529 2257 577 mea.
2315 504 2782 595 laetificatio·
2895 498 3214 565 datorum
3254 498 3340 566 ad
3377 500 3589 567 vitam
3652 498 4139 592 ingrediamur.
4213 498 4457 567 matth.

1238 638 1383 685 nem
1414 637 1663 693 meam,
1708 637 1921 706 quam
1960 616 2132 708 coepi
2169 626 2412 694 tenere,
2472 636 2606 681 non
2665 610 2785 675 cle-
2893 630 3036 689 xlx,
3079 608 3155 674 17
3197 630 3211 675 ε
3266 609 3347 676 Si
3378 610 3479 676 vis
3520 610 3615 676 ad
3650 611 3866 676 vitam
3923 608 4216 699 inqredi,
4266 632 4465 676 serva

1238 746 1480 804 seram,
1514 723 1734 792 donee
1770 747 1882 793 me
1911 724 2299 794 introducat
2324 724 2393 790 in
2441 723 2784 809 justorum
2899 714 3261 784 mandata.
3307 715 3419 783 Ad
3466 739 3674 807 quam
3726 718 3937 784 vitam
4006 739 4129 805 per
4191 716 4469 784 manda-

1242 830 1884 902 remunerationem.
1919 829 2049 898 Hic
2078 837 2181 897 est
2218 826 2414 903 ord0,
2473 831 2551 891 ut
2608 821 2790 888 bona
2899 832 3129 892 torum
3164 846 3445 891 suorum
3479 825 4012 901 observantiam,
4047 846 4171 891 nos
4216 825 4466 913 perdu-

1236 938 1631 1029 temporalia
1672 939 1757 1007 ad
1795 938 2270 1029 impletionem
2310 931 2788 1000 mandatorum
2902 941 3010 1000 cat
3049 932 3165 1022 qui
3225 939 3330 999 est
3358 931 3752 1000 benedictus
3793 955 3916 1023 per
3944 932 4176 1000 omnia
4213 932 4463 1001 saecula

1239 1050 1359 1119 Dei
1399 1047 1819 1126 ordinemuS,
1854 1058 1921 1116 et
1941 1069 2062 1138 per
2099 1041 2572 1134 impletionem
2604 1061 2796 1106 man·
2908 1039 3352 1108 saeoulorum.
3396 1040 3647 1108 Amen.

2504 1479 2971 1559 PSALMUS
3020 1479 3178 1555 CV.

1583 1769 1780 1841 Deus
1810 1767 1897 1839 ob
1933 1787 2140 1837 suam
2190 1762 2580 1835 bonitatem
2624 1758 3026 1833 laudandus
3053 1785 3081 1832 .·
3110 1760 3170 1829 J
3171 1758 3541 1831 udaeorum
3574 1758 4065 1853 ingratitudo,

1485 2100 1825 2174 Alleluia.
1870 2096 2181 2190 (ludith,
2226 2116 2375 2179 xm,
2413 2096 2551 2184 αι).
2621 2077 2642 2104 “
3165 2083 3608 2157 exsiccatum
3674 2085 3828 2157 est‘
3897 2108 3916 2158 ε
4004 2105 4075 2158 et
4158 2088 4457 2161 deduxit

1287 2237 1342 2283 1.
1397 2207 1866 2283 Confitemini
1903 2202 2616 2296 Domino,quoniam
2658 2200 2787 2271 bo·
3166 2213 3293 2263 eos
3343 2191 3417 2263 in
3450 2193 3735 2286 abyssis
3779 2193 3969 2265 sicut
4017 2195 4091 2264 in
4139 2195 4448 2268 deserto.

1501 2340 1668 2403 nus,
1797 2315 2148 2409 quoniam
2264 2312 2335 2383 in
2432 2310 2781 2381 saeculum
2911 2322 3015 2369 ιο.
3075 2299 3170 2371 Et
3226 2299 3528 2372 salvavit
3585 2324 3710 2373 eos
3760 2302 3850 2371 de
3911 2324 4133 2373 manu
4197 2305 4455 2375 odien-

1498 2422 2005 2496 misericordia
2036 2420 2266 2512 ejus¹.
3167 2407 3382 2489 tium,
3447 2427 3517 2480 et
3572 2408 3880 2481 redemit
3929 2433 4053 2482 eos
4104 2412 4192 2481 de
4237 2434 4458 2485 manu

1279 2556 1341 2605 2.
1399 2531 1588 2624 Quis
1647 2532 1990 2623 loquetur
2029 2524 2391 2621 potentias
2459 2521 2783 2608 Domini,
3169 2514 3475 2587 inimici.

1492 2637 2006 2711 auditassaciet
2028 2628 2789 2721 omneslaudesejus'?
2910 2649 3016 2695 tt.
3073 2624 3167 2695 Et
3213 2625 3505 2717 operuit
3565 2649 3754 2720 aqua
3813 2627 4244 2700 tribulantes
4272 2653 4448 2701 eos:

1282 2749 1346 2820 3.
1403 2746 1601 2818 Beati
1658 2746 1785 2838 qui
1827 2742 2254 2815 custodiunt
2297 2739 2674 2829 judicium,
2715 2754 2785 2807 et
3165 2755 3356 2804 unus
3389 2757 3473 2805 ex
3503 2735 3608 2806 eis
3650 2759 3794 2807 non
3831 2737 4243 2809 remansit⁸.

1494 2850 1768 2924 faciunt
1816 2849 2172 2942 justitiam
2234 2848 2311 2919 in
2358 2844 2560 2918 omni
2601 2863 2789 2915 tem·
2908 2862 3010 2912 12.
3072 2841 3167 2912 Et
3196 2842 3661 2916 crediderunt
3693 2846 3934 2916 verbis
3964 2845 4146 2936 ejus.
4207 2864 4276 2918 et
4306 2847 4457 2918 lau-

1452 2982 1654 3053 pore.
3163 2950 3523 3023 daverunt
3580 2952 3873 3024 laudem
3921 2953 4101 3044 ejus.

1272 3089 1341 3158 4.
1392 3068 1765 3140 Memento
1804 3064 2062 3151 nostri,
2091 3062 2431 3141 Domine,
2457 3060 2532 3131 in
2575 3059 2787 3131 bene·
2911 3059 3018 3130 13.
3074 3056 3245 3131 Cito
3302 3060 3650 3142 fecerunt,
3694 3061 3901 3134 obliti
3933 3082 4104 3136 sunt
4151 3087 4454 3159 operum

1496 3175 1760 3269 placito
1810 3173 2060 3269 populi
2094 3172 2204 3244 tui
2239 3191 2256 3240 ε
2291 3168 2507 3242 visita
2546 3189 2680 3240 nos
2710 3168 2829 3244 in.
3169 3168 3325 3259 eius
3368 3185 3493 3240 :et
3536 3191 3681 3241 non
3730 3169 4235 3245 sustinuerunt
4285 3195 4456 3245 con·

1450 3282 1744 3355 salutari
1774 3301 1902 3354 tuo
1946 3305 1964 3352 t
3169 3276 3421 3349 silium
3450 3277 3636 3368 ejus.

1280 3398 1342 3467 5.
1391 3393 1509 3466 Ad
1550 3392 1949 3464 videndum
2024 3389 2100 3462 in
2155 3385 2478 3460 bonitate
2527 3387 2785 3458 electo-
2909 3404 3018 3472 ¹4·
3077 3383 3171 3455 Et
3218 3385 3748 3478 concupierunt
3797 3388 4461 3480 concupiscentiam

1494 3524 1658 3574 rum
1731 3518 2057 3579 tuorum,
2100 3499 2190 3570 ad
2259 3497 2651 3569 laetandum
2703 3494 2775 3566 in
3166 3492 3242 3565 in
3273 3494 3612 3576 deserto⁸,
3638 3513 3708 3568 et
3738 3515 4196 3572 tentaverunt
4220 3504 4456 3573 Deum

1490 3607 1740 3681 laetitia
1766 3606 2005 3702 gentis
2067 3624 2238 3687 tuat,
2321 3621 2402 3676 ut
2462 3602 2778 3675 lauderis
3163 3601 3238 3675 in
3261 3602 3642 3699 inaquoso.

1491 3738 1659 3790 cum
1701 3716 2120 3789 haereditate
2148 3733 2300 3787 tua.
2898 3713 3005 3782 15.
3063 3711 3160 3784 Et
3196 3711 3400 3785 dedit
3446 3712 3552 3786 eis
3608 3713 4037 3808 petitionem
4085 3715 4440 3812 ipsorum,

1275 3836 1334 3899 6.
1389 3827 1860 3900 Peccavimus
1939 3845 2108 3897 cum
2217 3821 2547 3918 patribus
2638 3844 2770 3893 no·
3155 3836 3227 3891 et
3282 3818 3485 3893 misit
3527 3820 3984 3895 saturitatem
4035 3823 4108 3894 in
4157 3824 4439 3899 animas

1491 3935 1662 4007 stris
1704 3956 1723 4005 2
1766 3933 2034 4025 iniuste
2080 3930 2390 4026 egimus,
2434 3927 2771 4024 iniquita·
3147 3949 3405 4000 eorum
3423 3924 3470 4001 ².

1473 4060 1623 4114 tem
1653 4040 1959 4113 fecimus
1977 4041 2025 4110 ⁸.
2893 4036 2998 4105 16.
3052 4035 3150 4108 Et
3190 4034 3659 4109 irritaverunt
3696 4039 4002 4131 Moysen
4044 4038 4119 4111 in
4149 4042 4436 4130 castris,

1257 4174 1321 4243 7.
1370 4151 1621 4223 Patres
1662 4147 1892 4220 nostri
1945 4147 2019 4218 in
2076 4147 2393 4240 AEgypto
2450 4166 2596 4216 non
2654 4144 2767 4216 in·
3146 4147 3423 4227 Aaron,
3455 4164 3791 4218 sanctum
3829 4148 4153 4220 Domini.

1468 4255 1902 4328 tellexerunt
1952 4252 2316 4326 mirabilia
2364 4270 2488 4324 tua
2555 4272 2574 4325 t
2619 4274 2764 4323 non
2886 4275 2994 4343 17.
3046 4252 3318 4346 Aperta
3373 4269 3484 4324 est
3552 4270 3767 4338 terra,
3849 4272 3921 4327 et
4021 4255 4435 4350 degluttivit

1475 4362 1770 4436 suerunt
1835 4382 2199 4434 memores
2265 4358 2765 4431 multitudinis
3148 4359 3462 4440 Dathan,
3531 4378 3604 4433 et
3674 4363 3964 4455 operuit
4011 4386 4232 4460 super
4265 4387 4436 4438 con-

1473 4469 1996 4545 misericordiae
2026 4487 2194 4541 tuat.
3141 4470 3639 4564 gregationem
3680 4471 4027 4545 Abiron0.

1384 4581 1480 4655 Et
1510 4578 1978 4653 irritaverunt
2007 4574 2479 4650 ascendentes
2510 4574 2583 4649 in
2617 4598 2768 4649 ma·
2885 4579 2994 4651 18.
3053 4577 3146 4650 Et
3201 4577 3468 4652 exarsit
3521 4578 3711 4673 ignis
3768 4579 3843 4652 in
3895 4605 4259 4679 synagoga
4305 4606 4435 4657 eo-

1472 4710 1578 4770 re.
1620 4708 1821 4761 mare
1853 4687 2217 4760 Rubrum.
3145 4708 3338 4771 rum,
3408 4685 3704 4760 flamma
3730 4689 4138 4763 combussit
4178 4714 4435 4785 pecca-

1254 4796 1321 4869 8.
1381 4796 1477 4870 Et
1540 4794 1839 4867 salvavit
1920 4817 2048 4867 eos
2119 4811 2419 4891 propter
2492 4816 2761 4867 nomen
3145 4812 3363 4866 tores.

1475 4921 1724 4986 suum,
1785 4915 1867 4971 ut
1904 4917 2156 4971 notam
2191 4897 2453 4973 faceret
2503 4916 2760 4992 poten·
2881 4923 2989 4994 ¹9·
3046 4898 3143 4974 Et
3217 4898 3544 4973 fecerunt
3598 4900 3913 4977 vitulum
3972 4902 4049 4976 in
4101 4905 4426 4990 Horeb·‚

1477 5008 1657 5084 tiam
1687 5028 1923 5081 suam.
3142 5024 3215 5079 et
3252 5008 3737 5085 adoraverunt
3765 5012 4128 5107 sculptile.

1251 5142 1322 5212 9.
1374 5118 1469 5191 Et
1551 5114 1911 5211 increpuit
1996 5136 2195 5189 mare
2259 5116 2624 5203 Rubrum,
2691 5134 2760 5188 et
2874 5138 2991 5189 20.
3049 5116 3144 5189 Et
3193 5136 3664 5193 mutaverunt
3719 5119 4030 5214 gloriam
4088 5143 4300 5197 suam
4350 5121 4425 5197 in

1280 5369 1294 5404 ¹
1325 5364 1552 5425 ludius.
1585 5380 1707 5436 xnt.
1737 5369 1828 5425 21.
2938 5369 2966 5407 ⁸
2994 5369 3177 5429 Exod.
3210 5386 3345 5443 xvtt,
3377 5375 3434 5429 2.

1275 5455 1297 5493 ¹
1328 5453 1509 5513 Eecli.
1539 5471 1700 5524 suu,
1731 5456 1822 5514 35.
2940 5458 2964 5495 ⁷
2993 5460 3236 5519 Numer.
3271 5478 3351 5532 xn,
3382 5463 3475 5520 ³1.

1275 5545 1296 5581 ⁸
1321 5542 1548 5609 suaith,
1577 5557 1677 5612 vn,
1716 5546 1804 5599 10.
2940 5549 2965 5587 ⁸
2995 5550 3239 5608 Numer.
3269 5566 3385 5619 xvi,
3418 5553 3509 5608 32.

1277 5633 1307 5669 δ’
1329 5632 1509 5692 exod.
1539 5648 1660 5702 xnv,
1684 5634 1778 5690 21.
2938 5636 2967 5675 ⁹
3001 5638 3183 5697 Exod.
3214 5655 3398 5711 xxxin,
3428 5641 3486 5697 t.

1276 5720 1302 5756 ⁸
1327 5719 1510 5780 ond,
1542 5737 1658 5791 ιη,
1689 5722 1782 5778 27.
