5008 6329
929 3334 1052 3402 24

1910 328 2617 400 COMMENTARIUS
2665 326 2760 395 IN
2807 322 3244 394 PSALMUM
3292 318 3641 390 CXXXV.

1240 507 1451 588 Quasi
1508 507 1760 577 diceret
1835 529 1850 573 z
1913 503 2369 572 Praeeedentia
2423 502 2698 570 facienti

1151 617 1577 686 confitemini
1629 616 2053 685 confessione
2101 611 2343 691 laudi5‚
2414 610 2697 698 peccati,

1148 735 1216 795 et
1281 729 1484 795 etiam
1545 755 1580 791 a
1641 727 1809 815 quia
1865 732 2120 789 memor
2176 721 2319 809 suit
2373 716 2615 793 nostri,
2663 740 2697 777 »

1148 858 1275 903 nos
1314 859 1354 903 a
1392 835 1626 903 multis
1691 831 1982 900 miseriis
2031 835 2095 895 et
2150 822 2702 894 tribulationibus

1146 943 1526 1020 liberando,
1572 965 1607 1005 α
1642 942 1714 1007 in
1767 936 2164 1004 humilitate
2215 944 2473 1017 nostra,
2529 959 2561 994 »
2633 933 2701 997 in

1147 1051 1525 1141 dejectione
1556 1055 1626 1114 et
1689 1044 1921 1113 labore
1968 1057 2251 1111 nostro:
2305 1064 2461 1109 eum
2509 1040 2703 1128 deje-

1150 1163 1274 1229 ctis
1305 1158 1490 1226 enim
1547 1164 1616 1224 et
1660 1153 1926 1223 afflictis
1975 1151 2160 1219 Deus
2206 1158 2331 1228 est,
2389 1170 2513 1215 nee
2569 1148 2701 1215 cito

1150 1286 1387 1334 eorum
1519 1269 1744 1358 potest
1852 1257 2201 1334 oblivisci,
2279 1277 2434 1323 eum
2545 1253 2705 1344 qui-

1147 1374 1279 1442 bus
1361 1379 1487 1440 est.
1582 1369 1832 1460 Supra,
1919 1368 1990 1433 in
2060 1364 2237 1432 Psal.
2331 1386 2438 1441 xo,
2513 1363 2592 1429 15
2679 1381 2697 1430 ε

1156 1482 1330 1550 Cum
1359 1479 1508 1569 ipso
1535 1499 1694 1544 sum
1735 1476 1805 1541 in
1844 1471 2311 1540 tribulatione.
2346 1469 2474 1536 Isa.
2514 1490 2700 1546 xmn,

1152 1589 1192 1654 2
1263 1608 1278 1651 ε
1355 1586 1530 1683 Cum
1588 1581 1942 1649 transieris
1998 1601 2123 1670 per
2174 1600 2414 1668 aquas,
2486 1586 2707 1643 tecum

1156 1715 1291 1760 ero.
1348 1691 1427 1759 In
1501 1688 1887 1758 humilitate
1977 1686 2207 1768 etiam,
2278 1705 2426 1775 quae
2490 1683 2708 1748 virtus

1157 1807 1282 1878 est,
1354 1819 1625 1865 memor
1673 1804 1775 1864 est
1830 1815 2135 1869 suorum,
2179 1800 2254 1857 ut
2309 1791 2491 1879 ipsos
2530 1787 2712 1856 exal-

1157 1918 1278 1978 tet.
1321 1907 1531 1976 Eeeli.
1593 1928 1711 1983 xx,
1761 1905 1833 1971 11
1877 1904 2056 1971 :Est
2099 1900 2222 1989 qui
2294 1897 2379 1964 ab
2417 1895 2714 1963 Immiti-

1161 2027 1302 2086 tate
1332 2013 1588 2083 levabit
1632 2019 1863 2102 caput.
1933 2006 1991 2073 11
2025 2004 2247 2074 Paral.
2308 2026 2517 2081 xxxn,
2570 2005 2656 2069 26
2691 2023 2707 2070 ε

1160 2124 1600 2196 Humiliatus
1644 2126 1743 2187 est
1774 2125 2033 2210 postea,
2076 2138 2150 2182 eo
2212 2113 2399 2203 quod
2433 2110 2714 2179 exalta-

1164 2246 1313 2303 tum
1365 2230 1616 2321 suisset
1685 2248 1804 2295 cor
1858 2223 2037 2314 ejuS,
2084 2232 2226 2290 tam
2293 2221 2434 2311 ipse
2497 2241 2711 2309 quam

1162 2337 1584 2407 habitatores
1653 2329 2101 2402 Jerusalem:
2159 2337 2223 2395 et
2271 2326 2520 2393 ideirco
2577 2346 2712 2391 non

1164 2447 1347 2516 venit
1398 2466 1608 2535 super
1668 2463 1778 2511 eos
1842 2440 1949 2507 ira
2014 2437 2288 2505 Domini
2352 2436 2420 2502 in
2477 2432 2718 2501 diebus

1163 2552 1497 2624 Ezechiae.
1568 2550 1857 2640 Propter
1920 2545 2051 2615 hoc
2108 2544 2267 2613 dicit
2332 2543 2358 2610 1
2408 2543 2592 2610 l‘etr.
2644 2563 2714 2619 v,

1167 2665 1208 2730 6
1245 2686 1259 2729 ε
1302 2658 1806 2729 Ilumiliamini
1858 2653 1985 2722 sub
2015 2653 2278 2745 potenti
2307 2673 2520 2718 manu
2559 2649 2716 2730 Dei,

1171 2781 1247 2839 ut
1274 2792 1392 2837 vos
1426 2766 1710 2837 exaltet.
1744 2765 1827 2831 Et
1866 2763 2229 2853 Gregorius
2276 2783 2293 2827 :
2350 2787 2383 2822 α
2458 2757 2719 2825 Parvus

1174 2907 1207 2943 α
1250 2885 1397 2946 esto
1451 2877 1523 2943 in
1578 2872 1793 2943 oeulis
1849 2873 2011 2956 tuis,
2062 2878 2134 2939 ut
2199 2870 2289 2935 sis
2321 2887 2610 2958 magnus
2649 2864 2719 2930 in

1176 3012 1211 3053 ι
1254 2983 1474 3055 oeulis
1518 2980 1669 3052 Dei.
1733 3005 1767 3047 ιι

1266 3340 1300 3374 α
1341 3312 1440 3379 Et
1468 3307 1757 3377 redemit
1799 3326 1945 3372 nos.
2005 3328 2039 3367 ι
2089 3301 2217 3371 1110
2262 3299 2563 3377 tertium,
2597 3295 2722 3363 sci-

1173 3417 1332 3487 lieet
1392 3415 1707 3485 liberatio
1781 3434 1817 3479 a
1882 3409 2152 3479 tributis
2218 3416 2283 3476 et
2347 3404 2723 3475 exactioni·

1170 3523 1324 3593 bus.

1265 3631 1476 3712 Quasi
1543 3628 1798 3697 diceret
1857 3647 1873 3694 ε
1936 3625 2221 3714 Propter
2271 3619 2725 3713 praecedentia

1172 3738 1625 3818 confitemini,
1669 3764 1705 3800 α
1738 3745 1802 3803 et
1830 3762 1866 3798 n
1915 3735 2118 3802 etiam
2174 3730 2332 3821 quia
2362 3755 2395 3794 α
2440 3727 2727 3796 redemit

1171 3871 1323 3930 nos,
1359 3874 1393 3913 ι
1453 3845 1836 3915 libertatem
1903 3840 2152 3922 dando,
2207 3867 2238 3902 ιι
2290 3837 2376 3905 ab
2428 3836 2727 3904 inimicis

1174 3954 1454 4036 nostris,
1499 3976 1533 4018 ι
1575 3950 1828 4019 tributa
1866 3956 1930 4016 et
2004 3944 2388 4015 exactiones
2437 3942 2727 4030 injustas

1175 4059 1619 4154 petentibus:
1662 4057 1841 4127 unde
1885 4054 2002 4123 illa
2037 4075 2174 4122 vox
2227 4048 2727 4145 gratulabunda

1174 4169 1396 4252 Isaiae,
1448 4189 1593 4246 xiv,
1670 4166 1711 4233 4
1754 4186 1772 4234 ε
1818 4160 2172 4250 Quomodo
2223 4158 2507 4228 cessavit
2569 4179 2730 4225 exo-

1175 4289 1346 4362 ctor,
1430 4274 1690 4367 quievit
1790 4269 2125 4339 tributum
2172 4266 2213 4335 ?
2273 4265 2422 4333 1100
2495 4275 2726 4333 tamen

1177 4384 1399 4477 magis
1431 4380 1728 4476 proprie,
1770 4378 1943 4447 sieut
1981 4376 2136 4444 dicit
2195 4373 2462 4452 Glossa,
2509 4373 2728 4462 respi-

1179 4495 1269 4563 cit
1307 4492 1391 4561 ad
1423 4487 1757 4582 populum
1789 4484 2269 4561 Christianum,
2304 4483 2422 4574 qui
2462 4481 2726 4550 redem-

1181 4610 1338 4694 ptus
1390 4606 1543 4668 est:
1605 4606 1835 4666 tamen
1894 4594 1979 4663 ad
2051 4614 2353 4672 omnem,
2395 4595 2730 4682 quantum

1180 4711 1254 4779 in
1329 4708 1475 4778 Deo
1562 4704 1716 4773 fuit.
1788 4702 1922 4770 Pro
1976 4700 2293 4770 omnibus
2355 4698 2539 4766 enim
2606 4696 2733 4762 fuit

1181 4814 1526 4884 sufficiens
1557 4809 1957 4899 redemptio.
1996 4807 2209 4875 Exod.
2242 4828 2359 4884 xv,
2399 4806 2478 4871 ¹3
2513 4825 2530 4872 :
2566 4805 2735 4871 Dux

1178 4922 1387 5015 luisti
1444 4920 1517 4987 in
1582 4913 2050 4985 misericordia
2112 4923 2232 4980 tua
2292 4910 2558 5002 populo
2616 4919 2733 4976 tuo

1182 5052 1385 5124 quem
1421 5026 1793 5097 redemisti.
1838 5024 1967 5093 lsa.
2010 5045 2121 5107 ni,
2164 5022 2204 5090 3
2265 5044 2281 5089 ε
2330 5019 2566 5089 Gratis
2623 5041 2738 5086 ve-

1182 5136 1510 5207 numdati
1537 5134 1722 5215 estis,
1798 5141 1863 5201 et
1915 5131 2063 5199 sine
2124 5136 2406 5220 arqento
2453 5125 2740 5194 redime·

1185 5246 1386 5313 mini.
1429 5243 1633 5323 Osee,
1679 5262 1825 5318 xm,
1871 5239 1953 5305 14
2015 5261 2032 5306 :
2072 5240 2177 5307 De
2240 5257 2454 5305 manu
2493 5235 2741 5302 mortis

1188 5351 1496 5421 liberabo
1548 5372 1683 5435 eos,
1761 5346 1845 5416 de
1918 5356 2132 5415 morte
2194 5346 2527 5414 redimam
2601 5365 2736 5423 eos,

1264 5612 1286 5649 ¹
1313 5609 1400 5671 Cf.
1430 5608 1616 5668 Exod.
1647 5623 1731 5675 m,
1760 5609 1816 5664 8.

1267 5703 1292 5741 ⁸
1311 5701 1407 5800 'CL
1439 5699 1652 5759 matth.
1682 5714 1762 5771 ιν,
1787 5698 1864 5769 45
1893 5695 2033 5753 Luc.
2063 5708 2142 5763 tv,
2169 5691 2223 5748 ⁴.

4240 326 4369 392 429

2808 497 3136 586 sanguine
3203 492 3458 561 seilicet
3512 495 3819 584 propi-in.
3889 494 4145 563 IPetr.
4199 500 4367 578 1,18

2807 611 2872 672 et
2905 605 2983 670 19
3029 620 3046 669 :
3080 602 3378 670 Seientes
3406 601 3595 690 quod
3621 625 3759 669 non
3792 604 4365 696 corruptibilibus

2806 734 2977 777 auro
3018 709 3126 775 vel
3152 717 3433 799 arqento
3482 708 3819 801 redempti
3874 713 4035 777 estis
4064 713 4147 779 de
4185 736 4366 780 vana

2805 829 3026 887 vestra
3144 819 3651 884 conversatione
3744 828 4054 908 paternae
4152 821 4370 887 tradi-

2808 930 3039 1007 tioni5‚
3079 927 3200 993 sed
3252 928 3552 1018 pretioso
3590 928 3957 1017 sanquine,
4021 936 4146 995 010.
4207 928 4368 997 ssaeo

2808 1036 3180 1124 redemptio
3219 1034 3539 1102 omnibus
3603 1043 3704 1101 est
3761 1034 4366 1121 sufficientissima,

2807 1142 3180 1211 secundum
3238 1141 3407 1209 illud
3464 1142 3646 1210 Psal.
3686 1166 3916 1223 cxxix,
3987 1146 4053 1223 7,
4106 1168 4365 1234 supra:

2812 1252 3100 1343 Copiosa
3140 1251 3337 1342 apud
3361 1273 3519 1318 eum
3585 1251 3987 1343 redemptio.

2903 1598 2935 1639 α
2986 1574 3122 1657 Qui
3167 1574 3291 1641 dat
3350 1596 3594 1641 escam.
3662 1574 3861 1642 »1110
3899 1583 4000 1642 est
4052 1584 4372 1666 quartum
4494 1594 4620 1661 25

2812 1682 3241 1761 beneficium,
3331 1683 3687 1750 abundans
3771 1683 4106 1755 exhibitio
4179 1687 4379 1755 eibo-

2816 1816 2995 1859 rum.

2905 1899 3020 1965 Ait
3057 1902 3242 1967 enim
3296 1922 3311 1966 :
3352 1898 3467 1968 Sic
3505 1900 3929 1969 confitemini
3990 1902 4377 1984 redimenti,

2816 2017 2884 2076 et
2920 2008 3125 2075 etiam
3187 2035 3221 2071 «
3283 2010 3408 2099 qui
3480 2010 3605 2077 dat
3659 2033 3907 2089 escam,
3956 2040 3989 2074 »
4069 2012 4380 2082 ciborum

2818 2113 3332 2194 abundantiam,
3380 2143 3413 2177 α
3456 2117 3648 2183 omni
3691 2120 3913 2196 carni,
3980 2146 4015 2181 n
4067 2120 4386 2188 introdu-

2818 2222 3031 2289 cendo
3098 2244 3226 2290 nos
3319 2223 3387 2289 in
3455 2233 3704 2291 terram
3782 2224 3956 2294 lacte
4034 2234 4103 2295 et
4178 2227 4384 2296 melle

2820 2340 3211 2399 manantem
3265 2333 3308 2399 ¹.
3427 2332 3611 2403 Psal.
3675 2356 3814 2415 cm,
3878 2337 3961 2403 27
4035 2360 4050 2404 ε
4129 2336 4383 2406 Omnia

2820 2464 2863 2507 a
2921 2450 2986 2507 te
3046 2450 3437 2530 exspectant
3486 2450 3563 2508 ut
3635 2442 3751 2510 des
3819 2442 3969 2510 iltis
4023 2467 4245 2512 escam
4314 2469 4383 2512 m

2822 2557 3141 2639 tempore,
3176 2549 3383 2616 etiam
3438 2549 3650 2617 corvi.
3704 2549 3955 2619 Melius
4001 2560 4234 2621 autem
4274 2555 4388 2621 in-

2822 2655 3151 2746 telligitur
3188 2656 3269 2722 de
3301 2677 3454 2724 esca
3511 2655 3699 2724 verbi
3728 2657 3883 2736 Dei,
3933 2683 4084 2749 quae
4132 2683 4392 2751 praepa-

2823 2773 3034 2840 ratur,
3097 2771 3163 2829 et
3190 2763 3389 2829 datur
3427 2765 3613 2830 omui
3667 2761 3961 2845 homini,
4014 2776 4091 2834 ut
4146 2790 4231 2835 ex
4274 2768 4385 2836 1110

2821 2870 3031 2937 vivat.
3077 2868 3353 2937 Denter.
3400 2892 3544 2950 vm,
3583 2872 3621 2937 3
3658 2892 3675 2939 ε
3711 2872 3870 2940 Non
3928 2874 4000 2941 in
4030 2874 4181 2942 soto
4205 2900 4391 2967 pane

2824 2978 2990 3044 vivit
3018 2977 3249 3057 homo,
3277 2977 3401 3045 sed
3426 2979 3499 3045 in
3528 2981 3724 3046 omni
3746 2979 3953 3048 ’verbo
3980 2982 4174 3073 quod
4206 3006 4390 3075 09νο-

2823 3084 3015 3152 ditur
3079 3083 3164 3152 de
3226 3106 3342 3153 ore
3404 3087 3539 3154 Dei
3601 3087 3650 3153 '.
3695 3086 3880 3155 Psal.
3924 3110 4175 3172 cxxxv,
4234 3092 4320 3158 25
4368 3110 4386 3158 ε

2829 3194 2964 3278 Qui
3018 3192 3142 3260 dat
3208 3215 3429 3261 escam
3500 3195 3693 3262 omni
3740 3194 3998 3263 earni³.
4037 3196 4224 3277 -vel,
4306 3197 4389 3265 de

2827 3326 2981 3372 esca
3017 3304 3325 3392 eorporis
3362 3305 3661 3393 proprie,
3696 3304 3872 3372 sicut
3927 3304 4079 3373 vult
4116 3304 4383 3375 Glossa.

2822 3413 3023 3480 Joan.
3059 3436 3153 3491 vi,
3195 3412 3282 3479 56
3318 3434 3335 3481 :
3374 3413 3550 3482 Caro
3607 3436 3759 3481 mea
3816 3437 3968 3481 vere
4029 3422 4128 3482 est
4168 3414 4384 3493 cibus,

2827 3531 2890 3587 et
2914 3522 3201 3610 sanquis
3239 3542 3429 3587 meus
3460 3542 3608 3587 vere
3662 3528 3762 3588 est
3798 3530 4037 3613 potus.
4075 3520 4384 3613 Sapient.

2827 3651 2969 3706 xvi,
3002 3630 3130 3696 20:
3188 3629 3534 3695 Paratum
3561 3650 3818 3720 panem
3876 3629 3962 3697 de
3988 3630 4155 3698 eoelo
4206 3654 4394 3723 pra·-

2830 3852 3130 3911 mentum
3174 3843 3245 3909 in
3278 3867 3350 3910 se
3376 3843 3760 3925 habnetem,
3809 3853 3874 3913 et
3911 3846 4136 3913 omnis
4182 3869 4396 3938 sapo-

2828 3953 2925 4019 ris
2967 3953 3403 4020 suavitatem.

2920 4299 2955 4335 «
3014 4272 3458 4360 confitemini
3519 4273 3689 4341 Deo.
3760 4300 3793 4334 ιι
3840 4271 4015 4342 Eece
4071 4274 4390 4365 quintum

2834 4380 3264 4459 beneficium,
3315 4380 3567 4449 seilicet
3600 4377 3754 4449 eoeli
3783 4380 3890 4448 sui
3930 4383 4297 4472 expositio.

2923 4484 3131 4565 Quasi
3170 4487 3471 4557 diceret:
3518 4487 3959 4557 Contitemiui
3999 4490 4398 4581 0010001100-

2832 4597 2926 4663 110
2975 4595 3306 4665 beneficia
3354 4595 3730 4675 exhibenti,
3774 4597 3985 4666 etiam
4035 4623 4070 4664 ι
4123 4602 4399 4690 confite-

2836 4707 3009 4773 mini
3063 4706 3207 4773 Deo
3261 4705 3438 4785 eoeli,
3502 4732 3535 4770 ιι
3597 4707 4028 4795 promissori,
4072 4709 4257 4798 quod
4297 4718 4399 4778 est

2837 4812 3026 4881 locus
3093 4814 3239 4903 ejus
3324 4813 3517 4904 quasi
3584 4813 3928 4904 propriuS.
4003 4814 4255 4907 Supra,
4327 4818 4398 4884 in

2836 4921 3019 4990 I‘sal.
3077 4944 3260 5003 exui,
3310 4923 3388 4988 16
3434 4945 3450 4989 ε
3516 4920 3780 4990 Coelum
3834 4922 3998 4992 coeti
4029 4926 4333 4993 Domino
4375 4947 4398 4993 .·

2839 5041 3117 5107 terram,
3162 5038 3288 5097 etc.
3335 5026 3613 5096 Denter.
3650 5051 3721 5108 x,
3760 5030 3843 5097 14
3890 5053 3907 5099 :
3949 5033 4066 5099 En
4113 5033 4403 5100 Domini

2838 5141 2972 5210 Dei
3009 5141 3114 5206 tui
3149 5136 3396 5207 coelum
3453 5148 3578 5217 est,
3629 5147 3695 5206 et
3738 5139 3991 5207 eoelum
4029 5141 4208 5210 coeti.
4261 5140 4397 5212 lsa.

2839 5268 3021 5324 vai,
3062 5247 3086 5312 1
3129 5267 3145 5311 2
3207 5243 3474 5314 Coelum
3505 5268 3659 5313 mea
3693 5244 3909 5326 sedes,
3965 5247 4234 5338 supple,
4271 5258 4397 5318 est.

2841 5354 3035 5422 Certe
3093 5351 3209 5443 qui
3268 5374 3518 5442 corpus
3564 5374 3769 5419 suum
3825 5351 3896 5418 in
3963 5353 4194 5421 cibum
4262 5355 4403 5437 dat,

2852 5600 3062 5750 11:223OE-
3099 5599 3231 5673 tob,
3260 5615 3455 5666 xxxvi,
3489 5600 3554 5655 31
3592 5615 3608 5656 :
3639 5600 3745 5657 Dat
3773 5616 3924 5659 escas
3971 5601 4166 5659 multis
4191 5608 4409 5659 morto-

2875 5710 2894 5749 ι
2996 5733 3014 5752 .
