5008 6329
503 4414 629 4483 10

747 345 874 413 486

1748 343 1830 410 D.
1883 342 2084 410 ALB.
2138 340 2360 410 MAG.
2413 339 2620 407 om).
2673 341 2968 409 PRAED.

745 515 955 581 sancti
1003 512 1240 603 gratia.
1296 511 1537 580 Ezech.
1602 537 1698 592 111,
1777 515 1856 579 14
1901 535 1914 579 ε
1979 514 2290 605 Spiritus
2408 535 2559 578 rum
2592 511 2886 602 prodest,
2922 512 3060 578 imo
3101 512 3270 579 torte
3318 510 3469 600 plus
3527 516 3747 576 nocet.
3780 506 3942 573 Luc.

745 621 991 687 levavit
1029 643 1153 699 me,
1188 631 1250 687 et
1289 624 1657 714 assumpsit
1688 646 1818 690 me.

830 970 861 1003 «
895 944 1109 1035 Eripe
1126 966 1233 1009 me
1259 942 1341 1008 de
1362 942 1658 1007 inimicis
1682 941 1873 1015 meis,
1899 940 2218 1007 Domine.
2250 965 2281 999 ιι

736 1047 863 1116 Hic
911 1058 1251 1139 quartum,
1295 1049 1364 1113 in
1421 1070 1556 1138 quo
1624 1048 1792 1137 petit
1849 1044 1932 1113 ab
1982 1045 2285 1136 ‚inimicis

734 1154 1025 1222 liberari.
1088 1154 1172 1220 Et
1226 1154 1473 1245 primo,
1519 1157 1708 1245 petit.
1748 1152 2065 1222 Secundo
2117 1174 2285 1220 cau-

735 1282 874 1328 sam
911 1259 1117 1340 addit,
1152 1261 1272 1342 ibi,
1314 1291 1344 1322 α
1374 1263 1489 1330 Ad
1514 1273 1576 1330 te
1605 1262 1917 1351 consuyi.
1960 1286 1991 1325 ιι

819 1368 998 1437 Dicit
1026 1391 1222 1461 ergo:
1270 1368 1382 1438 Sic
1421 1370 1506 1438 da
1533 1371 1632 1437 tui
1687 1370 2183 1460 cognitionem,
2219 1375 2283 1436 et

734 1477 1207 1546 misericordiae
1272 1487 1405 1546 tuae
1463 1500 1769 1557 sensum,
1806 1485 1871 1544 et
1919 1478 2284 1567 experien-

731 1588 922 1665 tiam,
962 1595 1027 1654 et
1073 1586 1351 1654 ostende
1389 1586 1600 1663 viam,
1631 1585 1748 1653 sed
1789 1607 1874 1653 ne
1915 1585 2278 1674 impediar,

736 1716 775 1761 o
807 1722 837 1752 «
872 1693 1176 1768 Domine,
1211 1694 1394 1783 eripe
1423 1714 1529 1760 me
1566 1692 1651 1759 de
1681 1692 1981 1759 inimicis
2011 1692 2204 1772 meis,
2244 1716 2275 1755 ιι

739 1799 1074 1880 daemone,
1116 1808 1182 1866 et
1237 1803 1533 1869 exercitu
1599 1823 1724 1868 suo
1787 1823 1894 1869 me
1952 1799 2274 1867 vallante.

734 1905 828 1972 lv
859 1906 1025 1996 Reg.
1067 1928 1230 1984 ιιιιν,
1277 1909 1305 1974 1
1337 1931 1351 1974 :
1410 1909 1596 1975 Venit
1623 1907 2275 1985 Nabuchodonosor,

737 2038 857 2083 να·
908 2016 1312 2106 Babylonis,
1384 2019 1525 2108 ipse
1576 2027 1640 2084 ct
1695 2017 1917 2084 omnis
1946 2017 2281 2083 exercitus

735 2123 888 2212 ejus
947 2125 1012 2189 in
1065 2124 1476 2202 Jerusalem,
1547 2137 1611 2192 et
1685 2124 2282 2192 circumdederunt

733 2254 904 2299 eam.
971 2232 1186 2300 Eccle.
1251 2256 1338 2308 tx.
1400 2236 1478 2300 14
1514 2255 1528 2300 ε
1579 2235 1841 2303 Civitas
1899 2257 2148 2324 parva.
2218 2241 2283 2299 et

725 2341 941 2428 pauci
987 2341 1056 2407 in
1102 2364 1181 2408 ea
1220 2341 1398 2408 viri:
1438 2343 1618 2408 venit
1669 2351 1908 2409 contra
1974 2363 2126 2408 eam
2157 2364 2282 2408 rex

731 2472 1046 2539 rnaqnus.
1088 2459 1150 2518 et
1232 2449 1524 2518 vallavit
1587 2473 1765 2530 eam,
1834 2460 1896 2518 et
1973 2454 2283 2541 perlecta

733 2567 828 2624 est
866 2557 1168 2626 obsidio:
1198 2559 1316 2627 sed
1343 2568 1409 2626 tu
1443 2558 1653 2626 'ibera
1682 2571 1742 2625 et
1777 2561 1983 2648 eripe.
2016 2557 2068 2623 ΙΙ
2108 2557 2276 2648 lteg.

733 2688 896 2742 xxn,
938 2667 1055 2735 18:
1116 2664 1462 2735 Liberavit
1511 2692 1614 2733 me
1680 2666 1768 2733 ab
1822 2668 2096 2732 inimico
2136 2687 2283 2732 mco

722 2775 1214 2866 potentissimo.
1251 2775 1451 2842 Eecli.
1498 2798 1584 2850 m,
1639 2777 1764 2841 12:
1812 2777 1898 2841 131
1917 2776 2021 2840 ui·-
2070 2775 2282 2840 sees-ti-

731 2892 955 2948 nentes
991 2890 1075 2960 te,
1111 2883 1426 2951 Domine.

827 3023 858 3055 α
906 2992 1019 3059 Ad
1069 3002 1133 3058 te
1186 2992 1497 3082 consuqi.
1544 3020 1575 3052 ιι
1647 2989 1818 3057 Ecce
1875 2989 2276 3057 secundum.

734 3099 941 3181 Quasi
962 3099 1232 3168 diceret.
1262 3098 1376 3167 Sic
1396 3121 1563 3190 rogo
1587 3097 1770 3190 quud
1794 3098 2068 3187 eripias,
2089 3106 2154 3163 et
2174 3094 2287 3162 de-

738 3212 878 3288 bes,
911 3210 1170 3300 suppio,
1197 3212 1356 3301 quia
1381 3237 1412 3274 ι
1449 3210 1546 3277 ad
1572 3218 1659 3289 te,
1688 3234 1721 3271 ιι
1758 3231 1893 3276 ιιοιι
1926 3207 2008 3273 ud
2042 3206 2280 3282 atium.

741 3343 772 3380 ι
806 3317 1109 3407 consieqi.
1149 3343 1181 3380 ιι
1246 3316 1500 3383 Jeretn.
1543 3337 1686 3389 xvi.
1739 3317 1854 3383 19:
1901 3313 2284 3403 Iteluyium

737 3448 959 3491 meum
992 3426 1060 3491 in
1104 3424 1215 3492 die
1249 3423 1748 3491 tribulationis,
1807 3450 1838 3487 ι
1879 3423 2207 3512 Conluqi‚
2249 3447 2280 3481 ιι

737 3556 890 3601 cum
941 3532 1257 3600 omnibus
1304 3532 1475 3598 meis
1538 3531 1708 3621 fugi,
1760 3540 1829 3598 et
1878 3530 1973 3596 sic
2010 3552 2092 3597 ex
2143 3536 2286 3595 toto

739 3640 904 3731 fugi.
936 3640 1186 3709 Jerem.
1241 3662 1382 3715 xvu,
1430 3641 1553 3707 19:
1587 3639 1907 3715 Domine.
1939 3635 2286 3728 sot-titudo

737 3772 912 3829 mea,
934 3762 998 3817 et
1026 3747 1233 3817 robur
1251 3770 1500 3825 meum,
1525 3757 1590 3815 et
1619 3748 1972 3837 resuqium
1995 3768 2219 3812 meum
2239 3751 2282 3812 ¹.

741 3859 818 3926 In
879 3857 1252 3948 Babylonia
1309 3878 1445 3923 non
1497 3855 1819 3923 remensi.
1881 3853 1992 3931 Et,
2057 3876 2143 3931 u,
2187 3855 2278 3921 6:

740 3967 991 4055 Fuqite
1027 3965 1111 4032 de
1147 3964 1368 4032 medio
1423 3962 1834 4053 Babylonis.
1896 3961 1999 4029 Tu
2043 3961 2285 4030 civitas

741 4068 1046 4163 refugii⁸.

834 4417 870 4461 ι
908 4395 1089 4463 Doce
1115 4414 1222 4460 me
1253 4392 1503 4481 facere.
1541 4415 1574 4456 ιι
1634 4388 1766 4458 llic
1819 4399 1923 4459 est
1968 4392 2286 4484 quintum

741 4505 1131 4595 petitorum.
1164 4500 1249 4569 Et
1274 4501 1523 4593 primo,
1556 4500 1746 4592 petit.
1786 4497 2131 4582 Secundo,
2165 4500 2286 4569 ad·

740 4610 838 4679 dit
920 4632 1219 4690 causam,
1290 4629 1499 4700 quare
1593 4606 2086 4688 exaudiendus,
2159 4608 2282 4695 ihi,

738 4747 772 4782 α
810 4721 991 4805 Quia
1027 4720 1216 4788 Deus
1252 4742 1463 4787 meus.
1505 4744 1538 4785 ι

824 4826 937 4894 Ait
967 4849 1129 4915 ergo
1172 4849 1187 4894 :
1235 4824 1350 4894 Sic
1387 4827 1595 4917 eripe,
1627 4835 1704 4894 ut
1761 4826 1832 4894 in
1868 4826 1981 4894 via
2019 4830 2278 4918 possim

738 4936 945 5004 libere
992 4932 1366 5013 ambulare,
1399 4944 1466 5004 et
1512 4962 1545 5001 ι
1580 4935 1744 5003 doce
1771 4959 1900 5014 me,
1948 4960 1981 5001 ι
2032 4933 2284 5004 ambu-

738 5044 990 5113 lantem
1033 5045 1178 5133 jam
1225 5042 1579 5112 voluntate
1629 5043 1964 5123 interiori,
2010 5072 2047 5108 α
2085 5046 2284 5135 soce-

737 5176 831 5233 re,
878 5181 909 5216 ιι
973 5153 1038 5220 in
1106 5152 1418 5221 exteriori
1478 5174 1708 5243 opere,
1781 5177 1815 5218 «
1857 5151 2283 5221 voluntatem

738 5271 971 5329 tuam:
1020 5287 1053 5322 ιι
1133 5261 1304 5328 scire
1368 5259 1552 5327 enim
1616 5259 1828 5338 viam,
1881 5269 1948 5329 et
1997 5258 2281 5328 liberam

738 5389 908 5452 esse,
941 5368 1072 5436 nisi
1098 5367 1451 5460 contingat
1488 5389 1693 5460 opere
1732 5366 2112 5449 ambulare,
2154 5390 2282 5460 pa-

809 5621 827 5657 ¹
860 5616 945 5677 Cf.
973 5615 1133 5676 Pul.
1165 5633 1306 5686 xvn,
1331 5619 1387 5674 2.

807 5712 829 5747 ⁸
860 5709 945 5769 Cf.
974 5711 1214 5771 Numer.
1238 5725 1409 5785 xxxv,
1441 5713 1503 5767 u
1539 5714 1599 5770 et
1618 5726 1746 5785 neq.

2401 642 2520 696 xn,
2559 621 2637 685 4¹1
2679 643 2691 686 :
2736 623 2985 689 Servus
3023 621 3145 711 qui
3173 618 3485 711 coqnovit
3524 615 3945 683 voluntatem

2401 729 2666 795 domini
2690 732 2912 808 sui...‚
2945 741 3009 796 et
3046 754 3179 797 non
3220 731 3384 819 lecit
3418 724 3788 795 secundum
3834 746 3945 790 vo-

2406 834 2740 900 luntatem
2781 837 2958 924 ejus,
2999 835 3363 927 vapulabit
3392 833 3655 902 multis.
3695 829 3826 896 Sed
3871 830 3942 894 in

2402 939 2678 1006 Psalmo
2728 941 2808 1008 de
2862 942 3259 1009 facientibus
3305 941 3551 1009 dicitur
3595 961 3610 1007 ε
3656 934 3942 1006 Intelle-

2400 1059 2548 1116 ctus
2581 1048 2794 1117 bonus
2819 1050 3134 1118 omnibus
3168 1048 3586 1143 facientibus
3615 1070 3767 1115 eum
3789 1043 3837 1113 ³.

2502 1186 2529 1220 ι
2567 1158 2745 1241 Quia
2783 1160 2969 1226 Deus
2998 1183 3206 1228 meus,
3247 1187 3278 1222 ιι
3328 1157 3499 1226 Ecce
3541 1153 3936 1224 secundum.

2399 1262 2605 1342 Quasi
2649 1265 2934 1334 diceret:
2976 1265 3088 1334 Sic
3118 1268 3284 1335 doce
3325 1289 3458 1346 me,
3504 1264 3656 1332 ideo
3710 1291 3743 1324 «
3774 1261 3940 1352 quia

2395 1374 2582 1440 Deus
2612 1397 2795 1440 meus
2840 1396 2906 1440 es
2961 1385 3061 1441 tu.
3101 1399 3132 1438 ιι
3193 1373 3276 1440 Et
3332 1375 3385 1439 si
3436 1395 3574 1440 non
3633 1367 3941 1439 docueris

2395 1502 2504 1547 me
2598 1482 2811 1550 facere
2890 1482 3311 1550 voluntatem
3394 1489 3611 1558 tuam,
3698 1477 3937 1545 faciam

2395 1610 2645 1657 meam.
2679 1589 2955 1658 Denter.
3000 1614 3219 1672 xxxn,
3263 1591 3302 1658 6
3339 1613 3353 1657 ε
3404 1586 3768 1679 Numquid
3800 1607 3935 1651 non

2395 1696 2537 1786 ipse
2556 1708 2758 1787 pater
2785 1710 2962 1781 tuus,
3006 1700 3128 1789 qui
3149 1698 3451 1790 possedit
3490 1709 3577 1773 te,
3628 1705 3689 1762 et
3742 1694 3928 1783 lecit,

2391 1811 2456 1869 et
2484 1806 2736 1872 crearit
2774 1816 2837 1872 te
2868 1805 2908 1873 ?
2947 1806 3127 1897 quod
3170 1806 3320 1897 plus
3350 1814 3450 1873 est
3480 1806 3684 1872 etiam
3725 1823 3929 1893 quam

2392 1933 2537 1980 esse
2582 1913 2822 1982 Deum.
2859 1915 2986 1983 isa.
3010 1939 3187 1993 cxiv,
3211 1916 3250 1983 8
3285 1937 3299 1982 ε
3339 1918 3428 1983 lit
3447 1937 3651 1994 nunc,
3685 1910 3932 1980 Domi-

2391 2042 2497 2095 ne,
2542 2032 2745 2111 pater
2790 2033 3015 2090 noster
3049 2046 3116 2089 es
3172 2034 3270 2100 tu,
3307 2045 3430 2089 nos
3466 2044 3621 2089 vero
3654 2020 3877 2087 lutum
3904 2039 3929 2085 .·

2391 2139 2454 2195 et
2479 2130 2681 2217 fictor
2701 2143 2927 2200 noster
2955 2145 3055 2210 tu,
3095 2144 3157 2200 et
3184 2155 3389 2226 opera
3421 2153 3749 2199 ntanuum
3783 2139 3934 2196 tua·

2393 2259 2549 2304 rum
2580 2264 2808 2308 omnes
2837 2264 2982 2311 nos.

2487 2584 2519 2621 ι
2563 2561 2642 2648 Sl
2669 2560 2869 2625 iritus
2916 2569 3075 2625 tuus
3114 2558 3350 2626 bonus.
3395 2588 3423 2616 ιι
3464 2556 3589 2624 iiic
3641 2553 3935 2621 secunda
4018 2589 4236 2689 ςήηῃάν..

3968 2656 4084 2703 μιν·
4117 2650 4185 2689 ἰιι
4241 2659 4251 2687 ι

2393 2687 2548 2754 pars
2572 2666 2775 2731 totins
2801 2666 2998 2752 {injus
3033 2665 3309 2734 Psalmi.
3336 2667 3398 2732 in
3427 2689 3554 2753 qun
3583 2675 3934 2754 postquam

2396 2776 2727 2863 pru-(ussit
2783 2776 3041 2863 petitio».
3095 2775 3532 2863 sulodungitur
3581 2776 3723 2840 tarta
3768 2794 3938 2837 ron-

2394 2881 2609 2948 clusiu
2666 2884 2747 2948 de
2813 2884 3213 2950 certitudine
3273 2884 3661 2972 petitorum.
3708 2879 3937 2947 Primo

2396 3014 2560 3080 ergo
2614 2992 2908 3058 ostendit
2953 3013 3024 3058 se
3069 2989 3568 3059 exaudiendum
3630 2988 3695 3055 in
3738 2987 3941 3054 dedu·

2395 3100 2619 3166 ctione
2676 3121 2796 3189 per
2848 3100 3029 3167 viani
3078 3100 3160 3168 ad
3204 3099 3447 3168 Deum.
3487 3095 3827 3175 Secundo,
3871 3095 3941 3161 in

2397 3206 2757 3293 largitione
2789 3211 2940 3275 vitae
2980 3211 3243 3298 gratim,
3280 3208 3397 3278 ibi.
3440 3213 3505 3282 5.
3557 3207 3625 3273 11
3660 3223 3676 3273 ε
3736 3233 3768 3267 ι
3831 3205 3941 3269 i'i-

2398 3314 2864 3402 vist'cabisnee.
2906 3344 2935 3380 ι
2995 3317 3246 3397 Tertio,
3317 3318 3385 3383 in
3438 3314 3836 3381 liberatione
3901 3335 3940 3379 a

2399 3423 2857 3500 tribulatione.
2895 3425 3009 3502 ibi,
3058 3452 3089 3489 ι
3128 3424 3401 3492 Educes
3429 3423 3513 3490 de
3552 3421 3943 3490 tribulatio-

2399 3555 2502 3597 ne.
2564 3561 2595 3592 ιι
2631 3531 2909 3612 Quarto,
2938 3534 3003 3599 in
3029 3533 3461 3600 inimicorum
3492 3530 3935 3620 subjectione,

2401 3636 2521 3713 ibi,
2564 3644 2626 3713 ᾗ.
2678 3640 2755 3704 ¹2
2789 3662 2804 3705 ε
2844 3665 2877 3704 κ
2912 3642 3005 3707 ΕΙ
3045 3641 3115 3706 in
3146 3637 3615 3706 misericordia
3647 3648 3768 3703 tua
3807 3634 3943 3701 ‹lis-

2394 3745 2660 3834 perdes.
2699 3770 2730 3809 ιι
2766 3744 3048 3826 Quinto,
3094 3745 3162 3811 in
3223 3745 3525 3835 ipsorum
3564 3741 3940 3810 damnatio-

2401 3876 2512 3930 ne,
2550 3852 2667 3932 ibi,
2708 3884 2738 3915 e«
2783 3855 2873 3921 Et
2903 3854 3146 3945 peades
3175 3876 3403 3921 omnes
3435 3853 3560 3944 qui
3601 3849 3942 3918 tribulant

2399 3961 2709 4028 animam
2740 3983 2984 4030 meam.
3024 3985 3057 4026 ι

2491 4068 2568 4136 ln
2611 4071 2826 4159 prima
2856 4068 3015 4137 duo.
3053 4068 3312 4146 Primo,
3345 4067 3676 4138 certitudo
3706 4066 3788 4136 de
3830 4065 3944 4135 de·

2400 4177 2718 4247 ductione
2763 4179 2975 4270 ipsius
3030 4201 3153 4268 per
3178 4180 3362 4246 vium
3422 4178 3508 4245 nd
3552 4176 3766 4246 Deum
3806 4176 3941 4244 du-

2399 4295 2690 4356 centem.
2762 4285 3102 4365 Secundo,
3145 4286 3316 4354 ratio
3374 4286 3541 4354 tanti
3601 4285 3936 4363 beneficii,

2398 4395 2544 4464 sola
2594 4394 2804 4486 ipsius
2860 4395 3346 4475 misericordia,
3394 4394 3513 4473 ibi,
3576 4418 3610 4461 ι
3656 4397 3943 4485 Propter

2395 4525 2639 4571 nomen
2671 4511 2892 4571 tuum.
2929 4527 2962 4568 ι

2488 4611 2664 4680 Dicit
2718 4634 2924 4704 ergo:
2978 4609 3094 4681 Sic
3141 4613 3329 4703 petii,
3361 4633 3488 4679 nec
3537 4612 3603 4678 in
3653 4632 3931 4690 vanum,

2397 4720 2581 4811 quia,
2607 4742 2649 4786 o
2685 4718 2996 4798 Domine,
3026 4746 3059 4785 ι
3092 4721 3397 4812 Spiritus
3435 4728 3598 4787 tuus
3636 4717 3871 4798 bonus,
3900 4746 3934 4782 ιι

2396 4852 2535 4897 non
2604 4853 2795 4898 meus
2854 4830 3094 4897 matus.
3167 4827 3474 4920 Sapient.
3542 4852 3662 4905 ιιι,
3719 4831 3742 4896 ¹
3794 4851 3812 4897 z
3876 4828 3937 4897 0

2393 4961 2605 5030 quam
2637 4938 2875 5016 bonus,
2908 4950 2971 5005 et
2997 4939 3231 5005 suavis
3250 4948 3368 5016 cst,
3406 4939 3718 5015 Domine,
3737 4937 3944 5028 spiri·

2393 5056 2504 5115 tus
2543 5057 2702 5116 tuns
2733 5049 2801 5115 in
2831 5045 3082 5116 nobis!
3110 5070 3144 5113 ι
3181 5045 3480 5115 Deducet
3508 5068 3638 5128 me,
3684 5072 3717 5107 ιι
3755 5043 3937 5111 viam

2393 5154 2841 5232 ostendendo,
2886 5156 2953 5221 in
2993 5163 3264 5222 ostensa
3313 5151 3726 5244 adjuvandO,
3789 5179 3821 5213 α
3865 5152 3936 5217 in

2396 5271 2647 5330 terram
2688 5272 2964 5333 rectam.
3009 5287 3045 5325 ιι
3079 5258 3364 5329 Nehem.
3410 5282 3531 5327 seu
3580 5255 3640 5325 ΙΙ
3682 5256 3933 5339 Esdrae‚

2392 5390 2489 5449 nx,
2550 5369 2684 5437 20:
2746 5367 3088 5459 Spiritum
3145 5376 3341 5435 tuum
3403 5362 3652 5433 bonum
3691 5363 3942 5432 dedisti

2462 5619 2489 5658 ⁸
2516 5617 2674 5679 Pul.
2694 5636 2786 5689 cx,
2818 5620 2908 5677 to.
