5008 6329
842 4443 971 4510 48

1977 360 2688 431 COMMENTARlUS
2739 359 2833 427 IN
2882 359 3318 428 PSALMUM
3369 359 3507 429 CV.

4213 358 4337 426 105

1127 535 1654 610 misericordias,
1696 560 1730 597 »
1778 535 1844 601 id
1895 544 2017 614 est,
2071 560 2154 604 ex
2212 536 2681 604 misericordia
2789 541 2938 599 tura
3005 532 3328 611 humana,
3379 531 3492 610 ibi,
3527 538 3588 607 ς’.
3651 530 3734 596 48
3777 552 3792 595 :
3864 556 3897 593 α
3931 528 4340 597 Benedictus

1126 641 1302 707 dedit
1342 642 1440 708 eis
1480 642 1665 708 bona
1696 642 1940 710 multa.
1985 642 2069 709 Et
2103 643 2255 722 hoc,
2307 669 2339 707 α
2384 645 2456 709 in
2514 663 2681 708 con-

1117 761 1345 840 speetu
1386 774 1621 818 eorum
1654 755 1776 842 qui
1804 764 2124 845 ceperunt
2157 777 2290 833 eos,
2329 777 2362 818 »
2398 751 2530 818 hoc
2547 758 2671 826 est,

1119 869 1302 927 tanta
1332 860 1460 927 fuit
1498 862 1570 927 in
1594 863 1690 930 eis
1720 867 1964 954 gratia,
2001 871 2075 930 ut
2105 864 2309 930 etiam
2350 860 2671 937 inimiciS,

2783 640 3149 706 Dominus.
3201 664 3234 705 »

2872 744 2952 811 ln
2991 732 3239 835 prima,
3281 748 3503 836 primo
3545 747 4007 837 petitliberari
4052 769 4088 813 a
4122 747 4336 814 mise-

2782 856 2880 922 ria
2914 879 3121 947 quam
3170 859 3505 924 sustinent
3557 858 3627 924 in
3659 867 3833 925 terra
3865 859 4164 948 propria.
4205 854 4335 923 Se-

1120 970 1229 1060 qui
1263 992 1381 1037 eos
1416 972 1966 1062 captivaverunt,
2010 973 2381 1062 placerent,
2424 991 2677 1037 secun·
2779 966 3028 1045 cund0,
3066 971 3366 1035 revocari
3407 991 3442 1035 a
3475 970 3864 1058 captivitate
3922 991 4060 1059 qua
4092 977 4336 1037 tenen-

1114 1080 1272 1147 dum
1323 1082 1510 1170 quod
1576 1081 1831 1174 legitur
1879 1083 1960 1151 de
1997 1081 2168 1150 Tob.
2213 1101 2260 1160 1,
2319 1081 2396 1148 13
2446 1087 2514 1147 et
2548 1080 2666 1146 14:

1112 1187 1318 1255 Dedit
1373 1189 1516 1271 illi,
1549 1191 1808 1259 scilicet
1834 1190 2086 1267 Tobiae,
2128 1189 2433 1280 qratiam
2482 1189 2670 1256 Deus

1112 1298 1179 1361 in
1236 1308 1595 1388 conspectu
1651 1299 2140 1376 Salmanasar‚
2201 1297 2405 1386 reqiS,
2448 1306 2514 1363 et
2561 1295 2667 1363 de·

1109 1402 1209 1470 dit
1241 1403 1358 1470 illi
1380 1413 1788 1494 potestatem
1829 1425 2258 1494 quocumque
2295 1403 2501 1470 vellet
2540 1405 2660 1482 ire,

1105 1510 1358 1578 liabens
1393 1510 1778 1579 libertatem
1811 1534 2255 1602 quaecumque
2288 1513 2519 1601 facere
2557 1534 2667 1577 vo-

1109 1618 1366 1686 luisset.
1397 1617 1735 1687 Similiter
1761 1620 1844 1687 de
1877 1619 2186 1699 Daniele,
2213 1617 2539 1699 Daniel.1,
2575 1620 2615 1688 9
2642 1642 2659 1688 :

1103 1725 1310 1793 Dedit
1339 1728 1529 1793 Deus
1544 1728 1836 1795 Danieli
1861 1728 2170 1818 qratiam
2200 1737 2262 1793 et
2283 1728 2661 1794 misericor-

1102 1821 1293 1901 diam
1316 1836 1388 1902 in
1409 1846 1768 1928 conspectu
1792 1837 2133 1928 principis
2161 1835 2654 1905 eunuchorum.

1101 1945 1207 2023 Et,
1243 1970 1315 2029 n,
1344 1947 1462 2016 48:
1491 1948 1643 2015 Rex
1675 1947 2037 2016 Danielem
2070 1950 2141 2014 in
2179 1946 2480 2016 sublime
2535 1972 2661 2017 ea·-

1100 2051 1289 2130 tulit,
1324 2064 1387 2120 et
1427 2076 1720 2121 munera
1759 2052 1990 2122 inulta
2054 2063 2117 2120 et
2172 2074 2431 2144 maqna
2471 2052 2660 2120 dedit

1096 2162 1190 2227 ei:
1221 2171 1283 2227 et
1303 2163 1661 2229 constituit
1688 2183 1846 2229 eum
1868 2158 2249 2252 principem
2276 2183 2484 2252 super
2521 2183 2659 2227 om·

1097 2293 1207 2336 nes
1227 2271 1626 2359 provincias
1656 2270 2065 2361 Babylonis.
2105 2269 2220 2338 Sic
2248 2268 2331 2338 de
2367 2268 2653 2360 Joseph,

1098 2377 1340 2445 GeneS.
1374 2399 1462 2445 xa
1490 2386 1556 2445 et
1588 2401 1721 2445 xm.
1753 2377 1908 2458 Vel,
1942 2378 2124 2446 dedit
2156 2377 2254 2445 eis
2276 2377 2658 2445 misericor-

1096 2485 1263 2571 dias,
1299 2511 1439 2555 non
1481 2489 1553 2554 in
1612 2487 1910 2567 occult0‚
1946 2487 2066 2556 sed
2116 2513 2150 2554 ι
2195 2489 2265 2555 in
2295 2498 2654 2581 conspectu

1096 2599 1401 2664 omnium
1438 2599 1565 2688 qui
1600 2608 1921 2690 ceperant
1951 2621 2083 2677 eos,
2122 2627 2155 2660 ι»
2191 2604 2262 2665 ut
2293 2597 2453 2666 inde
2481 2620 2655 2666 con-

1092 2703 1544 2773 funderentur
1583 2706 1843 2775 inimici
1873 2729 2136 2775 eorum.

1182 2809 1296 2878 Sic
1334 2809 1679 2880 Dominus
1738 2813 1808 2880 in
1848 2820 2217 2904 conspectu
2260 2812 2648 2880 daemonum

1095 2917 1208 3008 qui
1249 2918 1517 2986 animas
1547 2918 1886 2989 seducunt
1925 2928 1991 2988 et
2011 2918 2650 3011 capiunt,aliquan-

1091 3025 1177 3092 do
1231 3025 1388 3094 facit
1444 3026 1951 3096 misericordias
1997 3028 2358 3111 maximas,
2417 3035 2650 3118 aperte

1091 3132 1442 3203 liberando
1474 3156 1615 3214 eaS‚
1659 3143 1728 3204 et
1774 3134 1859 3205 de
1889 3135 2196 3204 faucibus
2243 3157 2482 3204 eorum
2525 3156 2653 3203 ex-

1090 3244 1449 3326 trahendo,
1487 3247 1865 3315 secundum
1892 3246 2057 3313 illud
2101 3246 2260 3324 Job,
2297 3268 2485 3326 xxix,
2518 3245 2593 3311 Π
2625 3264 2642 3311 z

1092 3350 1535 3419 Contere-bam
1571 3352 1798 3419 nicolas
1828 3353 2077 3444 iniqeei,
2108 3364 2173 3419 et
2201 3353 2286 3419 de
2331 3350 2650 3420 dentibus

1090 3456 1285 3524 illius
1313 3457 1719 3549 auferebam
1745 3459 2057 3551 lit-’edum
2082 3482 2104 3526 .·
2134 3457 2322 3550 quod
2360 3466 2461 3526 est
2499 3456 2650 3525 ἀω-

1088 3587 1368 3633 monum
1431 3589 1687 3659 magna
1752 3566 2007 3646 illusio,
2068 3566 2229 3645 Job,
2289 3588 2401 3645 xa,
2500 3566 2588 3632 24
2623 3588 2639 3633 z

1085 3673 1451 3765 Numquid
1485 3674 1746 3743 illudes
1773 3676 1860 3755 ei,
1902 3675 2106 3767 quasi
2150 3676 2268 3741 avi
2289 3673 2332 3742 :²
2380 3681 2447 3742 et
2515 3670 2647 3738 bo·

1084 3800 1328 3846 norum
1403 3779 1837 3867 Angelorum
1926 3803 2177 3871 magna
2242 3777 2638 3858 exsultatio,

1084 3882 1242 3952 Luc.
1295 3907 1411 3964 xv,
1467 3887 1593 3954 10:
1659 3888 1771 3955 Ita
1829 3887 1982 3955 dico
2032 3886 2245 3971 robis,
2293 3883 2641 3978 qaudium

1082 3990 1208 4056 erit
1234 4013 1467 4057 coram
1506 3992 1798 4082 Angelis
1825 3992 1959 4060 Dei
1981 4014 2191 4083 super
2246 4013 2381 4058 uno
2404 4012 2644 4083 pecca-

1081 4107 1224 4165 tore
1242 4102 1730 4190 poenitentiam
1761 4109 2027 4192 aqente.

1170 4448 1204 4489 ι
1237 4421 1490 4492 Salvos
1514 4424 1638 4514 sac
1665 4445 1813 4490 reos.
1859 4450 1893 4485 »ι
1932 4421 2296 4489 Praemissa
2332 4420 2460 4490 Dei
2500 4421 2640 4490 mi-

1078 4533 1448 4603 sericordia
1480 4555 1603 4624 pro
1637 4530 1991 4600 benefieiis
2017 4529 2343 4600 exhibitis
2372 4529 2474 4600 illi
2501 4552 2640 4622 po-

1074 4642 1263 4733 pulo,
1297 4649 1365 4711 et
1413 4643 1716 4710 maxime
1766 4643 1837 4710 in
1886 4640 2144 4732 peccati
2201 4640 2631 4723 dimissione,

1073 4752 1517 4843 subjungitur
1550 4751 1664 4821 hic
1693 4754 2101 4845 supplicatio
2138 4776 2264 4845 pro
2295 4751 2498 4846 plena
2527 4774 2634 4821 re-

1071 4860 1577 4947 conciliatione,
1637 4870 1728 4930 nt·
1778 4863 1992 4954 erepti
2049 4885 2190 4931 non
2263 4870 2536 4932 tantum
2591 4886 2632 4931 a

1071 4972 1269 5065 culpa
1298 4972 1418 5041 sed
1449 4971 1536 5040 ab
1576 4973 1768 5040 omni
1810 4974 2108 5053 miseria,
2141 4973 2409 5065 possint
2451 4971 2634 5042 libe·

1073 5084 1210 5150 rius
1275 5079 1584 5149 confiteri
1653 5087 1723 5147 et
1787 5077 2066 5149 laudare
2101 5103 2118 5150 ε
2177 5089 2246 5150 et
2311 5079 2632 5152 dicuntur

1068 5193 1218 5260 tria.
1257 5191 1520 5272 l‘rim0,
1563 5189 1969 5282 supplicatio
1999 5213 2122 5282 pro
2153 5190 2557 5262 liberatione
2587 5217 2629 5261 a

1069 5297 1462 5388 captivitate
1513 5304 1579 5365 et
1639 5297 1943 5364 miseria.
2008 5294 2354 5378 Secundo,
2448 5299 2623 5368 ratio

1069 5427 1276 5497 quare
1306 5406 1475 5495 petit
1508 5403 1847 5495 populum
1879 5402 1966 5471 ab
2003 5402 2119 5471 illa
2164 5402 2464 5488 liberari,
2498 5405 2620 5485 ibi,

1071 5545 1102 5578 ι
1142 5515 1228 5584 Ut
1271 5512 1753 5601 conliteamur.
1791 5540 1827 5577 a
1875 5512 2131 5595 Tertio,
2186 5511 2626 5604 subjungitur

2779 1086 2887 1145 tur
2924 1079 2993 1145 in
3047 1086 3223 1146 terra
3260 1079 3506 1159 aliena,
3574 1079 3691 1158 ibi,
3758 1103 3792 1145 α
3836 1081 3933 1146 Et
3986 1101 4329 1170 eonqreqa

2774 1207 2923 1251 nos.
2966 1209 2998 1249 n

2863 1294 3042 1364 Dicit
3081 1318 3287 1386 ergo:
3346 1297 3511 1364 Haec
3562 1295 3740 1364 bona
3803 1319 3957 1387 quae
3997 1297 4324 1387 praemisi,

2773 1402 3112 1470 Dominus
3167 1403 3422 1494 populo
3512 1402 3827 1483 contulit,
3901 1426 3983 1472 ex
4077 1402 4328 1495 quibus

2772 1509 3149 1579 laudandus
3181 1518 3280 1579 est
3319 1512 3670 1579 manifeste
3709 1535 3722 1579 :
3759 1520 3847 1591 et,
3884 1535 3924 1579 o
3960 1537 3994 1578 c
4028 1512 4325 1579 Domine

2771 1620 2959 1687 Deus
2985 1628 3278 1701 noster-,n
3309 1622 3628 1698 Domine,
3665 1621 3775 1710 qui
3819 1628 4057 1710 potes:
4103 1622 4317 1699 DeuS,

2773 1727 2893 1817 qui
2933 1728 3105 1794 scis:
3135 1737 3385 1807 noster,
3415 1730 3531 1817 qui
3562 1727 3734 1794 velle
3774 1727 4023 1795 debes:
4083 1751 4116 1791 α
4167 1725 4321 1794 sal-

2771 1858 2888 1903 vos
2923 1857 3045 1902 nos
3069 1835 3213 1924 sae,
3245 1862 3275 1897 ι
3327 1858 3365 1902 a
3416 1836 3707 1902 miseriis
3765 1858 3936 1926 quas
3984 1836 4311 1927 patimur.

2767 1941 2863 2009 lV
2897 1941 3063 2034 Reg.
3121 1964 3260 2019 xix,
3320 1943 3441 2010 19:
3493 1944 3691 2010 Nunc
3730 1944 3973 2032 iqitur,
4014 1942 4314 2010 Domine

2762 2054 2951 2119 Deus
2977 2049 3460 2130 noster,salvos
3487 2072 3610 2116 nos
3623 2052 3743 2139 sac
3770 2049 3852 2117 de
3889 2072 4105 2118 manu
4125 2048 4306 2139 ejus,

2765 2169 2842 2228 ut
2875 2160 3099 2228 sciant
3151 2159 3384 2226 omnia
3431 2182 3641 2249 reqna
3672 2170 3866 2227 tert-:e
3931 2161 4103 2251 quia
4135 2169 4212 2226 tu
4243 2181 4311 2227 es

2760 2271 3105 2339 Dominus
3151 2270 3336 2338 Deus
3385 2269 3578 2338 solus
3604 2293 3626 2337 .·
3666 2278 3730 2338 et
3762 2272 3860 2338 sic
3897 2269 4054 2338 fecit
4090 2278 4158 2339 et
4205 2270 4314 2337 di·-

2762 2379 2883 2461 xit,
2914 2385 2978 2455 5.
3014 2379 3139 2447 34:
3174 2379 3543 2468 Proteqam
3575 2376 3809 2444 urbem
3838 2377 4042 2460 hane,
4075 2385 4142 2445 et
4171 2376 4310 2444 sal·

2762 2488 2932 2556 vabo
2961 2512 3113 2558 eam
3146 2498 3425 2580 propter
3466 2511 3595 2567 me,
3637 2497 3701 2555 et
3751 2496 4039 2579 propter
4073 2485 4318 2556 David

2754 2621 3027 2667 servum
3055 2619 3308 2666 meum.

2848 2839 2883 2876 α
2919 2814 3013 2880 Et
3062 2834 3399 2902 cooaeyreqa
3457 2833 3676 2887 nom»
3727 2810 4097 2899 dispersos,
4158 2838 4191 2870 α
4223 2806 4308 2876 de

2755 2916 3177 2994 nationibus,
3220 2944 3249 2980 ι
3317 2917 3386 2983 in
3443 2917 3692 3006 quibus
3721 2915 4007 3006 dispersi
4039 2936 4302 2981 sumuS.

2757 3027 3083 3118 Apparet,
3147 3025 3331 3118 quod
3379 3024 3722 3115 Propheta
3785 3046 3926 3093 non
4003 3021 4311 3115 loquitur

2754 3160 2880 3229 pro
2912 3144 3216 3228 tempore
3255 3156 3426 3203 suo:
3468 3141 3630 3202 tunc
3670 3134 3851 3202 enim
3912 3155 4054 3201 non
4109 3138 4304 3203 erant

2755 3244 3083 3336 dispersi:
3125 3243 3244 3312 sed
3282 3267 3403 3333 pro
3451 3240 3874 3333 temporibus
3939 3241 4309 3332 captivita-

2756 3363 2902 3421 tum
2942 3353 3312 3431 variarum,
3346 3375 3516 3442 quas
3553 3359 3789 3441 postea
3828 3350 4106 3418 videbat
4144 3372 4307 3441 pas-

2754 3484 2990 3529 surum
3030 3459 3359 3552 populum
3385 3469 3658 3551 propter
3680 3461 4074 3551 iniquitates
4103 3479 4302 3525 suas:

2754 3577 2822 3637 et
2867 3568 3230 3638 exauditus
3267 3575 3392 3637 est.
3445 3567 3699 3635 Jerem.
3760 3588 3953 3647 xxxi,
3995 3567 4078 3634 8:
4133 3566 4307 3633 Ecce

2752 3703 2877 3770 eqo
2914 3678 3257 3749 adducam
3304 3702 3415 3746 eos
3459 3678 3545 3745 de
3580 3687 3761 3746 terra
3800 3675 4199 3768 Aquilonis,
4240 3685 4304 3743 et

2749 3784 3178 3879 conqreqabo
3224 3810 3333 3854 eos
3375 3784 3462 3852 ab
3524 3786 3842 3852 esti-emis
3899 3794 4121 3852 terrae.
4188 3782 4300 3861 Et,

2751 3917 2969 3976 xxxn,
3003 3895 3087 3963 37
3124 3916 3140 3962 ε
3205 3895 3378 3961 Ecce
3430 3916 3553 3984 eqo
3595 3893 4019 3983 conyreyabo
4065 3914 4176 3959 eos
4221 3890 4307 3957 de

2752 4002 3085 4069 universis
3114 4003 3312 4069 terris
3339 3998 3439 4068 ad
3473 4023 3645 4091 quas
3701 3999 3875 4089 ejeci
3902 4022 4012 4065 eos
4054 3999 4125 4065 in
4172 3999 4303 4087 su-

2749 4135 2903 4181 rore
2947 4135 3180 4183 meo...
3226 4133 3247 4179 .·
3287 4121 3352 4179 et
3391 4111 3710 4178 reducam
3772 4133 3883 4177 eos
3931 4108 4031 4177 ad
4072 4108 4303 4176 Iocum

2750 4222 2959 4289 istum
2972 4271 2989 4290 .

2841 4454 2875 4493 ι
2916 4428 3006 4497 Ut
3030 4428 3504 4511 confiteamur.
3541 4454 3576 4491 a·
3614 4427 3735 4495 llic
3782 4424 4189 4505 secundum,
4223 4425 4297 4493 in

2746 4558 2883 4628 quo
2922 4538 3225 4629 tangitur
3271 4537 3425 4604 linis
3464 4536 3685 4627 petiti,
3734 4534 3992 4604 scilicet
4038 4533 4297 4603 libera-

2741 4648 2976 4728 tionis,
3036 4656 3104 4717 et
3166 4646 3716 4738 congregationis
3766 4669 3782 4715 ε
3845 4653 3913 4713 et
3993 4644 4296 4736 tangitur

2741 4754 2997 4847 duplex
3025 4755 3406 4824 confessio:
3469 4753 3715 4822 divinae
3762 4751 3984 4822 laudis
4032 4752 4290 4842 primo.

2745 4860 3090 4942 Secundo,
3139 4858 3502 4929 exsultatio
3560 4862 3628 4929 in
3671 4859 3786 4927 tali
3834 4858 4288 4939 confessione,

2741 4970 2864 5049 ibi,
2900 4995 2934 5036 ι
2966 4971 3064 5038 ΕΙ
3085 4967 3492 5059 qloriemur.
3531 4993 3565 5033 n

2828 5080 3008 5151 Dicit
3036 5102 3243 5173 ergo:
3299 5079 3414 5150 Sic
3452 5081 3618 5172 petii
3678 5076 3952 5157 salvari,
3995 5086 4067 5149 et
4113 5079 4294 5149 libe-

2740 5191 2872 5262 rari
2908 5214 2923 5261 ε
2995 5199 3064 5260 et
3112 5189 3266 5270 boc,
3308 5217 3357 5281 ,α
3393 5198 3471 5257 ut
3523 5187 4001 5277 confiteamur,
4043 5216 4080 5254 a
4123 5211 4289 5259 con·

2738 5304 3030 5373 sessione
3083 5299 3327 5382 laudis,
3384 5328 3418 5362 α
3452 5298 3723 5367 reamini
3761 5308 3999 5369 saneto
4057 5309 4203 5380 tuo,
4248 5324 4283 5367 ι

2737 5411 3041 5480 dicentes
3085 5408 3252 5478 illud
3282 5407 3490 5477 Eecli.
3534 5429 3622 5486 ιι,
3663 5409 3688 5474 l
3735 5415 3803 5477 et
3831 5409 3918 5477 2:
3983 5407 4287 5498 Confite-

2739 5515 2862 5585 bor
2896 5513 3049 5598 tibi,
3100 5515 3394 5584 Domine
3436 5515 3608 5591 Rex,
3659 5523 3723 5582 et
3758 5511 4183 5581 collaudabo
4218 5524 4284 5581 te

1065 5622 1337 5691 interim
1371 5620 1606 5689 divina
1644 5619 1948 5691 laudatio
1978 5645 2020 5691 a
2069 5621 2417 5714 Propheta
2451 5643 2625 5713 ope-
2734 5624 2959 5691 Deum
2995 5619 3414 5690 salvatorem
3456 5641 3723 5689 meum:
3746 5618 4121 5709 confitebor
4162 5640 4282 5687 no·

1068 5738 1278 5812 rante,
1322 5728 1510 5823 quod
1537 5726 1858 5798 laudetur
1876 5729 2062 5798 Deus
2096 5728 2183 5799 ab
2213 5729 2402 5800 omni
2426 5751 2622 5799 crea·
2733 5729 2911 5797 mini
2945 5738 3090 5797 tuo.
3128 5755 3165 5793 a
3195 5728 3281 5797 Et
3308 5726 3474 5797 illud
3496 5727 3676 5797 Psal.
3710 5750 3938 5807 miv,
3972 5730 4013 5795 2
4050 5748 4067 5797 τ
4104 5728 4281 5796 Con·
