5008 6329
1792 453 2508 526 COMMENTARIUS
2561 453 2653 520 ΙΝ
2701 448 3134 518 PSALMUM
3187 447 3419 514 CXL1.

1033 621 1138 688 los
1169 632 1465 712 apertOS‚
1503 636 1568 695 et
1604 628 1843 696 Jesum
1884 634 2129 694 statem
2159 628 2203 690 ¹.
2256 625 2333 690 ln
2366 623 2596 689 dexte-

1036 751 1105 794 ra
1139 731 1321 799 enim
1345 756 1505 801 vera
1528 734 1940 801 illuminatio
1966 740 2091 799 est.
2115 729 2275 810 Job,
2302 751 2591 805 xxxvm,

1043 836 1121 902 18
1152 846 1219 904 et
1264 841 1342 905 19
1380 862 1394 904 :
1429 840 1670 906 Indica
1716 839 1911 913 milii,
1955 839 2018 904 si
2064 838 2268 917 nosti,
2312 837 2594 902 omnia:

1039 943 1111 1008 in
1142 967 1282 1033 qua
1305 947 1418 1011 via
1442 946 1570 1011 lux
1588 944 1871 1010 habitet.
1900 943 1982 1010 Et
2003 945 2073 1009 in
2095 943 2362 1021 eodem,
2379 949 2445 1019 ὴ.
2467 943 2590 1008 24:

918 1084 929 1095 ·
1040 1055 1178 1118 Per
1206 1075 1419 1142 quam
1451 1054 1636 1118 viam
1673 1054 2033 1143 sparqilur
2062 1053 2212 1120 lux.
2256 1052 2342 1118 Et
2368 1058 2601 1142 posset

1040 1158 1438 1248 responderi
1467 1182 1480 1227 ε
1512 1159 1592 1227 In
1613 1159 1888 1228 dextera
1919 1159 2205 1240 habitat,
2233 1167 2299 1228 et
2328 1157 2599 1250 spargi-

1033 1275 1148 1332 tur
1186 1266 1306 1334 lux
1366 1291 1486 1358 per
1531 1268 1909 1337 dexteram.
1959 1266 2256 1348 Baruch,
2312 1290 2407 1346 111,
2487 1266 2591 1341 14,

1035 1384 1270 1443 monet
1293 1398 1417 1443 nos
1440 1376 1526 1444 ad
1548 1376 1734 1444 illam
1769 1377 2108 1444 remittere
2133 1383 2432 1443 mentem
2462 1397 2477 1441 :
2512 1375 2599 1442 Ut

1030 1487 1234 1559 scias,
1287 1483 1533 1572 inquit,
1578 1484 1698 1550 ubi
1757 1484 1849 1549 sit
1895 1482 2396 1572 lonqiturnitas
2444 1482 2601 1548 vitoe

1038 1599 1101 1656 el
1122 1592 1367 1670 victuS,
1405 1591 1525 1657 ubi
1545 1593 1637 1657 sit
1655 1590 1892 1658 lumen
1914 1590 2304 1669 oculorum,
2330 1599 2395 1656 et
2417 1611 2591 1679 pax.

1130 1722 1163 1762 α
1206 1699 1303 1763 Et
1348 1721 1486 1766 non
1540 1708 1688 1766 erat
1736 1699 1859 1797 qui
1914 1707 2340 1787 coquoscerel
2379 1719 2513 1775 me,
2560 1719 2594 1760 n

1039 1806 1135 1873 510
1164 1806 1741 1873 considerantem.
1777 1804 2024 1895 Supra,
2050 1806 2119 1872 in
2143 1803 2323 1872 Psal.
2363 1826 2596 1884 Lxxvt,

1046 1915 1132 1980 7:
1176 1916 1272 1981 Et
1325 1914 1700 1982 meditatus
1743 1937 1901 1982 sum
1951 1924 2144 1982 noete
2187 1935 2345 1980 cum
2399 1911 2602 1981 corde

1043 2044 1221 2098 meo,
1263 2032 1328 2090 et
1357 2022 1809 2102 exercitabar,
1852 2031 1980 2092 etc.
2029 2021 2145 2090 Sic
2181 2023 2391 2090 etiam
2432 2045 2601 2113 pos-

1046 2139 1151 2196 set
1181 2129 1315 2220 legi
1346 2138 1421 2198 ut
1465 2129 1868 2221 persuadeat
1923 2153 1964 2198 a
2011 2131 2285 2198 raritate
2324 2129 2601 2218 adjuto-

1047 2259 1223 2313 rum,
1271 2247 1338 2304 ct
1374 2239 1461 2306 sit
1498 2238 1787 2306 verbum
1827 2239 2068 2328 capitis
2118 2238 2473 2306 morientis
2529 2239 2600 2305 in

1043 2369 1267 2414 cruce.
1318 2344 1527 2424 Quasi
1583 2348 1894 2415 diceret:
1953 2371 1986 2411 α
2060 2345 2600 2417 Considerabam

1038 2453 1135 2520 ad
1188 2453 1572 2531 desieram,
1613 2481 1644 2519 ι
1700 2454 1785 2523 ad
1842 2456 2165 2532 litteram,
2225 2482 2256 2515 α
2301 2465 2365 2522 et
2403 2455 2600 2522 vide-

1038 2557 1224 2640 bam,
1271 2585 1303 2624 n
1367 2562 1420 2626 si
1491 2560 1661 2629 forte
1726 2561 2042 2628 adessent
2107 2559 2480 2649 adjutores,
2542 2562 2598 2627 si

1039 2666 1210 2733 forte
1254 2669 1565 2758 Apostoli
1602 2667 1769 2737 mihi
1794 2668 2257 2736 adhaerentes:
2296 2694 2332 2730 «
2360 2676 2426 2735 et
2459 2690 2600 2736 non

1038 2784 1187 2841 erat
1214 2776 1338 2866 qui
1361 2788 1783 2866 cognosceret
1813 2800 1941 2854 me,
1979 2801 2013 2842 x·
2047 2778 2253 2844 etiam
2293 2776 2437 2867 ipse
2472 2775 2601 2844 Pe-

1041 2893 1186 2948 trus
1253 2885 1536 2974 negavit
1602 2908 1758 2952 cum
1818 2887 2213 2974 juramento
2290 2882 2524 2951 dicens
2578 2903 2593 2948 :

1041 2993 1193 3058 Non
1225 2993 1387 3059 novi
1428 2993 1775 3060 hominem
1797 2993 1845 3059 ⁸.
1898 2991 2031 3061 Isa.
2082 3016 2270 3073 ωιιιι,
2312 2995 2402 3061 5:
2449 2993 2599 3061 Cir-

1036 3098 1419 3188 cumspexi,
1471 3107 1536 3164 el
1581 3120 1718 3166 non
1757 3108 1906 3166 erat
1935 3097 2348 3167 auxiliator.
2385 3097 2594 3166 Eccli.

1043 3227 1128 3286 m,
1181 3207 1298 3273 ¹0:
1351 3206 1741 3297 Respiciens
1781 3228 1971 3274 eram
2019 3206 2120 3274 ad
2153 3206 2600 3296 adjutorium

1038 3312 1424 3389 hominum,
1484 3323 1549 3380 et
1596 3337 1731 3381 non
1790 3324 1962 3382 erat.
2037 3311 2110 3381 Si
2180 3313 2595 3402 objiciatur:

1044 3417 1192 3485 lmo
1246 3418 1528 3487 stabant
1572 3419 1798 3508 juxta
1853 3442 2121 3488 erucem
2166 3422 2332 3487 lesu
2380 3429 2603 3488 mater

1035 3526 1219 3615 ejus.
1265 3535 1440 3595 etc⁸.
1489 3527 1940 3619 llespondeo:
2008 3526 2169 3596 Non
2237 3526 2603 3596 adstabant

1031 3634 1119 3701 ad
1155 3632 1667 3702 defendendum
1700 3657 1715 3703 :
1773 3635 1952 3704 etde
1994 3634 2253 3702 talibus
2292 3633 2602 3726 loquitur

1040 3741 1175 3809 hic.

1130 3969 1163 4009 α
1209 3945 1431 4011 Periit
1466 3947 1673 4035 fuya.
1724 3970 1757 4011 ι
1816 3945 1940 4013 llic
1973 3944 2334 4036 persuadet
2367 3967 2408 4012 a
2453 3944 2605 4011 sin-

1038 4051 1261 4140 gulari
1322 4053 1736 4121 constantia.
1809 4053 2045 4121 Primo
2133 4076 2298 4144 ergo
2384 4052 2607 4143 tangit

1039 4161 1523 4228 constantiam.
1561 4158 1906 4237 Secundo,
1931 4161 2331 4228 constantim
2360 4161 2609 4251 singu-

1042 4268 1411 4347 laritatem,
1458 4267 1575 4348 ibi,
1613 4297 1646 4331 κ
1690 4271 1785 4337 Et
1822 4292 1960 4337 uon
1989 4278 2110 4336 est.
2153 4295 2184 4333 ι

1132 4373 1309 4441 Dicit
1369 4397 1579 4465 ergo:
1625 4373 1740 4443 Sic
1791 4384 2047 4443 aeterna
2098 4373 2499 4451 meditabar,
2538 4381 2608 4443 et

1041 4483 1251 4550 etiam
1322 4509 1356 4548 0
1396 4483 1608 4574 periit
1659 4485 1841 4575 fuya
1891 4510 1934 4551 a
1991 4506 2122 4566 me,
2157 4510 2193 4547 n
2254 4506 2395 4551 non
2444 4482 2607 4575 quia

1038 4590 1430 4667 conclusuS,
1465 4590 1584 4658 sed
1630 4592 1793 4682 quia
1832 4600 2179 4670 constans,
2213 4599 2280 4660 et
2310 4590 2601 4671 stabilis,

1038 4706 1103 4765 et
1152 4696 1372 4765 fortis.
1425 4699 1663 4776 Amos,
1708 4721 1779 4772 ιι.
1842 4700 1960 4767 ll:
2012 4697 2279 4768 Peribit
2326 4701 2513 4791 fuya
2560 4720 2604 4764 a

1037 4804 1302 4871 veloce:
1354 4805 1515 4894 quia
1573 4805 1626 4869 51
1685 4804 1908 4872 1)οιιιι5
1954 4814 2189 4896 pastor
2226 4814 2351 4881 est,
2400 4804 2605 4874 debet

1037 4921 1243 4986 stare.
1305 4934 1445 4979 non
1514 4911 1770 5002 fugere.
1839 4912 2043 4980 Joan.
2106 4936 2174 4991 x,
2230 4915 2300 4980 11
2361 4921 2426 4980 01
2478 4913 2597 4981 12:

1042 5022 1279 5089 Bonus
1298 5033 1545 5115 pastor
1573 5024 1884 5089 animam
1911 5045 2115 5090 suam
2146 5022 2272 5090 dat
2295 5045 2426 5113 pro
2457 5022 2610 5090 ovi-

1042 5128 1165 5196 bus
1255 5130 1430 5196 suis.
1501 5130 1967 5198 illei-cenarius
2023 5139 2282 5209 autem,
2354 5139 2420 5197 et
2485 5129 2612 5220 qui

1040 5258 1174 5302 non
1215 5245 1314 5303 est
1334 5245 1600 5326 pastor,
1626 5236 1808 5304 videt
1839 5236 2087 5327 lupum
2113 5236 2515 5318 venientem,
2542 5243 2608 5302 et

1040 5342 1336 5411 dimittit
1402 5365 1579 5421 ουο3,
1619 5353 1685 5410 et
1710 5344 1929 5433 luqit.
1959 5342 2216 5411 Jerem.
2266 5365 2433 5423 xxV,
2468 5342 2601 5412 35:

1119 5602 1137 5639 ¹
1169 5602 1257 5660 Cl'.
1290 5606 1422 5661 Act.
1454 5621 1557 5671 vu.
1587 5606 1683 5661 ⁸5.

1120 5692 1144 5728 ²
1175 5693 1380 5751 naith.
1402 5709 1555 5761 xxvi,
1584 5697 1674 5752 72.

1120 5785 1141 5821 ³
1168 5785 1330 5843 Jsau.
1364 5801 1484 5854 xix,
1508 5786 1601 5839 25.

4130 439 4257 504 477

2708 618 2972 686 Peribit
3037 621 3215 708 fuya
3269 640 3311 683 a
3335 615 3755 707 pastoribus.
3819 613 3901 680 Et
3941 614 3994 678 si
4037 631 4258 699 oppo-

2710 735 2908 792 natur
2966 725 3134 792 illud
3201 723 3436 792 Matth.
3484 747 3555 805 x,
3626 723 3753 789 23:
3822 722 3992 788 Cum
4023 740 4258 809 perse-

2709 843 3004 922 quentur
3049 855 3162 898 vos
3215 834 3286 898 in
3350 832 3627 898 civitate
3677 831 3834 908 ista,
3903 827 4131 916 suqite
4186 825 4258 890 in

2710 938 2954 1006 aliam.
3027 937 3086 1003 11
3133 937 3216 1004 ad
3272 937 3429 1004 Cor.
3494 959 3588 1012 ιιι,
3660 936 3770 1010 33,
3827 934 4076 1000 Paulus
4137 952 4261 1020 per

2712 1066 2981 1108 murum
3018 1044 3086 1109 in
3113 1053 3342 1133 sporta
3373 1042 3697 1109 dimissus
3738 1042 3902 1107 est¹.
3959 1038 4262 1126 Respon-

2710 1151 2810 1215 sio
2844 1151 3040 1215 estin
3083 1148 3348 1229 Glossa,
3386 1148 3573 1239 quod
3604 1148 3906 1238 loquitur
3936 1146 4017 1213 de
4060 1166 4259 1211 men-

2711 1257 2826 1323 tali
2886 1257 3071 1347 fuga‚
3111 1279 3265 1347 quae
3323 1278 3698 1346 numquam
3755 1255 3953 1322 debet
3996 1252 4255 1328 adesse,

2712 1387 2849 1430 non
2887 1365 2970 1432 de
3001 1364 3361 1454 corporali,
3396 1386 3550 1454 quae
3590 1363 3916 1452 competit
3952 1383 4075 1451 pro
4106 1359 4257 1427 loco

2711 1480 2777 1539 et
2803 1479 3133 1561 tempore.

2803 1609 2834 1647 a
2883 1585 2972 1649 Εἰ
3009 1607 3146 1650 non
3175 1593 3271 1650 est
3309 1585 3431 1674 qui
3468 1583 3804 1673 requirat,
3856 1609 3888 1642 »
3933 1579 4017 1646 ad
4076 1578 4262 1644 invi-

2712 1690 3019 1769 tandum,
3071 1717 3104 1753 α
3140 1692 3448 1758 animam
3500 1712 3749 1765 meam,
3798 1715 3829 1749 »
3906 1687 4030 1755 etsi
4087 1685 4260 1752 bene

2711 1797 2795 1862 sit
2834 1798 2948 1886 qui
2991 1807 3248 1886 quaerat
3296 1797 3381 1864 ad
3421 1796 3868 1887 perdendum.
3912 1794 4040 1861 Isa.
4095 1815 4256 1870 nvn,

2717 1908 2743 1972 1
2780 1928 2793 1971 :
2825 1908 3067 1974 ,Iustus
3116 1907 3321 1996 perit,
3358 1905 3618 1972 scilicet
3667 1906 3735 1971 in
3784 1926 3908 1970 sua
3947 1912 4264 1970 constan-

2708 2011 2827 2089 tia,
2860 2023 2923 2078 et
2962 2035 3098 2078 non
3127 2022 3223 2079 est
3251 2013 3374 2102 qui
3411 2012 3731 2101 recoqitet
3760 2011 3832 2077 in
3868 2009 4067 2077 corde
4101 2031 4256 2089 suo,

2709 2119 2850 2186 imo
2882 2122 3099 2208 magis
3129 2119 3511 2210 expellitur.
3559 2118 3908 2186 Constanti
3939 2126 4006 2184 et
4036 2117 4262 2184 firma-

2711 2233 2777 2293 ta
2808 2226 2937 2293 lide
2977 2227 3260 2294 tendens
3303 2226 3387 2294 ad
3429 2227 3743 2317 patriam.
3791 2225 3948 2291 Luc.
3995 2247 4087 2302 tx,
4131 2223 4252 2292 53:

2713 2328 3124 2399 Samaritani
3164 2355 3300 2399 non
3347 2342 3737 2424 receperunt
3776 2353 3955 2407 eum,
3999 2329 4259 2398 scilicet

2713 2439 3109 2517 Dominum,
3152 2442 3321 2531 quia
3364 2441 3583 2530 facies
3640 2438 3794 2528 ejus
3840 2446 3987 2505 erat
4035 2438 4260 2505 euntis

2710 2549 2780 2615 in
2805 2548 3220 2616 Jerusalem.

2799 2900 2832 2938 0
2868 2872 3188 2941 Clamavi
3252 2869 3350 2936 ad
3410 2879 3495 2935 te.
3533 2896 3564 2928 a
3616 2867 3740 2934 nic
3796 2876 3895 2934 est
3959 2865 4253 2934 secunda

2707 3004 2861 3072 pars
2900 2981 3110 3046 totius
3143 2977 3422 3046 Psalmi.
3460 2977 3528 3043 in
3582 2998 3715 3065 qua
3756 2976 3921 3064 petit
3977 2973 4249 3041 liberari
4329 2977 4552 3023 secund·

2706 3089 2974 3180 ponitus
3029 3109 3067 3153 a
3107 3085 3425 3176 praesenti
3479 3082 3776 3150 miseria.
3831 3081 4059 3149 Primo
4087 3103 4250 3173 ergo

2708 3197 2984 3286 ponitur
3047 3194 3395 3284 persuasio
3460 3202 3533 3259 ut
3581 3190 3883 3280 judicem
3952 3198 4248 3256 moveat.

2711 3300 3052 3380 Secundo,
3090 3299 3351 3390 petitio,
3392 3299 3510 3378 ibi,
3551 3306 3619 3375 ὴ.
3654 3299 3738 3365 7:
3777 3322 3810 3362 α
3839 3296 4136 3365 ‘intende
4163 3296 4262 3363 ad

2709 3410 3272 3500 deprecationem.
3323 3436 3354 3469 »ι

2798 3515 3168 3583 Persuadet
3214 3525 3442 3583 autem
3483 3537 3523 3581 a
3585 3512 3977 3596 devotione,
4013 3522 4078 3581 et
4124 3510 4258 3581 hoc

2710 3626 2954 3716 primo.
3046 3622 3387 3699 Secundo,
3469 3644 3508 3688 a
3592 3620 4027 3702 confidentia,
4133 3620 4254 3699 ibi,

2714 3759 2749 3796 α
2784 3731 2955 3799 Dixi
2975 3752 2998 3797 .·
3027 3731 3122 3798 Tu
3147 3753 3214 3797 es
3246 3752 3399 3821 spes
3427 3750 3606 3796 mea.
3631 3754 3661 3789 ι
3694 3726 3949 3807 Tertio,
3981 3750 4021 3795 a
4049 3727 4259 3795 devo·

2712 3838 2898 3905 tione
2982 3835 3388 3927 longamini‚
3458 3843 3526 3902 et
3584 3834 4069 3924 perseveranti,
4139 3833 4259 3913 ibi,

2717 3970 2750 4010 α
2793 3946 3032 4014 Portio
3062 3967 3237 4011 mea.
3278 3969 3310 4008 n

2802 4052 2980 4120 Dicit
3016 4075 3181 4143 ergo
3218 4075 3234 4119 ε
3271 4049 3386 4120 Sic
3423 4061 3492 4119 et
3532 4054 3722 4143 petii,
3764 4061 3831 4119 et
3859 4050 4078 4119 adhuc
4108 4058 4265 4141 peto

2714 4159 2981 4227 liberari
3022 4181 3063 4226 a
3090 4158 3313 4249 culpa.
3348 4166 3413 4225 et
3444 4158 3750 4249 alaqueo
3788 4158 4180 4238 adversarii,
4202 4166 4272 4228 et

2713 4267 2921 4335 etiam
2980 4294 3013 4328 α
3056 4266 3375 4343 Domine,
3424 4266 3731 4333 clamavi
3787 4264 3885 4332 ad
3918 4277 4005 4349 te,
4043 4294 4077 4329 η
4111 4287 4267 4334 0000

2712 4375 2935 4443 cordis
2972 4374 3246 4443 devotio
3287 4375 3354 4442 in
3395 4373 3721 4444 clamore.
3745 4374 3996 4445 Thren.
4032 4398 4104 4456 ιι,
4144 4376 4265 4444 18:

2715 4485 3066 4555 Clamavit
3102 4508 3216 4552 cor
3243 4506 3482 4552 eorum
3515 4484 3614 4551 ad
3646 4485 4022 4552 Dominum
4063 4506 4272 4575 super

2713 4614 2946 4660 muros
2973 4591 3149 4680 filia.»
3173 4590 3593 4658 Jerusalem.

2806 4729 2841 4763 α
2880 4701 3048 4768 Dia-i
3073 4724 3095 4768 .·
3134 4701 3228 4768 Tu
3257 4722 3347 4767 03.
3379 4723 3412 4764 ι
3453 4698 3622 4767 Ecce
3651 4699 4049 4767 secundum.
4085 4698 4268 4780 Qua-

2712 4808 2766 4875 si
2808 4807 3058 4875 diceret
3103 4830 3118 4873 z
3177 4807 3293 4875 Sic
3325 4806 3620 4875 clamavi
3652 4805 3736 4874 ad
3781 4815 3889 4876 te:
3940 4835 3971 4867 «
4018 4808 4260 4883 Dixi.»

2715 4916 2783 4981 in
2818 4913 3020 4983 corde
3090 4936 3287 4981 meo:
3354 4939 3388 4978 ι
3430 4916 3526 4981 Tu
3563 4935 3631 4980 es
3679 4935 3830 5004 spes
3858 4935 4031 4979 mea.
4071 4938 4103 4977 n
4144 4913 4268 4982 Je-

2714 5043 2880 5087 rem.
2917 5042 3086 5096 xvu,
3129 5022 3200 5086 Π
3233 5042 3249 5087 :
3286 5022 3458 5110 Spes
3496 5041 3648 5086 mea
3678 5026 3754 5086 tu
3802 5020 3872 5085 in
3913 5018 4026 5087 die
4070 5019 4269 5109 affli-

2711 5128 2978 5195 ationis.
3041 5125 3311 5208 Esther,
3346 5148 3486 5205 xiv,
3544 5128 3623 5193 19
3660 5148 3676 5192 :
3719 5124 4011 5193 Exaudi
4043 5145 4267 5193 vocem

2710 5259 2944 5305 eorum
2984 5239 3109 5328 qui
3162 5236 3440 5305 nullam
3490 5236 3713 5304 aliam
3765 5257 3955 5327 spem
4011 5234 4265 5304 liabent

2711 5344 2849 5411 nisi
2877 5345 2948 5411 in
2979 5354 3067 5410 te.

2779 5607 2802 5639 ⁸
2829 5604 2880 5661 11
2911 5604 2987 5662 ad
3011 5605 3283 5663 Corinth.
3329 5622 3411 5673 xi,
3468 5607 3540 5662 32
3569 5612 3630 5662 et
3669 5606 3739 5662 ³3
3767 5622 3784 5663 ε
3815 5606 4138 5664 namet..
4163 5620 4273 5678 per

2707 5697 3009 5764 fenestram
3035 5697 3097 5752 tn
3124 5703 3317 5769 sporta
3343 5696 3602 5752 dimissus
3628 5711 3752 5753 mm
3785 5712 3892 5768 per
3936 5710 4183 5759 marum.
4211 5701 4269 5752 ee

2707 5782 2790 5841 sic
2817 5785 3042 5857 etrum.n

4283 3041 4399 3089 para
4409 3030 4602 3077 Psalmi.
