5008 6329
715 267 839 333 240

718 443 902 510 lutus
922 466 1048 535 per
1076 462 1250 509 eam.
1285 439 1361 505 In
1390 437 1504 503 via
1542 458 1703 526 ergo
1743 437 1925 518 vitae,
1974 436 2156 514 tidei,
2193 442 2261 501 et

716 549 957 618 Christi
1019 549 1384 616 existentes
1423 544 1867 627 immaculati,
1926 572 1958 606 «
2004 542 2187 609 beati
2219 568 2253 603 n

714 666 889 725 sunt.
919 655 1120 723 Eccli.
1157 678 1343 733 xxxi,
1378 655 1417 722 8
1453 679 1466 723 :
1540 656 1795 720 Beatus
1861 652 2071 730 diveS,
2135 649 2259 739 qui

717 769 1020 832 int-entus
1047 765 1305 831 estsine
1324 764 1624 845 macula,
1649 759 2069 835 beatitudine
2092 759 2251 825 viae.

716 872 843 938 Per
894 870 1207 960 pulchras
1264 873 1445 939 enim
1484 873 1631 935 vias
1670 866 2008 947 incedere,
2063 888 2258 955 quae-

713 980 864 1046 dam
894 979 1238 1048 beatitudo
1280 986 1401 1048 est.
1460 977 1566 1053 Et,
1598 973 1923 1042 Proverb.
1969 996 2066 1056 111,
2143 974 2251 1055 17,

711 1088 993 1155 dicitur:
1039 1089 1173 1156 Viae
1200 1086 1376 1175 ejus,
1422 1083 1547 1150 Dei
1586 1082 1866 1165 scilicet,
1911 1083 2036 1148 viae
2080 1080 2257 1170 pul-

709 1197 900 1263 clzrae.
941 1224 973 1258 «
1011 1195 1147 1278 Qui
1175 1190 1562 1270 ambulant,
1609 1215 1642 1255 ι)
1676 1189 1743 1258 id
1774 1198 1899 1266 est,
1937 1188 2099 1279 quia
2136 1187 2254 1254 illa

709 1301 1082 1379 ambulant,
1157 1325 1188 1365 α
1234 1301 1305 1366 in
1364 1299 1508 1390 leqe
1561 1299 1872 1377 Domini,
1919 1323 1952 1362 n
2030 1297 2252 1386 ipsam

709 1408 1168 1478 custodiendo.
1205 1408 1419 1476 Exod.
1447 1431 1585 1485 xv1‚
1623 1408 1705 1472 4:
1754 1408 2024 1473 Tentem
2064 1427 2248 1483 eum,

706 1515 956 1583 scilicet
986 1514 1342 1606 populum,
1378 1525 1612 1581 utrum
1650 1510 1960 1577 ambulet
1998 1511 2072 1576 in
2105 1511 2254 1599 leqe

706 1643 878 1701 mea,
911 1644 1001 1688 an
1037 1644 1195 1688 non.
1240 1619 1396 1687 Non
1425 1620 1608 1687 enim
1636 1616 2016 1684 sistendum
2047 1616 2252 1683 invia

702 1728 852 1812 Dei,
896 1751 1018 1796 ncc
1065 1730 1136 1795 in
1178 1728 1354 1817 lege,
1396 1726 1513 1794 sed
1571 1747 1840 1814 semper
1885 1722 2254 1790 ambulan-

701 1835 885 1906 dum.
922 1835 1360 1926 Sapient.v11‚
1388 1837 1470 1901 22
1497 1835 1836 1924 :Spiritus
1858 1831 2250 1923 intelliqen-

698 1946 832 2022 tiae,
857 1945 974 2035 qui
1004 1952 1238 2012 monet
1266 1944 1335 2010 in
1363 1941 1492 2010 hac
1513 1942 1623 2010 via
1651 1940 2082 2022 existentem,
2107 1964 2249 2007 mo·

700 2050 858 2120 bilis
910 2061 1028 2118 est.
1086 2051 1286 2119 Joan.
1333 2073 1454 2130 xu,
1489 2052 1572 2119 35
1611 2071 1628 2119 t
1663 2048 2039 2118 Ambulate
2077 2048 2247 2116 dum

700 2158 912 2226 lucem
942 2159 1230 2240 habetis,
1271 2154 1531 2227 divinae'
1556 2157 1748 2249 legis.
1793 2156 2125 2225 Proverb.
2173 2179 2243 2234 v,

696 2269 831 2335 23:
881 2265 1294 2336 Mandatum
1345 2266 1624 2334 lucerna
1672 2276 1794 2352 est,
1847 2273 1911 2332 et
1944 2264 2057 2332 lex
2090 2264 2241 2332 lux.

794 2618 825 2656 α
862 2591 1060 2659 Beati
1086 2590 1208 2681 qui
1241 2597 1660 2657 scrutantur.
1708 2616 1739 2648 »ι
1779 2586 1904 2654 llic
1944 2587 2248 2676 tangitur

701 2721 901 2765 causa
920 2695 1215 2765 secunda
1243 2695 1699 2763 beatitudinis.

785 2804 992 2883 Quasi
1030 2803 1319 2871 diceret:
1369 2801 1482 2871 Sic
1520 2801 1696 2870 beati
1740 2802 1853 2892 qui
1888 2800 2246 2868 ambulant

699 2915 764 2980 in
805 2913 975 3004 lege,
1019 2923 1086 2982 ct
1113 2914 1318 2981 etiam
1385 2938 1419 2978 ι
1467 2910 1648 2979 beati
1684 2912 1829 3003 qui,
1877 2934 1910 2975 ι
1974 2909 2045 2977 id
2111 2919 2237 2990 cst,

694 3022 850 3111 quia
891 3019 984 3087 illi
1054 3028 1527 3100 «scrutantur,
1567 3042 1598 3082 ι
1661 3017 2024 3108 diligenter
2078 3040 2242 3107 per-

694 3127 1046 3219 quirendo,
1085 3154 1119 3192 α
1144 3127 1530 3195 testimonia
1561 3124 1739 3215 ejus,
1780 3153 1811 3187 »
1850 3122 2239 3216 Scripturas

692 3236 939 3302 scilicet
967 3257 1214 3312 sacras,
1252 3256 1401 3325 quae
1436 3234 1493 3301 ei
1528 3232 1996 3300 testificantur.
2029 3231 2232 3300 Joan.

691 3365 757 3419 v,
810 3344 935 3411 39:
967 3342 1395 3411 Scrutamini
1422 3342 1940 3431 Scripturas:...
1985 3351 2050 3407 et
2091 3340 2237 3408 illa:

686 3461 869 3531 smel,
901 3473 1054 3541 qum
1091 3450 1550 3516 testimonium
1589 3447 1949 3540 perhibent
1987 3447 2072 3515 de
2101 3473 2229 3518 me.

692 3558 768 3624 lit
808 3581 926 3648 per
961 3555 1092 3627 hoc
1137 3557 1311 3624 beati
1370 3565 1528 3626 sunt
1591 3579 1748 3624 vere
1778 3557 1924 3645 jam
1968 3558 2037 3624 in
2089 3557 2229 3640 via,

686 3666 866 3756 quia,
912 3663 1237 3733 proverb.
1301 3687 1397 3744 ιιι,
1467 3664 1570 3744 ¹3,
1631 3663 1924 3731 dicitur:
1971 3665 2233 3732 Beatus

684 3773 879 3839 Ιιοηιο
944 3773 1070 3864 qui
1124 3772 1379 3839 int-enit
1402 3770 1841 3861 sapientiam,
1887 3791 2021 3860 qua
2061 3793 2233 3863 cog-

684 3886 1054 3945 noscuntur
1107 3885 1379 3945 aeterna.
1444 3874 1525 3943 Et
1572 3872 1717 3943 haec
1758 3874 2104 3942 invenitur
2160 3877 2229 3943 in

683 4011 868 4057 sacra
910 3988 1282 4079 Scriptura.
1340 3985 1540 4056 Joan.
1591 4008 1759 4068 xvir,
1796 3986 2082 4054 3:11aec
2131 3997 2230 4055 est

682 4096 826 4162 rita
863 4105 1139 4175 eterna,
1175 4105 1254 4162 ut
1277 4101 1684 4183 coqnoscant
1713 4100 1819 4162 te:
1871 4115 2024 4183 quae
2078 4092 2226 4182 jam

682 4202 950 4272 inchoat
981 4201 1090 4272 hic
1121 4203 1189 4270 in
1226 4203 1364 4281 via,
1389 4203 1459 4270 in
1487 4201 1706 4293 patria
1732 4222 2230 4270 consumman-

680 4308 786 4376 da.
822 4307 1114 4390 Barucln,
1149 4331 1246 4387 ιιι,
1290 4308 1372 4377 t:
1407 4307 1609 4376 Beati
1658 4329 1924 4388 sumus,
1976 4307 2225 4390 Israel,

678 4418 1005 4508 quoniam
1069 4439 1223 4509 quae
1286 4417 1429 4484 Deo
1482 4413 1788 4506 placent,
1848 4415 2226 4506 manifesta

675 4538 837 4596 sunt
854 4527 1068 4597 nobis.
1099 4527 1179 4595 Et
1208 4525 1354 4595 haec
1382 4523 1835 4593 manifestatio
1856 4545 1978 4614 per
1999 4524 2228 4615 Scrip-

683 4650 866 4709 turas
885 4643 1214 4705 scrutatae
1237 4633 1600 4701 invenitur.
1636 4632 1808 4699 Cum
1839 4639 2228 4699 scrutamur

679 4746 1061 4837 Scripturas
1096 4763 1347 4821 sacras»,
1416 4747 1574 4807 tunc
1629 4737 1828 4806 nobis
1892 4737 2223 4829 loquitur,

677 4863 741 4922 et
788 4850 1189 4944 sapientiam
1254 4869 1447 4915 suam
1539 4868 1667 4914 nos
1730 4845 1885 4913 facit
1961 4843 2223 4914 audire.

681 4959 769 5028 111
795 4959 962 5050 Reg.
987 4980 1057 5038 x,
1091 4958 1174 5026 8:
1206 4955 1407 5024 Beati
1432 4955 1566 5022 viri
1592 4954 1721 5034 tui,
1754 4961 1818 5020 et
1840 4953 2023 5021 beati
2047 4952 2228 5019 servi

679 5069 807 5148 tui,
866 5066 989 5160 qui
1038 5073 1225 5133 stant
1262 5084 1490 5131 coram
1549 5070 1613 5129 te
1664 5083 1953 5152 semper,
1995 5069 2061 5126 et
2090 5084 2226 5128 au-

678 5174 879 5242 diunt
901 5173 1315 5264 sapientiam
1349 5178 1567 5237 tuam.
1611 5167 1697 5236 Et
1735 5167 1905 5236 bene
1957 5168 2228 5260 praemi-

677 5283 787 5359 sit,
829 5281 1005 5350 sicut
1044 5278 1192 5348 vult
1231 5277 1496 5357 Glossa,
1530 5275 1710 5367 quod
1752 5272 2219 5354 immaculati,

678 5397 744 5458 et
797 5389 868 5456 in
919 5387 1067 5478 que
1101 5384 1564 5468 ambulantes,
1624 5383 1785 5475 quia
1836 5380 2034 5452 aliter
2079 5404 2223 5451 non

681 5507 778 5568 est
835 5497 986 5589 quis
1049 5495 1297 5588 dignus
1359 5495 1645 5565 scrutari
1703 5492 2091 5585 Scripturas
2157 5502 2224 5562 et

677 5607 1095 5701 perquirere,
1127 5606 1254 5674 nisi
1286 5606 1375 5674 sit
1402 5603 1704 5697 probatae
1732 5604 1917 5672 vitae.

1657 341 1663 347 ¹
1707 260 1792 326 D.
1844 257 2047 326 ALB.
2098 256 2319 325 MAG.
2375 258 2580 327 ona.
2636 260 2931 327 pnAEn.

2462 460 2495 494 «
2530 435 2609 499 In
2652 444 2789 500 toto
2856 436 3075 502 corde.
3123 461 3156 502 »
3229 437 3358 505 Hic
3424 441 3621 507 tertia
3687 463 3908 507 causa.

2366 538 2577 617 Quasi
2608 541 2859 610 diceret
2903 567 2917 610 ε
2965 543 3077 612 Sic
3108 553 3266 612 sunt
3298 544 3476 613 beati
3510 548 3913 616 immacula-

2365 647 2440 725 ti,
2511 650 2671 737 quia
2735 648 2957 741 legem
3041 652 3453 730 custodiunt,
3531 653 3913 744 Scripturas

2364 763 2775 834 scrutantur,
2836 765 2902 824 et
2956 760 3159 827 etiam
3201 762 3361 851 quia
3417 760 3512 828 illi
3578 787 3609 827 α
3671 765 3915 852 exqui-

2365 870 2527 927 runt
2551 884 2730 942 eum,
2769 888 2801 928 r>
2834 864 3057 933 Deum
3097 867 3374 948 scilicet,
3414 895 3447 935 a
3483 871 3555 936 in
3596 879 3732 937 toto
3762 893 3907 937 cor·-

2363 970 2470 1049 de,
2510 997 2542 1035 n
2575 995 2713 1040 non
2742 975 2811 1039 in
2845 976 3068 1044 cordis
3107 987 3320 1067 parte,
3364 1002 3449 1048 ne
3515 979 3777 1048 dicatur
3815 983 3910 1047 cis

2364 1077 2532 1145 illud
2563 1078 2759 1159 Osee,
2796 1105 2865 1161 x,
2899 1084 2939 1149 2
2968 1105 2983 1151 ε
3029 1085 3350 1152 Divis-um
3380 1099 3478 1155 est
3507 1111 3622 1155 cor
3649 1112 3906 1166 eonem,

2360 1205 2544 1250 nunc
2572 1184 2970 1254 interibunt.
3014 1187 3219 1256 Eccli.
3256 1212 3302 1273 1,
3340 1190 3466 1257 36:
3501 1193 3605 1259 Ne
3632 1216 3911 1259 accesse-

2364 1289 2460 1354 ris
2484 1289 2583 1354 ad
2616 1289 2826 1358 illum
2856 1292 3124 1383 duplici
3179 1295 3403 1374 corde,
3465 1296 3587 1365 sed
3642 1306 3785 1365 toto
3844 1306 3911 1365 ct

2362 1398 2627 1488 integro
2656 1422 2671 1466 ε
2709 1400 2805 1467 sic
2840 1402 3096 1490 poteris
3125 1403 3458 1474 invenire.
3489 1405 3764 1473 Deuter.
3813 1430 3902 1483 ιν,

2361 1505 2445 1572 29
2485 1527 2500 1571 :
2546 1505 2851 1574 Invenies
2877 1511 3130 1594 Deum,
3159 1512 3223 1577 si
3266 1520 3494 1578 tamen
3545 1523 3684 1580 tolo
3713 1513 3909 1580 corde

2360 1614 2705 1702 quaesieris
2770 1639 2948 1684 eum.
3016 1619 3265 1688 Jerem.
3305 1642 3493 1699 xxix,
3536 1622 3614 1688 13
3650 1644 3665 1687 :
3706 1624 3909 1707 Qua?-

2361 1720 2522 1786 retis
2563 1744 2691 1799 me,
2736 1733 2800 1789 et
2856 1724 3230 1804 invenietis,
3283 1748 3439 1794 cum
3506 1729 3906 1819 quoesierilis

2359 1851 2466 1895 me
2497 1830 2566 1895 in
2598 1838 2736 1897 tato
2765 1832 2966 1899 corde
3003 1843 3241 1900 vestro,

2449 2181 2484 2217 α
2534 2155 2686 2222 Non
2753 2159 2932 2224 enim
2989 2159 3112 2248 qui
3156 2170 3530 2249 operantur
3568 2161 3900 2252 iniquila-

2356 2272 2515 2332 tem.
2553 2290 2587 2326 ι)
2647 2264 2776 2333 llic
2811 2267 3210 2354 secundum,
3251 2270 3324 2336 in
3364 2292 3501 2361 quo
3558 2293 3903 2338 commen-

2357 2369 2514 2436 dato
2546 2378 2725 2439 statu
2764 2372 3103 2442 bonorum
3144 2379 3557 2445 cessantium
3600 2400 3637 2445 a
3667 2400 3907 2468 pecca-

2356 2487 2427 2546 to
2469 2480 2717 2548 intuitu
2775 2484 3065 2571 praemii,
3127 2487 3435 2575 sequitur
3499 2488 3904 2579 vituperatio

2356 2592 2573 2652 status
2602 2591 3147 2676 permanentium
3181 2592 3247 2657 in
3288 2599 3591 2682 peccato,

2449 2693 2562 2761 Ait
2627 2694 2809 2761 enim
2846 2719 2861 2762 z
2903 2696 3122 2774 Tales,
3164 2698 3420 2767 scilicet
3458 2700 3900 2782 immaculati,

2355 2800 2533 2869 beati
2582 2825 2597 2872 :
2651 2831 2680 2863 n
2719 2806 2925 2884 enim,
2961 2833 2995 2867 ι»
3066 2806 3208 2885 sed,
3256 2833 3289 2874 a
3351 2810 3477 2899 qui
3531 2821 3903 2901 operantur

2356 2909 2816 3001 iniquitatem,
2855 2940 2885 2974 »
2960 2937 3099 2980 non
3155 2914 3382 2982 solum
3425 2919 3748 2997 exterius,
3781 2918 3896 2986 sed

2353 3018 2557 3084 etiam
2590 3018 2914 3086 interius:
2978 3030 3043 3087 et
3108 3020 3404 3111 appellat
3464 3025 3900 3116 iniquitatem

2350 3145 2555 3193 omne
2592 3134 2971 3214 peccatum.
3034 3126 3056 3193 1
3115 3128 3316 3197 Joan.
3391 3152 3487 3208 ιιι,
3532 3131 3616 3200 4:
3664 3134 3901 3200 (hmu's

2349 3232 2473 3321 qui
2497 3233 2675 3323 facit
2706 3244 3087 3324 peccatum,
3127 3245 3191 3303 et
3222 3237 3659 3327 iniquitatem
3686 3242 3899 3329 sac-il:

2347 3347 2412 3404 et
2433 3349 2788 3428 peccatum
2819 3351 2916 3408 est
2959 3343 3315 3433 iniquitas.
3376 3370 3407 3408 a
3451 3345 3607 3413 Non
3655 3346 3899 3415 ambu-

2351 3447 2668 3516 laverunt
2736 3451 2805 3516 in
2862 3452 2992 3517 viis
3047 3451 3225 3540 ejus,
3265 3479 3297 3516 ι
3350 3454 3476 3522 Dei
3516 3454 3794 3531 scilicet,
3832 3457 3897 3524 id

2344 3564 2468 3634 est,
2504 3580 2544 3624 a
2581 3556 2726 3625 Deo
2758 3559 3025 3625 statutis
3059 3581 3073 3627 :
3120 3561 3372 3651 quippo
3402 3560 3556 3630 talis
3595 3571 3896 3632 tortuose

2344 3664 2619 3744 incedit,
2652 3674 2719 3733 et
2755 3666 2885 3732 viae
2917 3666 3263 3754 justorum
3302 3679 3462 3737 sunt
3503 3678 3724 3740 rectoe.
3762 3671 3890 3740 isa.

2342 3794 2533 3852 xxvi,
2568 3773 2660 3840 7:
2722 3774 2988 3841 Semila
3022 3774 3216 3864 justi
3262 3787 3444 3845 recta
3510 3788 3633 3856 est,
3677 3791 3897 3847 rectus

2341 3878 2544 3947 callis
2567 3878 2759 3970 justi
2786 3877 2885 3945 acl
2934 3879 3471 3953 ambulandum.
3511 3885 3693 3954 Talis
3745 3911 3897 3955 am·-

2340 3986 2533 4057 bulat
2558 3989 2630 4056 in
2661 3987 2981 4057 tenebris·
3020 3987 3468 4074 Proverb.1v‚
3503 3996 3582 4063 18
3616 4015 3633 4065 τ
3662 3998 3895 4065 lusta-

2341 4119 2497 4164 rum
2542 4098 2789 4165 semita
2822 4098 3030 4189 quasi
3069 4097 3198 4167 lua·
3240 4100 3608 4193 splendens
3662 4128 3894 4197 proce-

2341 4200 2472 4284 du,
2503 4213 2568 4268 et
2612 4204 2849 4270 crescit
2887 4225 3102 4296 usque
3136 4205 3234 4273 ad
3260 4210 3646 4300 perfectam
3683 4211 3888 4282 diem.

2339 4308 2670 4378 Ambulat
2703 4310 2909 4378 etiam
2950 4311 3019 4380 in
3067 4311 3356 4393 limosiS,
3400 4323 3469 4384 et
3525 4316 3791 4400 lutosis,
3824 4324 3895 4390 in

2340 4415 2591 4509 quibus
2620 4440 2837 4508 usque
2865 4417 2954 4488 ad
2983 4418 3385 4490 umbilicum
3425 4424 3733 4516 infigitur
3767 4427 3896 4497 fre-

2340 4532 2654 4616 quenter,
2695 4526 3072 4596 secundum
3103 4526 3272 4597 illud
3319 4528 3505 4599 Psal.
3558 4554 3790 4615 uviri,
3823 4539 3890 4622 3,

2340 4654 2597 4724 supra:
2653 4633 2929 4724 Infioeus
2987 4657 3143 4702 sum
3198 4637 3272 4704 in
3333 4636 3502 4707 limo
3525 4642 3888 4732 prastmdi.

2343 4740 2651 4833 Sapient.
2696 4765 2765 4827 v,
2807 4743 2846 4809 7
2882 4763 2898 4810 ε
2941 4741 3477 4816 Ambulavimus
3518 4750 3667 4818 vias
3701 4749 3896 4843 disfi-

2337 4848 2526 4928 ciles,
2560 4848 3063 4918 adexeundum
3102 4850 3185 4920 de
3224 4852 3382 4922 illis.
3419 4854 3558 4924 Sed
3594 4857 3704 4925 via
3725 4858 3892 4947 justi

2339 4955 2649 5049 pulchra,
2678 4965 2745 5025 ct
2774 4958 3055 5042 munda,
3088 4968 3215 5028 etc.
3252 4961 3583 5032 proverb.
3619 4987 3717 5045 m,
3765 4967 3841 5034 Π
3869 4989 3886 5035 :

2354 5064 2487 5132 1⁷1·ae
2513 5064 2672 5155 ejus
2700 5065 2827 5131 viae
2856 5065 3193 5156 pulchrae,
3237 5080 3302 5137 et
3326 5070 3586 5139 semitae
3614 5072 3768 5163 ejus
3783 5097 3893 5142 se-

2338 5171 2525 5238 mitae
2547 5171 2880 5262 pacificae.

2431 5517 2465 5557 ι
2504 5493 2601 5560 Tu
2631 5491 3005 5561 mandasti.
3036 5519 3065 5556 ο
3108 5491 3239 5561 Hic
3274 5494 3653 5566 secundum
3682 5496 3885 5588 hujus

2336 5602 2573 5693 partis,
2607 5604 2835 5695 inqua
2882 5605 3023 5696 agit
3066 5604 3149 5674 de
3187 5609 3567 5679 cessatione
3605 5632 3646 5678 a
3673 5609 3877 5682 malo.

4043 5503 4107 5568 4
