5008 6329
806 275 935 343 558

1717 265 1999 332 INDEX
2048 263 2414 333 OMNIUM
2463 261 3047 331 PSALMORUM.

1331 436 1472 493 XXI.
1519 441 1683 502 Deus,
1717 436 1866 492 Deus
1895 452 2074 505 meus,
2108 435 2329 507 respice
2359 437 2420 493 iu
2455 452 2570 504 me,
2602 450 2778 507 quare
2804 451 2892 493 me
2922 431 3317 505 dereliquisti?
3376 433 3564 507 Longo

1618 544 1649 581 a
1676 527 1861 583 salute
1887 544 2013 584 mea
2041 528 2214 584 verba
2246 527 2588 585 delictorum
2623 542 2902 583 meorum.

1304 613 1471 670 XXII.
1512 615 1792 670 Dominus
1821 619 1962 687 regit
1992 631 2100 684 me,
2136 624 2189 672 et
2222 614 2366 672 nihil
2404 616 2547 671 mihi
2578 613 2762 671 deerit
2794 630 2808 669 :
2843 614 2899 671 in
2934 616 3056 670 loco
3087 627 3330 685 pascum,
3363 612 3442 691 ibi
3475 628 3567 671 me

1606 706 1922 762 collocavit.

1269 793 1471 852 XXIII.
1513 795 1743 852 Domini
1774 805 1852 851 est
1888 805 2057 863 terra,
2090 804 2144 851 et
2172 795 2468 866 plenitudo
2498 794 2621 865 ejus
2653 811 2667 850 :
2703 793 2859 850 orbis
2885 798 3189 862 terrarum,
3220 800 3270 850 et
3309 794 3559 851 universi

1605 887 1703 956 qui
1741 886 1997 941 habitant
2025 886 2082 941 in
2113 900 2200 942 ee.

1258 978 1462 1032 XXIV.
1505 975 1583 1031 Ad
1619 984 1692 1039 te,
1720 977 1983 1044 Domine,
2008 973 2185 1031 levavi
2216 974 2470 1031 unimam
2502 988 2710 1032 meam.
2733 971 2884 1029 Deus
2908 989 3088 1042 meus,
3109 975 3169 1030 in
3198 977 3255 1030 te
3286 972 3555 1031 confido:

1601 1080 1712 1119 non
1745 1063 2099 1119 erubescam.

1279 1153 1459 1213 XXV.
1499 1154 1702 1210 ludica
1743 1169 1853 1222 ine,
1885 1155 2146 1222 Domine,
2179 1156 2451 1227 quoniam
2482 1170 2587 1226 ego
2619 1156 2678 1211 in
2710 1154 3040 1211 innocentia
3083 1168 3212 1209 mea
3259 1153 3555 1224 ingressus

1589 1259 1741 1310 sum,
1771 1249 1827 1297 et.
1854 1245 1909 1298 in
1942 1244 2181 1301 Domino
2211 1260 2452 1316 sperans
2483 1260 2602 1301 non
2633 1243 2989 1300 infirmabor.

1274 1336 1458 1392 XXVI.
1500 1336 1777 1390 Dominus
1801 1334 2152 1392 illumInatio
2183 1352 2331 1404 mea,
2362 1343 2416 1392 ct
2448 1336 2602 1392 salus
2629 1351 2753 1391 mea
2787 1351 2802 1392 z
2834 1351 3003 1407 quem
3038 1332 3248 1391 timebo
3270 1333 3298 1389 ‘2

1243 1423 1459 1479 XXVII.
1501 1425 1580 1479 Ad
1637 1432 1708 1489 te,
1761 1423 2019 1491 Domine,
2080 1424 2345 1481 clamabo
2379 1441 2392 1480 :
2429 1426 2578 1482 Deus
2637 1441 2816 1494 meua,
2868 1440 2940 1480 ne
3001 1424 3174 1479 sileas
3222 1440 3255 1479 a
3305 1439 3399 1478 me
3432 1438 3446 1478 ε
3482 1437 3555 1479 ne

1594 1514 1821 1584 quando
1853 1523 2039 1570 taceas
2070 1530 2103 1571 a
2134 1531 2245 1584 me,
2278 1519 2336 1571 et.
2362 1512 2729 1571 assimilabor
2756 1512 3233 1570 descendentibus
3265 1512 3325 1568 in
3358 1512 3565 1567 lacum.

1214 1601 1453 1658 XXVIII.
1494 1602 1701 1659 Afferte
1731 1602 1994 1672 Domine,
2027 1603 2128 1659 Iilii
2168 1604 2287 1672 DeI,
2319 1603 2517 1662 afferte
2551 1604 2793 1661 Domino
2826 1603 2972 1660 [ilios
3001 1603 3266 1660 arIetum.

1266 1691 1456 1747 XXIX.
1501 1692 1774 1750 Exaltaho
1822 1701 1896 1761 te,
1950 1694 2210 1760 Domine,
2261 1694 2539 1766 quoniam
2590 1693 2889 1765 suscepisti
2942 1708 3051 1759 me,
3102 1707 3211 1748 nec
3251 1690 3553 1748 delectasti

1598 1782 1867 1839 iuimicos
1899 1798 2055 1839 meos
2089 1799 2258 1855 super
2289 1799 2401 1840 me.

1326 1876 1448 1929 XX.
1495 1872 1555 1929 In
1590 1878 1663 1940 tc,
1703 1873 1959 1940 DomIne,
1993 1874 2217 1945 speravi
2243 1890 2257 1929 τ
2283 1889 2397 1930 non
2429 1873 2756 1932 confundar
2786 1873 2847 1930 in
2878 1878 3149 1929 aeternum
3187 1887 3201 1926 :
3233 1870 3290 1926 in
3322 1869 3548 1941 justitia

1592 1972 1686 2020 tua
1719 1964 1896 2020 libera
1928 1980 2037 2021 me.

1267 2052 1447 2111 XXXI.
1493 2054 1643 2111 Beati
1697 2070 1938 2126 quorum
1995 2053 2244 2112 remissa
2286 2062 2422 2111 sunt
2477 2053 2836 2126 iniquitates»,
2875 2062 2926 2110 et
2957 2068 3203 2125 quorum
3235 2055 3388 2109 tecta
3416 2057 3551 2107 sunt

1589 2151 1844 2217 peccata.

1242 2232 1448 2291 XXXII.
1491 2233 1800 2299 Exsultato,
1829 2235 1988 2304 justi,
2023 2234 2083 2291 in
2121 2234 2360 2292 Domino
2393 2250 2407 2291 τ
2441 2242 2626 2292 rectos
2657 2233 2820 2291 decet
2850 2232 3211 2290 collaudatio.

1205 2321 1450 2379 XXXIII.
1494 2323 1830 2380 Beni-dicam
1866 2325 2171 2381 Dominum
2206 2325 2264 2381 in
2294 2322 2453 2381 omni
2486 2332 2740 2395 tempore
2769 2338 3031 2394 :semper
3060 2321 3183 2378 laus
3211 2322 3337 2393 ejus
3368 2322 3424 2377 in
3452 2336 3551 2377 oro

1585 2429 1732 2471 meo.

1198 2501 1442 2560 XXXIV.
1482 2503 1704 2573 ludica,
1740 2504 2001 2572 Domiue,
2033 2514 2308 2563 nocentes
2338 2522 2428 2564 me
2460 2524 2474 2564 z
2507 2520 2775 2578 expugna
2806 2505 3210 2576 impugnantes
3244 2518 3354 2559 me.

1243 2592 1445 2651 XXXV.
1485 2593 1637 2651 Dixit
1667 2593 1916 2665 injustus
1968 2603 2027 2650 ut
2075 2595 2375 2669 delinquat
2423 2598 2482 2655 in
2535 2597 2843 2669 semetipso
2877 2611 2892 2650 :
2921 2609 3035 2651 non
3085 2595 3177 2649 est
3226 2592 3402 2649 timor
3451 2590 3549 2648 Dei

1585 2693 1717 2740 ante
1754 2685 1952 2743 oculos
1982 2687 2126 2756 ejus.

1206 2769 1442 2828 XXXVI.
1485 2772 1611 2830 Noli
1643 2775 1898 2832 temulari
1951 2777 2008 2832 in
2061 2776 2532 2848 malignantibus,
2566 2790 2752 2848 neque
2798 2773 3069 2831 zelaveris
3115 2770 3391 2828 facientes
3435 2769 3549 2826 ini·

1591 2865 1894 2935 quitatem.

1177 2948 1441 3009 XXXVII.
1482 2950 1746 3020 Domine,
1778 2970 1849 3010 nc
1880 2954 1938 3012 in
1971 2955 2159 3013 surore
2208 2962 2305 3013 tuo
2346 2971 2554 3027 arguas
2582 2970 2694 3023 me,
2728 2968 2912 3027 neque
2939 2951 2997 3009 in
3032 2950 3116 3008 irs
3149 2957 3243 3007 tua
3270 2948 3550 3021 corrIpias

1164 3119 1171 3126 .
1585 3060 1743 3100 nie...
1776 3047 2058 3109 Quoniam
2091 3047 2335 3119 sagitte,
2359 3055 2468 3104 etc.

1147 3128 1445 3189 XXXVIII.
1487 3131 1613 3190 Dixi
1648 3150 1662 3189 :
1696 3135 2018 3192 Custodiam
2048 3136 2165 3194 vias
2196 3152 2375 3204 incar,
2409 3143 2469 3193 ut
2500 3151 2620 3194 non
2651 3135 2986 3206 delinquam
3013 3131 3075 3190 in
3106 3130 3305 3204 lingua
3335 3144 3483 3188 mea.

1190 3218 1431 3278 XXXIX.
1477 3223 1820 3294 Suspectans
1845 3228 2168 3298 exspectavi
2201 3226 2534 3295 DomInum,
2565 3235 2621 3283 ct
2653 3226 2899 3285 intendit
2930 3223 3094 3280 mihi.

1325 3311 1430 3369 XI..
1475 3317 1675 3371 Beatus
1704 3318 1801 3387 qui
1847 3317 2117 3390 intelligit
2166 3335 2342 3390 super
2386 3332 2632 3390 egenum
2682 3325 2738 3374 ct
2790 3330 3094 3389 pauperem
3132 3329 3147 3369 ε
3180 3314 3238 3369 in
3267 3312 3358 3370 die
3389 3309 3543 3367 mala

1571 3405 1833 3461 liberabit
1865 3423 1994 3463 euin
2032 3409 2334 3466 Dominus.

1295 3492 1430 3550 XLI.
1471 3499 1960 3563 Quemadmodum
1993 3499 2278 3557 desiderat
2304 3515 2508 3558 cervus
2533 3499 2603 3556 ad
2637 3498 2825 3557 sontes
2853 3512 3150 3570 aquarum,
3188 3497 3270 3553 ita
3315 3493 3539 3552 deside·

1579 3593 1659 3642 rat
1695 3589 1886 3644 anima
1920 3606 2042 3646 ntea
2072 3590 2144 3646 ad
2174 3599 2246 3662 te,
2281 3596 2445 3648 Deus.

1260 3673 1433 3731 XLII.
1473 3674 1680 3733 Judica
1728 3695 1838 3749 me,
1873 3679 2045 3747 Deus,
2069 3688 2123 3737 ct
2153 3680 2422 3739 discerne
2453 3695 2690 3739 causam
2721 3695 2907 3738 meam
2938 3677 3012 3736 de
3048 3684 3216 3751 gente
3250 3691 3365 3734 non
3397 3689 3536 3731 sau·

1575 3774 1663 3823 cta
1700 3784 1715 3822 :
1745 3768 1817 3823 al»
1851 3769 2084 3827 homine
2117 3771 2315 3843 iniquo
2344 3778 2397 3828 et
2428 3771 2628 3829 dotem
2651 3786 2788 3829 erue
2820 3786 2932 3828 me.

1229 3852 1432 3910 XLIII.
1472 3853 1647 3924 Deus,
1678 3858 1911 3914 auribus
1952 3861 2160 3917 nostris
2203 3861 2552 3934 audivimus,
2585 3869 2771 3933 patres
2822 3859 2998 3919 nostri
3046 3856 3535 3916 annuntiaverunt

1575 3945 1759 4002 nobis.

1232 4032 1425 4090 XLIV.
1469 4037 1754 4091 Eructavit
1785 4052 1881 4094 cor
1911 4054 2099 4095 meunt
2130 4039 2364 4098 verbum
2398 4039 2550 4099 bonu
2571 4057 2610 4097 n
2647 4055 2664 4098 ε
2694 4040 2824 4098 dico
2854 4055 2959 4111 ego
2987 4054 3158 4111 opera
3188 4053 3316 4094 mea
3343 4034 3485 4104 regi.

1272 4122 1432 4179 XLV.
1477 4123 1626 4181 Deus
1658 4135 1849 4183 noster
1879 4128 2187 4201 refugium,
2214 4134 2273 4187 et
2300 4129 2477 4187 virtus
2510 4145 2525 4186 z
2557 4129 2782 4203 adjutor
2811 4131 2870 4186 iu
2901 4126 3527 4197 tribulationibusque

1571 4217 1911 4274 invenerunt
1944 4235 2048 4276 nos
2076 4218 2271 4278 nimis.

1244 4302 1427 4360 XLVI.
1468 4304 1682 4364 Omnes
1710 4316 1927 4377 gentes,
1956 4308 2213 4381 plaudite
2260 4310 2528 4368 manibus
2555 4327 2570 4369 z
2593 4310 2844 4384 jubIlate
2871 4311 2988 4369 Deo
3017 4308 3079 4367 In
3109 4322 3250 4365 voce
3278 4304 3530 4364 exsulta·

1560 4397 1754 4455 tIonis.

1205 4480 1417 4541 XLVII.
1462 4484 1702 4556 Magnus
1732 4485 2013 4545 Dominus
2043 4497 2098 4546 ct
2130 4490 2435 4549 laudabilis
2483 4491 2681 4563 nimis,
2709 4492 2769 4550 Iu
2799 4490 3026 4549 civitate
3076 4488 3172 4546 Dei
3227 4485 3430 4553 nostri,
3461 4484 3521 4541 Iu

1565 4582 1759 4634 monte
1789 4586 1987 4638 saneto
2015 4581 2163 4654 ejus.

1175 4665 1430 4727 XLVIII.
1469 4668 1674 4725 Audite
1704 4668 1850 4735 baec.
1877 4686 2084 4730 omnes
2110 4678 2316 4746 gentes
2346 4689 2363 4731 ε
2393 4672 2633 4731 auribus
2661 4673 2958 4746 percipite,
2987 4686 3190 4730 omnes
3216 4669 3315 4741 qui
3354 4665 3521 4725 habi-

1563 4759 1693 4816 tatis
1722 4759 1939 4819 orbem.

1238 4844 1430 4905 XLIX.
1470 4847 1623 4904 Deus
1663 4849 1920 4921 deorum,
1975 4851 2270 4922 Dominus,
2322 4851 2549 4911 locutus
2575 4860 2666 4911 est
2696 4868 2712 4910 ε
2745 4860 2799 4913 et
2830 4852 3049 4911 vocavit
3080 4854 3292 4910 terram
3322 4862 3355 4904 a
3384 4846 3525 4905 solis

1562 4948 1687 4996 ortu
1722 4953 1903 5012 usque
1930 4941 1999 4997 ad
2031 4957 2321 5000 occasum.

1365 5026 1424 5086 L.
1467 5028 1735 5088 Miserere
1764 5033 1897 5099 mei,
1933 5036 2097 5102 Deus,
2130 5035 2445 5094 secuudum
2476 5053 2745 5111 magnam
2775 5033 3231 5095 miserIcordIam
3263 5040 3444 5091 tuam.

3903 707 4005 762 324

3898 884 4003 939 332

3894 1063 3999 1118 344

3892 1242 3997 1297 364

3894 1333 4000 1388 375

3894 1510 3999 1565 390

3897 1602 4000 1657 400

3894 1780 4001 1834 4¹2

3887 2139 3992 2195 448

3887 2230 3991 2285 460

3887 2410 3988 2465 477

3888 2499 3987 2554 494

3887 2679 3991 2733 517

3885 2857 3992 2912 529

3883 3039 3989 3092 557

3882 3128 3987 3184 577

3881 3219 3987 3273 590

3874 3581 3980 3638 623

3873 3761 3978 3817 636

3870 3942 3979 3997 642

3871 4032 3979 4086 662

3868 4211 3975 4266 678

3859 4570 3966 4626 695

3861 4749 3969 4805 706
