5008 6329
409 486 534 550 292

653 262 779 328 120

746 457 777 494 «
812 434 905 499 Et
938 436 1343 522 sacrificent.
1391 458 1423 496 n
1479 431 1604 499 Hic
1653 434 1978 520 exprimit
2028 456 2201 501 con-

653 539 960 607 fessionis
1000 552 1064 608 et
1093 541 1312 606 laudis
1362 539 1672 621 modum,
1727 562 1934 630 quem
1985 544 2202 632 tangit

654 650 722 715 in
761 650 1045 717 duobus,
1097 650 1324 714 Primo
1366 649 1550 715 enim
1599 659 1834 719 monet
1887 651 1970 718 ad
2030 675 2201 719 con-

652 756 1009 823 fessionem
1041 755 1260 820 laudis
1294 756 1360 821 in
1402 778 1541 824 ore.
1584 756 1929 838 Secunde,
1974 759 2060 826 ad
2091 760 2204 827 de-

653 865 998 930 votionem
1030 862 1099 928 in
1131 862 1471 931 laudando
1504 866 1573 931 in
1603 865 1834 951 corde,
1870 866 1993 949 ibi,
2030 894 2066 929 «
2115 868 2202 933 [Jt

655 971 1080 1039 annuntient.
1121 997 1152 1035 »

741 1079 918 1146 Dicit
949 1102 1106 1172 ergo
1152 1104 1168 1149 ε
1207 1080 1320 1150 Sic
1359 1084 1535 1162 dice,
1582 1083 1769 1174 quod
1827 1082 2201 1150 confitean-

658 1194 787 1262 tur,
826 1214 857 1248 «
893 1198 953 1254 e!
985 1214 1017 1251 n
1054 1190 1124 1255 in
1162 1189 1547 1257 confitendo
1585 1217 1619 1250 «
1658 1188 2049 1275 sacrificent
2083 1191 2205 1254 sce-'-

653 1296 988 1382 orificium
1038 1297 1294 1377 laudis,
1358 1324 1391 1359 ι»
1447 1278 1728 1363 vocalis.
1785 1294 1987 1380 Osee,
2057 1318 2197 1373 x1v,

656 1404 746 1469 3:
802 1404 1184 1472 Reddemus
1232 1404 1487 1472 vitulos
1538 1404 1886 1473 labiorum
1936 1413 2202 1472 nostro-

655 1536 833 1580 rum.
877 1513 956 1579 Et
992 1514 1058 1579 in
1089 1513 1270 1580 Psal.
1333 1537 1485 1592 cxw‘,
1528 1515 1606 1581 17
1653 1537 1667 1581 :
1728 1514 1880 1582 Tibi
1929 1512 2205 1602 sacrifi-

654 1619 817 1686 cabo
846 1620 1139 1687 hostiam
1172 1623 1427 1690 laudis.
1462 1622 1545 1691 Et
1573 1624 1761 1703 alibi,
1798 1623 1982 1692 Psal.
2019 1646 2198 1701 xux,

655 1726 739 1792 23
775 1748 788 1791 :
824 1728 1257 1816 Sacrifieimn
1293 1728 1525 1797 laudis
1553 1729 2042 1819 honorificabit
2071 1753 2197 1796 me.

656 1831 938 1923 Propter
968 1833 1097 1904 hoc
1135 1836 1296 1902 dicit
1328 1836 1608 1920 PauluS,
1652 1837 1738 1904 ad
1776 1837 1988 1904 Hebr.
2052 1860 2197 1916 xm,

661 1943 738 2009 15
784 1964 799 2009 :
866 1944 1253 2032 Offeramus
1308 1944 1605 2011 hostiam
1660 1944 1896 2012 laudis
1940 1967 2204 2036 semper

657 2052 822 2115 Doo.

747 2183 781 2218 α
817 2159 908 2223 ΕΙ
937 2160 1343 2225 annuntient
1374 2182 1581 2249 opera
1612 2158 1790 2248 ejus.
1831 2188 1864 2220 n
1900 2159 2207 2239 Quomo-

658 2264 800 2330 do?
841 2290 872 2327 α
908 2268 985 2332 ln
1035 2268 1518 2346 emanatione,
1580 2292 1615 2332 ι
1662 2267 1930 2358 supple,
1984 2268 2206 2335 cordis

658 2381 717 2436 et
761 2376 1085 2462 corporiS.
1132 2375 1311 2441 l’sal.
1358 2397 1514 2456 Lxu,
1555 2377 1594 2441 (ἶ
1630 2396 1646 2441 :
1690 2374 1931 2444 Labiis
1968 2375 2209 2443 arsul-

661 2479 940 2545 lalionis
1000 2480 1319 2548 laudabit
1375 2505 1449 2547 os
1489 2504 1740 2550 meum.
1810 2480 1981 2550 Tob.
2059 2505 2204 2561 xm,

670 2586 793 2650 ln:
845 2588 1227 2654 Bmeclicile
1291 2591 1690 2667 Dominum,
1744 2611 1976 2657 omnes
2013 2589 2210 2656 electi

657 2692 811 2780 ejus
829 2716 851 2760 .·
873 2696 1057 2783 ayite
1072 2695 1215 2761 dies
1242 2695 1594 2778 laetitioe,et
1613 2697 1929 2786 corifitem
1942 2698 2042 2763 im·
2065 2696 2204 2764 illi.

753 3059 784 3091 ιι
853 3030 991 3115 Qui
1045 3028 1454 3097 descendunt
1510 3053 1721 3098 mare.
1778 3055 1814 3096 ι
1868 3028 1998 3100 llic
2066 3039 2213 3101 ter-

665 3138 859 3220 tium,
906 3139 971 3205 in
1011 3160 1146 3229 quo
1179 3138 1404 3229 agitur
1440 3137 1523 3207 de
1560 3136 1911 3209 beneficiis
1951 3136 2212 3208 exhibi-

666 3248 750 3311 tis
789 3246 854 3313 in
898 3248 1279 3315 reversione
1332 3268 1348 3313 :
1402 3254 1468 3314 et
1516 3247 1742 3315 divide
1800 3249 1871 3315 in
1920 3257 2213 3339 quatuor

666 3356 837 3422 sicut
884 3365 945 3421 et
994 3353 1463 3445 praecedentia.
1516 3354 1777 3436 Primo,
1833 3365 2214 3447 tanguntur

669 3462 845 3530 mala
875 3473 938 3529 et
979 3464 1261 3531 adversa
1290 3466 1805 3533 revertentium.
1863 3465 2206 3544 Secundo,

666 3569 925 3638 clamor
951 3594 1072 3661 pro
1104 3569 1532 3649 liberatione,
1568 3571 1686 3651 ibi,
1728 3579 1794 3649 5.
1840 3575 1928 3641 28
1963 3596 1978 3641 :
2019 3600 2052 3638 et
2119 3576 2215 3642 Et

665 3676 1154 3747 clamaverunt.
1193 3704 1228 3744 ι
1259 3678 1517 3763 Terti0,
1549 3680 1856 3772 ipsorum
1897 3678 2213 3751 liberatio

667 3794 817 3875 post
871 3784 1265 3866 clamorem,
1336 3786 1455 3865 ibi,
1517 3787 1588 3854 in
1646 3787 1876 3857 medio
1933 3796 2001 3865 5.
2061 3791 2148 3859 28
2194 3811 2210 3858 ε

669 3919 702 3956 α
741 3894 833 3960 131
860 3893 943 3960 de
970 3893 1503 3965 necessitatibus.
1541 3920 1575 3960 n
1627 3894 1919 3981 Quarto,
1973 3896 2216 3965 invitat

669 3997 751 4065 ud
821 4000 1157 4068 actionem
1231 4000 1631 4092 gratiarum,
1698 4001 1818 4080 ibi,
1886 4009 1952 4078 5.
2027 4003 2103 4071 3¹
2193 4023 2209 4069 :

671 4135 702 4166 α
740 4106 1211 4194 Confiteantm
1236 4109 1560 4176 Domino.
1610 4133 1643 4174 n

758 4211 934 4280 Mala
1033 4224 1261 4283 autem
1383 4217 1870 4285 revertentium
1966 4219 2212 4309 tangit,

671 4327 997 4409 quantum
1027 4319 1111 4387 ad
1176 4319 1331 4389 illos
1370 4322 1489 4411 qui
1538 4320 1829 4391 navibus
1866 4344 1991 4413 per
2029 4344 2217 4392 mare

670 4424 1181 4506 ‹lescenderunt,
1278 4426 1631 4519 appellans
1722 4452 1916 4498 mare
2026 4452 2219 4500 more

673 4538 1059 4631 Scripturae,
1118 4561 1396 4608 omnem
1474 4561 1809 4632 aquarum
1864 4539 2220 4611 collectio·

671 4666 851 4712 nem.
911 4643 1144 4712 Primo
1201 4666 1366 4735 ergo
1440 4644 1661 4737 tangit
1751 4643 2217 4737 periculorum

672 4750 1140 4820 certitudinem
1204 4775 1327 4843 per
1370 4754 1891 4844 experientiam.
1952 4751 2221 4824 Secun-

673 4857 788 4937 do,
820 4858 1210 4950 qualitatem
1244 4866 1310 4926 et
1350 4859 1899 4950 magnitudinem
1939 4869 2009 4930 et
2056 4884 2223 4930 cau-

675 4988 845 5044 sam,
869 4964 1006 5047 ibi,
1041 4973 1102 5042 ὲ.
1140 4967 1228 5033 25
1262 4988 1279 5034 :
1317 4990 1353 5032 ι
1392 4967 1621 5051 Dixit,
1652 4977 1718 5036 et
1751 4970 1964 5038 stetit.
2002 4997 2037 5033 ι»

768 5071 842 5140 ln
872 5074 1090 5163 prima
1120 5072 1280 5143 duo,
1317 5073 1579 5150 Primo,
1639 5074 2007 5168 descriptio
2056 5099 2226 5168 cog·

679 5179 1105 5247 noscentium
1154 5178 1479 5269 pericula.
1530 5178 1875 5263 Secunde,
1919 5185 2224 5276 cognitio

678 5297 857 5357 certa
885 5286 1158 5356 illorum
1188 5308 1230 5355 a
1266 5286 1545 5369 talibus,
1578 5288 1700 5374 ibi,
1726 5296 1792 5367 5.
1827 5291 1915 5358 24
1949 5313 1967 5359 ε
2013 5316 2049 5358 ι
2081 5293 2231 5386 Ipsi

677 5394 1014 5463 viderunt.
1047 5421 1083 5458 n

753 5630 770 5665 ¹
803 5625 886 5684 ct.
922 5625 998 5682 111
1026 5625 1165 5699 fleg.
1194 5640 1274 5697 tx,
1302 5625 1373 5679 2⁶
1401 5628 1464 5681 et
1490 5627 1583 5693 27,
1615 5631 1675 5682 et
1701 5642 1758 5696 x,
1796 5629 1883 5697 11,
1913 5626 1987 5685 22
2009 5633 2072 5686 et
2098 5645 2226 5702 seq.

1647 262 1730 329 l).
1784 261 1984 327 ΑΕΒ.
2043 263 2253 331 MAG.

2314 266 2516 335 ORD.
2572 268 2866 336 PRAED.

2407 440 2462 503 A
2494 439 2760 505 duobus
2792 448 3016 506 autem
3048 461 3162 505 eos
3201 439 3513 506 describit
3591 460 3605 502 :
3651 461 3688 504 a
3732 435 3854 501 de-

2318 548 2669 614 scensione
2717 547 2784 613 in
2834 569 3043 628 mare,
3096 553 3160 611 et
3186 548 3573 634 operatione
3631 546 3697 610 in
3738 542 3852 609 illo

2317 661 2679 743 postquam
2720 652 3231 730 descenderunt,
3269 651 3384 733 ibi,
3439 676 3468 712 ιι
3508 651 3854 715 Facienles

2317 763 2801 850 operationem.
2843 790 2874 824 υ

2407 866 2585 933 Dicit
2632 891 2793 957 ergo
2840 892 2855 934 ε
2903 868 3015 934 Sic
3063 866 3334 934 laudent
3383 865 3452 930 in
3506 862 3852 953 Babylone

2318 994 2357 1036 a
2388 973 2662 1040 miseria
2700 972 2991 1054 liberati,
3050 984 3114 1040 et
3153 974 3352 1040 etiam
3413 972 3527 1061 qui
3573 970 3857 1036 descen-

2317 1076 2484 1144 dunt
2517 1101 2726 1157 mare,
2769 1078 2877 1146 vel
2909 1077 3348 1168 Euphratem,
3383 1079 3665 1146 fluvium
3706 1098 3858 1143 ma-

2317 1188 2578 1252 ximum
2610 1187 2694 1253 ad
2727 1186 3043 1266 litteram,
3079 1211 3213 1277 quo
3253 1187 3519 1253 venitur
3548 1187 3616 1253 in
3655 1186 3857 1252 Jeru-

2317 1293 2554 1372 salem,
2589 1295 2697 1363 vel
2745 1319 2931 1363 mare
2964 1297 3185 1385 ipsum
3245 1317 3361 1385 per
3409 1293 3590 1384 quod
3648 1291 3851 1382 aliqui

2317 1400 2597 1469 forsitan
2639 1403 3029 1471 redierunt:
3092 1404 3208 1470 sed
3265 1404 3559 1495 primum
3611 1401 3850 1489 magiS,

2319 1512 2477 1601 quia
2525 1521 2783 1579 certum
2834 1520 2936 1579 est
3013 1512 3196 1603 quod
3254 1510 3627 1602 Euphrates
3675 1512 3855 1598 jacet

2319 1621 2492 1687 inter
2521 1619 2944 1712 Babylonem
2987 1630 3053 1688 et
3081 1629 3327 1687 terram
3359 1619 3849 1709 promissionis.

2320 1725 2382 1791 ll
2411 1726 2666 1806 Esdrae,
2702 1751 2773 1810 11,
2806 1730 2843 1794 Ἰ
2891 1753 2907 1796 :
2950 1730 3032 1795 Si
3075 1729 3343 1795 videtur
3402 1730 3547 1817 reqi
3578 1727 3854 1810 bonum,

2321 1837 2646 1927 epistolas
2666 1838 2777 1905 det
2804 1838 2979 1905 milei
3004 1837 3101 1904 ad
3122 1838 3320 1903 duces
3349 1838 3642 1925 reqionis
3670 1845 3859 1902 trans

2317 1945 2609 2030 flumen,
2645 1954 2721 2012 ul
2764 1945 3131 2013 traducant
3185 1968 3291 2012 me
3336 1945 3543 2012 donec
3594 1944 3858 2011 veniam

2318 2053 2389 2117 in
2421 2052 2742 2120 ‚Iudaeam
2774 2076 2797 2119 .·
2829 2053 2940 2144 qui
2975 2062 3041 2119 et
3079 2052 3282 2120 dedit.

2408 2186 2442 2222 α
2478 2161 2851 2227 Facientes.
2899 2188 2930 2220 a
2980 2158 3190 2238 Quasi
3224 2159 3469 2228 diceret
3506 2184 3520 2227 ε
3559 2158 3688 2238 Qui
3748 2158 3863 2226 dc-

2316 2267 2648 2335 scendunt
2678 2290 2861 2334 mare
2892 2267 2961 2334 in
3001 2266 3313 2348 navibuS‚
3374 2276 3438 2335 et
3461 2276 3618 2334 sunt
3673 2295 3705 2328 α
3749 2268 3861 2355 sa-

2317 2373 2562 2439 cientes
2610 2374 3069 2463 operationem
3130 2373 3196 2439 ιή
3246 2374 3444 2463 aquis
3499 2371 3761 2438 mulliS.
3820 2397 3853 2431 »ι

2321 2481 2582 2549 Pendet
2627 2483 3039 2550 constructio
3073 2483 3137 2548 in
3186 2481 3648 2574 sequentibus.
3706 2479 3857 2558 Vel,

2325 2588 2700 2655 secundum
2749 2588 3060 2656 Glossam
3110 2596 3325 2679 potest
3370 2588 3665 2655 ordinari
3706 2610 3858 2654 cum

2322 2697 2742 2766 antecedenti
2775 2698 2993 2768 littera
3029 2722 3044 2766 :
3086 2699 3205 2765 sed
3238 2708 3396 2788 puto
3427 2698 3670 2766 melius
3720 2698 3864 2788 pri-

2319 2832 2436 2877 mo
2466 2809 2675 2877 modo
2720 2832 2737 2877 :
2773 2821 2836 2878 et
2870 2818 3028 2878 tunc
3067 2810 3372 2901 sequitur
3399 2832 3688 2900 sequens
3718 2831 3865 2877 ver·

2319 2940 2458 2985 sus.

2424 3262 2455 3298 ιι
2484 3235 2632 3327 Ipsi
2656 3236 3043 3305 viderunt.»
3089 3238 3343 3317 l'rimo,
3381 3239 3681 3326 tangitur
3706 3261 3866 3330 cog·

2323 3345 2494 3412 nitio
2538 3368 2824 3436 operum
2883 3345 3005 3414 nei
3054 3347 3459 3438 generaliter
3503 3371 3540 3416 a
3585 3349 3856 3417 talibus.

2325 3452 2669 3537 Secundo,
2702 3453 3114 3523 mirabilium
3140 3457 3207 3523 in
3238 3458 3430 3549 aquis
3459 3457 3859 3548 specialiter,

2323 3558 2441 3638 ibi,
2479 3586 2514 3625 ι
2556 3563 2652 3628 Ee
2681 3562 3062 3631 mirabilia.
3113 3592 3143 3627 ιι

2409 3668 2527 3737 Ait
2554 3670 2739 3739 enim
2780 3692 2795 3737 ε
2833 3696 2867 3735 ι
2910 3670 3057 3762 ipsi
3094 3672 3430 3754 viderunt,
3467 3701 3499 3734 ιι
3541 3682 3722 3742 certa
3752 3696 3867 3742 ex·

2323 3775 2680 3866 parientia,
2727 3805 2760 3838 n
2811 3799 3018 3868 opera
3064 3780 3373 3857 Domini,
3406 3789 3470 3846 et
3508 3779 3864 3847 mirabib‘a

2323 3882 2480 3972 ejus
2519 3884 2588 3950 ἰη
2610 3883 2993 3976 profundo,
3040 3910 3073 3950 ι
3116 3886 3184 3952 in
3227 3888 3394 3955 mari
3444 3887 3722 3970 scilicet,
3756 3886 3862 3955 vel

2325 3985 2672 4079 Euphrate
2702 3988 2901 4057 facta.

3992 3289 4115 3356 24

2416 4094 2875 4186 spiritualiter
2908 4106 3133 4167 autem
3160 4122 3345 4167 mare
3400 4108 3499 4169 est
3540 4098 3861 4168 mundus.
3892 4141 3993 4191 0„
4007 4138 4213 4187 mad·-

2328 4203 2511 4272 l‘sal.
2552 4228 2690 4286 cm,
2750 4207 2888 4276 25:
2948 4209 3095 4276 lloc
3138 4232 3326 4276 mare
3375 4233 3733 4300 maqnum,
3799 4220 3865 4277 e!

2321 4313 2707 4400 spatiosum
2746 4312 3086 4391 maenibus,
3129 4324 3257 4384 etc.
3312 4315 3566 4388 llabac.
3618 4342 3664 4396 1,
3720 4318 3799 4385 14
3843 4339 3860 4384 ε

2326 4421 2565 4490 Facies
2589 4420 2896 4490 laomim
2913 4425 3116 4514 quasi
3134 4425 3351 4516 pisces
3378 4428 3614 4495 maris.
3641 4425 3868 4495 Naves

2330 4529 2399 4595 in
2443 4526 2576 4599 hoc
2610 4531 2781 4598 mari
2838 4540 2996 4600 sunt
3041 4529 3355 4601 Ecclesiae
3413 4533 3695 4603 diversae
3750 4557 3872 4625 per

2329 4634 2664 4705 mundum
2721 4638 3146 4708 fluctuantes.
3227 4639 3385 4709 uaec
3455 4652 3555 4710 est
3638 4642 3872 4711 classis

2329 4740 2595 4821 lliram,
2630 4766 2782 4835 quae
2811 4743 3132 4817 afferebat
3172 4770 3414 4818 aurum
3445 4750 3527 4818 de
3568 4749 3865 4826 Tharsis,

2328 4857 2397 4918 et
2423 4850 2659 4919 classis
2693 4850 3085 4924 Salomonis
3109 4859 3152 4923 ¹.
3189 4858 3494 4926 Christus
3530 4859 3714 4927 enim
3759 4855 3874 4924 lli·

2330 4978 2504 5039 ram,
2536 4967 2604 5027 et
2633 4959 2774 5050 ipse
2803 4960 3160 5034 Salomon.
3202 4963 3437 5033 lliram
3472 4968 3876 5057 interpreta-

2334 5072 2444 5134 tur
2484 5068 2711 5157 srater
2753 5093 2945 5142 meus
2989 5071 3224 5140 videns
3280 5097 3305 5142 .·
3350 5082 3414 5141 et
3466 5074 3606 5164 ipse
3672 5074 3877 5142 frater

2334 5183 2565 5243 noster
2599 5198 2722 5266 per
2756 5188 3071 5248 naturam
3116 5179 3584 5259 humanitatis,
3637 5181 3875 5251 videns

2333 5282 2569 5351 omnia
2613 5305 2737 5376 per
2780 5296 3093 5355 naturam
3145 5286 3567 5357 divinitatis:
3628 5299 3689 5359 et
3735 5292 3875 5382 ipse

2335 5388 2694 5475 Salomon,
2728 5392 2797 5462 id
2836 5402 2964 5473 est,
3015 5393 3371 5487 pacificas.
3431 5394 3877 5489 Navigatores

3961 4195 4135 4295 ‘aa
