5008 6329
843 1699 957 1746 mes
985 1700 1115 1747 mala

865 1764 913 1800 et
937 1755 1076 1801 bona.

1928 227 2633 297 COMMENTARIUS
2682 227 2775 295 IN
2823 227 3260 297 PSALMUM
3309 226 3585 296 CXVII.

1172 420 1303 463 nus
1337 420 1358 463 .·
1410 424 1441 460 »
1500 398 1570 465 in
1621 422 1758 490 qua
1815 400 2073 470 scilicet
2119 401 2261 470 hmo
2318 402 2488 469 facta
2546 407 2724 475 sunt,

1172 502 1319 570 dies
1374 502 1616 573 salutis
1667 515 1734 573 et
1785 508 2047 597 gratiae,
2102 508 2130 574 I
2179 508 2348 597 lteg.
2400 530 2492 583 xi,
2580 505 2655 568 13
2705 525 2722 568 2

1172 608 1398 675 Hodie
1423 612 1594 697 fecit
1641 614 1989 680 Dominus
2030 612 2328 679 salutem
2371 612 2442 676 in
2482 609 2721 676 Israel.

1171 716 1236 784 11
1268 719 1355 785 ad
1394 718 1707 790 Corinth.
1744 746 1842 806 νι,
1873 724 1913 788 2
1963 744 1978 787 z
2025 723 2198 788 Ecce
2244 743 2425 787 mmc
2468 729 2728 809 tempus

1171 828 1620 918 acceptabile,
1667 852 1810 896 ecce
1840 851 2025 894 nunc
2071 828 2215 895 dies
2243 827 2519 895 salutis.
2575 828 2726 894 Dies

1142 935 1533 1027 refrigerii,
1579 936 1862 1004 Zachar.
1907 960 2051 1021 xw,
2096 938 2134 1003 8
2170 960 2183 1004 ε
2231 939 2322 1005 Εἰ
2360 939 2488 1004 erit
2523 938 2587 1003 in
2619 937 2727 1003 die

1170 1042 1306 1110 illa
1340 1042 1709 1110 :Exibunt
1741 1066 1941 1134 aquoe
1979 1046 2144 1112 vivae
2182 1045 2264 1112 de
2313 1045 2717 1122 Jerusalem,

1168 1174 1367 1243 aquae
1408 1152 1662 1220 scilicet
1703 1154 2104 1244 gratiarum,
2140 1156 2451 1223 ardorem
2481 1177 2724 1223 coneu-

1166 1261 1517 1352 piseentiae
1551 1262 2054 1354 refrigerantes,
2093 1266 2248 1332 Dies
2279 1266 2629 1332 suavitatis
2659 1273 2723 1331 et

1168 1368 1576 1447 dulcedinis,
1619 1370 1798 1452 Joel,
1833 1395 1933 1451 111,
1987 1374 2110 1438 18:
2173 1375 2268 1439 Et
2317 1374 2445 1439 erit
2494 1374 2563 1438 in
2617 1372 2726 1437 (lic

1169 1477 1351 1546 illa:
1399 1479 1779 1548 stillabunt
1819 1492 2080 1548 montes
2145 1479 2601 1561 dulcedinem,
2661 1490 2725 1547 et

1166 1586 1379 1654 colles
1414 1588 1640 1678 fluent
1674 1588 1782 1656 lac
1821 1589 2079 1662 etmel.

1258 1696 1660 1765 Notandum
1692 1698 1904 1777 enim,
1951 1690 2135 1789 quo’d
2165 1706 2266 1767 est
2315 1698 2458 1766 dies
2515 1697 2716 1778 mala,

1167 1804 1235 1870 in
1317 1827 1452 1895 qua
1526 1804 1739 1872 homo
1820 1807 2122 1874 nascitur
2202 1806 2288 1874 ad
2342 1815 2717 1897 peecatum,

1164 1934 1374 2002 quam
1406 1912 1567 1980 facit
1607 1911 1954 1981 diabolus:
1981 1912 2138 1982 Job.
2175 1936 2270 1992 ιιι,
2316 1915 2354 1981 3
2399 1932 2415 1981 2
2477 1916 2719 1981 Pereat

1163 2020 1309 2087 dies
1351 2022 1420 2087 in
1453 2044 1593 2111 qua
1624 2030 1832 2088 natus
1888 2044 2069 2089 sum.
2133 2021 2242 2105 Et,
2297 2020 2549 2089 Jerem.
2599 2043 2711 2097 xx,

1168 2127 1247 2193 14
1285 2151 1301 2195 ε
1349 2128 1732 2196 Maledicta
1764 2128 1910 2195 dies
1956 2129 2024 2195 in
2082 2151 2223 2219 qua
2277 2138 2480 2195 natus
2537 2151 2714 2196 sum.

1167 2234 1247 2302 Et
1333 2236 1478 2304 dies
1545 2234 1948 2327 temporalis
2011 2237 2496 2327 prosperitatis,
2570 2258 2717 2326 qnae

1169 2344 1404 2414 multis
1435 2356 1537 2416 est
1566 2369 1772 2415 causa
1800 2347 2227 2437 perditionis,
2261 2345 2513 2414 Jerem.
2551 2368 2712 2425 xvu,

1168 2452 1248 2518 16
1298 2473 1314 2519 :
1370 2454 1574 2521 Diem
1626 2453 1927 2520 hominis
1985 2476 2119 2520 non
2178 2451 2579 2530 desiderari,
2640 2461 2715 2518 tu

1155 2559 1312 2625 scis.
1354 2557 1490 2626 Sed
1532 2567 1632 2628 est
1676 2559 1821 2627 dies
1850 2569 2109 2627 naturae
2168 2582 2318 2650 quae
2368 2560 2550 2626 bona
2586 2566 2710 2637 est,

1156 2663 1239 2731 de
1272 2688 1434 2756 qua,
1470 2666 1718 2734 GeneS.
1764 2689 1809 2744 1,
1881 2668 1921 2734 5
1967 2687 1983 2733 ε
2037 2666 2567 2757 Appellavilque
2613 2666 2713 2732 lu·

1155 2795 1298 2839 cem
1342 2774 1569 2856 Diem,
1641 2784 1705 2841 et
1759 2772 2068 2841 tenebras
2114 2775 2417 2843 Noctem.
2473 2773 2556 2841 Et
2612 2782 2709 2842 est

1158 2878 1303 2946 dies
1336 2881 1598 2969 gratiae,
1665 2902 1818 2969 quae
1858 2886 1963 2948 est
1992 2878 2259 2947 melior.
2299 2878 2500 2947 Joan.
2563 2903 2705 2958 vnn,

1156 2986 1243 3050 56
1277 2983 1708 3068 Abraham,
1734 2994 1942 3076 pater
1976 2994 2212 3069 vester,
2236 2984 2611 3053 exsultarit
2637 2995 2712 3052 ut

1154 3091 1412 3159 rideret
1441 3091 1623 3159 diem
1668 3114 1924 3160 meum.
1979 3093 2061 3160 Et
2099 3101 2199 3161 est
2255 3092 2397 3161 dies
2443 3092 2701 3184 glorier,

1153 3198 1236 3265 ‹le
1286 3221 1424 3288 qua
1464 3200 1534 3266 in
1574 3197 1758 3266 Psal.
1807 3221 2089 3279 Lxxxm,
2151 3200 2220 3266 ¹¹
2265 3219 2282 3268 ε
2327 3199 2579 3267 Melior
2613 3210 2709 3266 est

1153 3308 1298 3376 dies
1330 3331 1471 3376 una
1501 3308 1574 3376 in
1608 3309 1811 3376 atriis
1837 3309 2000 3388 tuis,
2037 3316 2165 3377 etc.
2212 3307 2418 3379 Eccli.
2460 3332 2702 3387 xxxin,

1152 3422 1192 3489 Ἰ
1230 3442 1246 3489 :
1295 3422 1527 3506 Quare
1562 3418 1708 3487 dies
1758 3419 1941 3489 diem
1977 3419 2325 3512 superat?
2360 3421 2503 3488 dies
2552 3445 2709 3513 gra-

1150 3530 1266 3597 tiae
1316 3526 1502 3598 diem
1550 3537 1844 3612 naturae,
1901 3535 1967 3597 et
2023 3527 2168 3597 dies
2224 3528 2459 3620 gloriae
2528 3528 2704 3597 diem

1148 3635 1389 3727 gratiae
1411 3636 1448 3703 P
1477 3656 1517 3703 a
1546 3632 1717 3719 sole,
1742 3634 1967 3703 lucem
1989 3657 2185 3704 suam
2212 3635 2565 3717 influente,
2585 3637 2710 3705 sic-

1150 3748 1224 3809 ut
1265 3739 1435 3818 vult,
1478 3739 1563 3809 de
1613 3763 1778 3830 que,
1821 3738 2114 3809 Malach.
2167 3763 2259 3819 w,
2302 3743 2342 3808 2
2376 3763 2393 3808 z
2432 3742 2709 3810 Oris-tur

1151 3847 1342 3916 vobis
1371 3846 1773 3916 timentibus
1801 3871 2047 3917 nomen
2075 3871 2299 3917 meum
2338 3848 2470 3918 Sol
2491 3849 2708 3940 justi·

1149 3959 1287 4025 tiae.
1323 3955 1526 4037 Osee,
1567 3978 1665 4033 vi,
1708 3956 1775 4035 3,
1827 3955 1924 4024 de'
1970 3956 2187 4024 tribus
2233 3978 2250 4024 :
2325 3954 2708 4046 Vivificabit

1145 4090 1270 4136 nos
1285 4075 1450 4160 post
1474 4064 1650 4132 duos
1681 4064 1827 4132 dies
1844 4065 1963 4133 :in
1986 4064 2098 4133 die
2117 4066 2322 4134 tertia
2347 4064 2706 4134 suscitabit

1143 4201 1291 4246 nos.
1325 4175 1427 4245 De
1459 4174 1686 4244 media
1715 4172 2125 4267 intelligitur
2153 4174 2335 4265 quod
2365 4172 2476 4242 hic
2532 4174 2705 4244 dici-

1146 4293 1286 4370 tur,
1319 4290 1387 4352 et
1425 4283 1510 4352 de
1540 4283 1763 4361 tertia,
1798 4304 1953 4374 quae
1992 4281 2192 4351 nobis
2225 4283 2291 4350 in
2329 4282 2438 4351 die
2467 4292 2701 4352 sancto

1148 4391 1428 4461 l’aschae
1475 4389 1869 4460 illucescere
1917 4392 2146 4482 coepit,
2188 4398 2410 4483 potest
2450 4391 2704 4460 intelli-

1141 4503 1240 4593 gi,
1290 4523 1446 4594 qum
1487 4496 1686 4568 nobis
1736 4499 2087 4568 reducitur
2140 4507 2284 4569 tota
2338 4499 2453 4569 illa
2499 4501 2704 4594 septi·

1143 4629 1349 4676 mana
1408 4604 1495 4674 ad
1535 4604 1947 4675 memoriam
1987 4614 2052 4674 et
2092 4605 2178 4673 ad
2218 4607 2697 4687 imitationem,

1144 4723 1218 4783 ut
1266 4711 1859 4807 quemadmodum
1933 4711 2248 4783 Christus
2302 4719 2696 4797 resurrexit,

1144 4833 1211 4893 et
1257 4844 1387 4891 nos
1438 4841 1903 4911 resurgamus.
1962 4820 2067 4888 Ad
2114 4820 2407 4891 Roman.
2458 4845 2556 4908 vt,
2602 4824 2693 4894 4:

1151 4933 1241 5001 Ut
1295 4927 1641 5023 quomodo
1692 4928 2011 5022 Christus
2055 4931 2359 4997 surrexit
2412 4955 2455 4998 a
2515 4955 2700 5000 mor-

1146 5039 1311 5122 tuis,
1362 5037 1460 5106 ita
1509 5044 1576 5103 et
1621 5056 1745 5102 nos
1772 5034 1843 5100 in
1873 5036 2177 5102 novitate
2206 5037 2358 5105 vita·
2387 5038 2697 5108 ambule-

1147 5170 1326 5215 mus.
1368 5143 1475 5213 Ad
1508 5141 1775 5212 ColosS.
1811 5163 1912 5226 ιιι,
1953 5142 1978 5208 1
2021 5165 2037 5210 :
2072 5143 2156 5212 Si
2181 5149 2700 5217 consum-aristis¹

1145 5278 1302 5326 cum
1337 5253 1636 5336 Christo,
1687 5272 1844 5342 quae
1867 5272 2144 5318 sursum
2191 5262 2356 5321 sunt
2390 5257 2696 5346 quaerite,

1148 5364 1233 5433 ad
1264 5361 1642 5456 gratiarum
1690 5357 2032 5427 actionem
2083 5358 2165 5428 de
2215 5367 2403 5430 tanto
2439 5361 2698 5434 benefi-

1148 5474 1281 5544 cio.
1330 5467 1440 5538 Ad
1491 5463 1748 5557 Philip.
1807 5488 1901 5549 tv,
1962 5468 2003 5534 6
2057 5489 2075 5536 ε
2142 5467 2226 5536 In
2283 5471 2475 5539 omni
2540 5495 2702 5541 ora-

1151 5585 1337 5656 tione
1405 5587 1471 5647 et
1539 5573 2004 5645 obsecratione
2069 5598 2223 5646 cum
2304 5580 2700 5671 gratiarum

2838 398 3100 464 actione
3145 420 3374 487 preces
3441 407 3672 465 vestrae
3712 398 4133 464 innotescant
4190 398 4390 487 apud

2830 507 3081 571 Deum.

2926 747 2956 780 «
2990 720 3470 787 Exsultemus.
3508 746 3539 783 n
3574 719 3745 787 Ecce
3777 720 4176 788 secundum.
4205 718 4382 799 Quia

2833 834 3015 894 tanta
3046 835 3147 894 est
3177 827 3345 907 dies',
3371 850 3534 917 ergo
3558 854 3590 893 α
3615 827 4060 906 exsultemus,
4101 857 4132 888 »ι
4159 837 4376 906 extra,

2834 957 2865 995 (ι
2928 942 2991 999 et
3044 932 3377 1011 laetemur,
3418 956 3450 996 ιο
3504 931 3705 1008 intra,
3768 962 3797 991 α
3848 935 3920 999 in
3976 957 4079 1001 ea.
4151 961 4183 994 »
4244 931 4383 999 So-

2830 1039 3040 1128 phon.
3080 1063 3175 1116 ιιι,
3214 1040 3295 1106 14
3333 1063 3347 1107 :
3380 1043 3668 1122 Laetare,
3702 1049 3764 1107 et
3802 1040 4078 1107 exsulta
4126 1042 4195 1107 in
4239 1062 4382 1105 om·

2830 1148 2903 1212 ui
2940 1148 3161 1231 corde,
3193 1148 3354 1236 filia
3381 1149 3791 1217 Jerusalem.
3841 1149 3971 1217 Isa.
4017 1172 4174 1228 va,
4232 1150 4313 1216 18
4360 1172 4375 1216 z

2834 1257 3237 1325 Gaudebitis
3275 1268 3338 1325 et
3366 1259 3810 1327 exsultabitis
3841 1261 4156 1349 usquein
4198 1282 4381 1326 sem-

2822 1365 3196 1452 piternum,
3234 1367 3302 1432 in
3333 1366 3441 1434 his
3479 1389 3630 1456 quse
3674 1390 3793 1456 eqo
3833 1389 4007 1435 crea.
4062 1365 4378 1433 Exsulte·

2828 1493 2981 1538 mus
3038 1496 3201 1563 ergo
3249 1482 3317 1541 et
3368 1475 3698 1554 laetemur,
3765 1476 3925 1565 quia
3984 1473 4374 1556 illuminati,

2828 1580 2943 1669 qui
2984 1581 3172 1670 prius
3220 1603 3492 1649 eramus
3530 1585 3711 1664 caeei,
3772 1583 3903 1651 lsa.
3960 1606 4053 1660 xx,
4089 1585 4128 1649 2
4177 1605 4191 1649 :
4237 1585 4381 1650 Ha-

2830 1687 3209 1756 bitantibus
3249 1692 3319 1756 in
3351 1693 3626 1781 reqione
3654 1692 3915 1759 umbrae
3943 1693 4209 1769 mortis,
4249 1689 4377 1757 lua:

2827 1806 2977 1862 orta
3024 1807 3121 1865 est
3172 1800 3289 1864 eis.
3354 1798 3531 1878 Quia
3595 1799 3885 1877 liberati,
3940 1800 4053 1890 qui
4106 1820 4377 1866 eramus

2826 1904 3028 1981 servi,
3060 1904 3263 1974 Joan.
3297 1929 3443 1983 vm,
3496 1907 3581 1973 36
3612 1927 3629 1976 ε
3670 1908 3753 1975 Si
3790 1905 4022 1973 Filius
4058 1930 4173 1973 vos
4205 1903 4382 1972 libe-

2826 2012 3030 2087 ravit,
3087 2035 3237 2080 cere
3294 2012 3499 2080 liberi
3541 2015 3753 2081 eritis.
3805 2011 3984 2092 Quia
4013 2011 4372 2102 redempti,

2824 2122 2939 2209 qui
2980 2143 3251 2188 eramus
3290 2123 3567 2211 captivi,
3610 2120 3634 2186 l
3673 2120 3851 2188 l'etr.
3898 2145 3944 2198 ι,
4014 2122 4093 2188 18
4134 2127 4199 2186 et
4239 2122 4314 2187 19
4350 2142 4367 2187 :

2821 2229 3185 2320 Itedernpti
3209 2230 3369 2297 estis
3397 2229 3483 2295 de
3524 2252 3705 2297 vana
3753 2239 3974 2296 vestra
4026 2249 4375 2294 conversa·

2823 2337 3116 2412 tione,...
3173 2336 3473 2426 pretioso
3547 2337 3888 2424 sanquine
3937 2335 4143 2425 quasi
4205 2334 4376 2423 aqni

2823 2444 3259 2511 immaculati
3300 2444 3588 2528 Christi,
3620 2453 3684 2510 et
3714 2443 4267 2510 incontaminati.

2911 2787 2944 2828 ι
3000 2762 3059 2830 0
3111 2762 3431 2843 Domine,
3481 2761 3751 2830 salvum
3810 2787 3919 2831 me
3961 2765 4104 2854 sac.
4152 2788 4185 2829 ι
4243 2763 4369 2833 llic

2816 2870 3190 2939 secundum
3240 2873 3453 2939 totius
3508 2870 3712 2959 hujus
3778 2872 4091 2940 secundm
4155 2874 4368 2963 partis

2816 2979 3098 3059 Psalmi,
3151 2980 3222 3047 in
3265 3002 3403 3070 quo
3452 2989 3817 3072 postquam
3867 2984 4062 3074 petiit
4099 2983 4369 3073 ingres-

2814 3110 2994 3172 sum,
3046 3094 3113 3156 et
3158 3089 3486 3157 unionem
3527 3088 3600 3155 in
3649 3088 3780 3157 tide
3808 3112 3965 3158 cum
3997 3090 4367 3182 primitivis

2816 3198 2898 3267 de
2929 3197 3254 3277 Ecclesia,
3289 3206 3356 3268 et
3393 3198 3716 3279 obtinuit,
3751 3199 4062 3292 adjungit
4102 3210 4171 3270 et
4197 3203 4371 3292 petit

2815 3309 3089 3379 finalem
3131 3312 3198 3378 in
3244 3308 3352 3379 his
3399 3309 3601 3379 bonis
3639 3314 4244 3404 perseverantiam,
4289 3321 4367 3380 ut

2815 3420 2884 3487 in
2932 3419 3074 3509 ipsa
3116 3419 3324 3486 etiam
3375 3417 3841 3505 tribulatione,
3893 3443 4034 3489 non
4065 3429 4286 3489 cesset
4322 3441 4364 3487 a

2814 3527 3011 3597 laude
3057 3536 3175 3597 :et
3202 3527 3525 3597 dicuntur
3554 3529 3707 3597 tria.
3761 3528 4023 3608 Primo,
4074 3530 4245 3620 petit
4291 3536 4368 3596 ut

2814 3636 3010 3704 detur
3048 3637 3109 3704 ei
3155 3632 3341 3703 salus
3391 3644 3463 3704 et
3488 3635 3921 3705 confirmatio
3961 3638 4032 3704 in
4071 3633 4366 3705 tribula-

2814 3747 3023 3814 tione.
3098 3743 3445 3830 Secundo,
3504 3744 3747 3813 asserit
3809 3766 3884 3813 se
3932 3742 4362 3837 exauditum,

2815 3852 2933 3932 ibi,
3001 3860 3068 3929 ὴ.
3117 3854 3203 3919 26
3256 3873 3274 3919 :
3331 3877 3365 3917 ι
3410 3851 3818 3920 Benedictus
3883 3852 4009 3943 qui
4062 3853 4269 3922 venit.
4329 3876 4362 3917 ι

2810 3960 3067 4043 Terti0,
3125 3957 3362 4026 laudes
3427 3956 3635 4026 solvit
3697 3980 3822 4049 pro
3881 3959 4366 4051 impetratione

2813 4068 3028 4159 petiti,
3070 4065 3191 4147 ibi,
3225 4067 3294 4134 in
3326 4064 3555 4134 medio
3594 4073 3659 4142 ὴ.
3694 4067 3780 4134 27
3816 4088 3833 4135 ε
3872 4092 3906 4132 ι
3955 4066 4368 4136 Constituite

2811 4175 3019 4244 diem.
3066 4203 3100 4239 »ι

2899 4283 2978 4351 ln
3024 4285 3245 4374 prima
3292 4283 3456 4354 duo.
3504 4281 3763 4364 Primo,
3810 4285 3976 4376 petit
4023 4282 4275 4352 salvari
4324 4306 4366 4352 a

2811 4391 3018 4460 malo.
3058 4390 3404 4475 Secundo,
3441 4393 3824 4482 prosperari
3867 4393 3936 4460 in
3966 4392 4180 4474 bono,
4240 4391 4363 4474 ibi,

2814 4527 2848 4567 ι
2886 4501 2946 4570 Ο
2979 4500 3292 4581 Domine,
3333 4498 3498 4569 bene
3518 4522 3950 4591 prosperare.
3981 4527 4014 4565 n

2900 4607 3079 4677 Dicit
3132 4630 3298 4701 ergo
3362 4631 3379 4677 ε
3433 4605 3550 4677 Sic
3603 4609 3783 4677 uniri
3842 4608 3996 4677 aliis
4048 4608 4242 4701 petii,
4297 4615 4366 4677 et

2809 4715 3102 4797 obtinui,
3160 4717 3322 4807 quia
3390 4716 3598 4784 etiam
3674 4715 3819 4784 dies
3878 4715 4118 4785 salutis
4174 4725 4362 4797 sunt,

2810 4822 3013 4892 dico:
3063 4851 3097 4886 α
3150 4823 3211 4891 Ο
3261 4823 3586 4902 Domine,
3622 4846 3655 4887 ι
3711 4823 3828 4914 qui
3873 4824 4111 4892 omnia
4136 4831 4361 4916 potes,

2814 4956 2847 4997 ι
2887 4931 3162 4999 salvum
3193 4952 3302 4998 me
3325 4931 3471 5020 lac,
3507 4954 3543 4996 a
3576 4951 3618 4997 a
3644 4931 3939 5023 peccatis
3988 4931 4162 5000 meis
4207 4955 4369 5001 om-

2812 5039 3038 5119 nibus,
3086 5036 3172 5106 ab
3202 5035 3527 5106 omnibus
3573 5036 3802 5106 saeculi
3842 5036 4049 5128 hujus
4097 5046 4369 5132 tempe-

2812 5146 3025 5216 stuosi
3085 5144 3416 5215 cladibus.
3482 5143 3599 5214 Sic
3674 5144 4014 5216 clamabat
4088 5146 4362 5229 Petrus,

2815 5253 3056 5325 Matth.
3123 5277 3268 5336 xxv,
3329 5255 3414 5325 30
3477 5276 3494 5322 :
3552 5253 3870 5336 Domine,
3918 5259 4196 5328 salvum
4260 5280 4372 5328 me

2809 5367 2955 5456 sac.
2999 5361 3114 5432 Sic
3159 5362 3276 5432 alii
3319 5361 3661 5455 discipuli,
3711 5363 3954 5435 Matth.
3997 5388 4145 5450 vm,
4213 5368 4300 5436 25
4345 5390 4363 5438 :

2812 5472 3131 5551 Domine,
3178 5471 3381 5541 salva
3436 5494 3586 5552 nos,
3641 5475 3980 5566 perimus.
4030 5473 4119 5544 Et
4154 5497 4365 5544 causa

2812 5580 3085 5651 additur
3113 5581 3183 5649 iu
3220 5579 3406 5650 Psal.
3439 5603 3669 5665 uvm,
3710 5584 3778 5668 2,
3827 5584 4187 5656 inundatio
4239 5581 4370 5655 sci-

4263 230 4391 295 232⁸
4504 275 4508 280 .

4497 2802 4627 2864 25
